{"ticker": "WPC", "price": {"title": "W.P Carey Historical Annual Stock Price Data", "value": 67.86, "historical": {"2021": {"Average Stock Price": "67.2642", "Year Open": "68.0000", "Year High": "68.5100", "Year Low": "66.3200", "Year Close": "67.8600", "Annual % Change": "-3.85%"}, "2020": {"Average Stock Price": "69.4227", "Year Open": "79.0100", "Year High": "88.2700", "Year Low": "43.8600", "Year Close": "70.5800", "Annual % Change": "-11.82%"}, "2019": {"Average Stock Price": "81.8423", "Year Open": "64.1400", "Year High": "93.4500", "Year Low": "64.1400", "Year Close": "80.0400", "Annual % Change": "22.50%"}, "2018": {"Average Stock Price": "64.9423", "Year Open": "68.3800", "Year High": "70.5800", "Year Low": "59.2400", "Year Close": "65.3400", "Annual % Change": "-5.17%"}, "2017": {"Average Stock Price": "66.0833", "Year Open": "60.0500", "Year High": "72.3200", "Year Low": "59.6400", "Year Close": "68.9000", "Annual % Change": "16.60%"}, "2016": {"Average Stock Price": "62.5494", "Year Open": "58.9600", "Year High": "72.8700", "Year Low": "51.8700", "Year Close": "59.0900", "Annual % Change": "0.15%"}, "2015": {"Average Stock Price": "63.5820", "Year Open": "70.7600", "Year High": "73.5800", "Year Low": "56.2300", "Year Close": "59.0000", "Annual % Change": "-15.83%"}, "2014": {"Average Stock Price": "64.6033", "Year Open": "60.8200", "Year High": "72.8400", "Year Low": "57.8700", "Year Close": "70.1000", "Annual % Change": "14.26%"}, "2013": {"Average Stock Price": "64.9933", "Year Open": "52.6200", "Year High": "78.5800", "Year Low": "51.8900", "Year Close": "61.3500", "Annual % Change": "17.64%"}, "2012": {"Average Stock Price": "46.7553", "Year Open": "41.6500", "Year High": "54.7000", "Year Low": "41.6500", "Year Close": "52.1500", "Annual % Change": "27.38%"}, "2011": {"Average Stock Price": "37.1518", "Year Open": "30.9800", "Year High": "44.3400", "Year Low": "29.8500", "Year Close": "40.9400", "Annual % Change": "30.84%"}, "2010": {"Average Stock Price": "28.9381", "Year Open": "27.7000", "Year High": "31.9600", "Year Low": "25.0000", "Year Close": "31.2900", "Annual % Change": "13.04%"}, "2009": {"Average Stock Price": "25.2521", "Year Open": "23.3900", "Year High": "30.2700", "Year Low": "17.0000", "Year Close": "27.6800", "Annual % Change": "18.14%"}, "2008": {"Average Stock Price": "28.2108", "Year Open": "32.8200", "Year High": "34.0000", "Year Low": "18.4500", "Year Close": "23.4300", "Annual % Change": "-29.43%"}, "2007": {"Average Stock Price": "32.6183", "Year Open": "30.4600", "Year High": "36.4300", "Year Low": "29.6200", "Year Close": "33.2000", "Annual % Change": "10.41%"}, "2006": {"Average Stock Price": "27.1433", "Year Open": "25.7400", "Year High": "30.8200", "Year Low": "24.2000", "Year Close": "30.0700", "Annual % Change": "18.57%"}, "2005": {"Average Stock Price": "28.8377", "Year Open": "35.0100", "Year High": "35.5200", "Year Low": "23.9500", "Year Close": "25.3600", "Annual % Change": "-27.87%"}, "2004": {"Average Stock Price": "30.3073", "Year Open": "30.2500", "Year High": "35.5200", "Year Low": "25.5000", "Year Close": "35.1600", "Annual % Change": "15.20%"}, "2003": {"Average Stock Price": "29.1012", "Year Open": "24.8400", "Year High": "33.1400", "Year Low": "24.4500", "Year Close": "30.5200", "Annual % Change": "23.31%"}, "2002": {"Average Stock Price": "23.5701", "Year Open": "22.9000", "Year High": "25.9000", "Year Low": "21.2800", "Year Close": "24.7500", "Annual % Change": "6.68%"}, "2001": {"Average Stock Price": "20.6215", "Year Open": "18.2600", "Year High": "23.6000", "Year Low": "18.2600", "Year Close": "23.2000", "Annual % Change": "28.18%"}, "2000": {"Average Stock Price": "17.1047", "Year Open": "16.5000", "Year High": "18.3100", "Year Low": "15.8800", "Year Close": "18.1000", "Annual % Change": "7.23%"}, "1999": {"Average Stock Price": "17.5285", "Year Open": "19.3100", "Year High": "20.0000", "Year Low": "15.7500", "Year Close": "16.8800", "Annual % Change": "-14.27%"}}}, "market cap": {"value": "$11.9B"}, "income statement": {"Revenue": {"2019-12-31": "1232.76600", "2018-12-31": "885.73200", "2017-12-31": "848.30200", "2016-12-31": "941.53300", "2015-12-31": "938.38300", "2014-12-31": "908.44600", "2013-12-31": "489.85100", "2012-12-31": "352.36100", "2011-12-31": "309.71100", "2010-12-31": "260.64500", "2009-12-31": "228.38100", "2008-12-31": "234.70000", "2007-12-31": "257.95600", "2006-12-31": "267.48700", "2005-12-31": "163.24000"}, "Cost Of Goods Sold": {"2019-12-31": "149.68300", "2018-12-31": "92.92400", "2017-12-31": "113.72500", "2016-12-31": "141.30200", "2015-12-31": "130.86800", "2014-12-31": "192.79900", "2013-12-31": "94.96800", "2012-12-31": "110.26800", "2011-12-31": "74.15900", "2010-12-31": "76.15300", "2009-12-31": "61.54100", "2008-12-31": "55.79200", "2007-12-31": "27.38000", "2006-12-31": "75.49500", "2005-12-31": "22.44400"}, "Gross Profit": {"2019-12-31": "1083.08300", "2018-12-31": "792.80800", "2017-12-31": "734.57700", "2016-12-31": "800.23100", "2015-12-31": "807.51500", "2014-12-31": "715.64700", "2013-12-31": "394.88300", "2012-12-31": "242.09300", "2011-12-31": "235.55200", "2010-12-31": "184.49200", "2009-12-31": "166.84000", "2008-12-31": "178.90800", "2007-12-31": "230.57600", "2006-12-31": "191.99200", "2005-12-31": "140.79600"}, "Research And Development Expenses": {"2019-12-31": "", "2018-12-31": "", "2017-12-31": "", "2016-12-31": "", "2015-12-31": "", "2014-12-31": "", "2013-12-31": "", "2012-12-31": "", "2011-12-31": "", "2010-12-31": "", "2009-12-31": "", "2008-12-31": "", "2007-12-31": "", "2006-12-31": "", "2005-12-31": ""}, "SG&A Expenses": {"2019-12-31": "94.08000", "2018-12-31": "86.63100", "2017-12-31": "89.80800", "2016-12-31": "100.36700", "2015-12-31": "124.79800", "2014-12-31": "122.66300", "2013-12-31": "104.25800", "2012-12-31": "94.90600", "2011-12-31": "93.60000", "2010-12-31": "73.42700", "2009-12-31": "63.81800", "2008-12-31": "62.66900", "2007-12-31": "61.84600", "2006-12-31": "41.37600", "2005-12-31": "44.98100"}, "Other Operating Income Or Expenses": {"2019-12-31": "-40.21900", "2018-12-31": "-55.45600", "2017-12-31": "-23.51800", "2016-12-31": "-91.62900", "2015-12-31": "-44.84800", "2014-12-31": "-50.32800", "2013-12-31": "-22.42800", "2012-12-31": "-18.25100", "2011-12-31": "1.36500", "2010-12-31": "-1.14000", "2009-12-31": "-3.51600", "2008-12-31": "-0.47300", "2007-12-31": "-30.39900", "2006-12-31": "-1.14700", "2005-12-31": "-5.70400"}, "Operating Expenses": {"2019-12-31": "731.11700", "2018-12-31": "526.45100", "2017-12-31": "489.74800", "2016-12-31": "621.73300", "2015-12-31": "580.82900", "2014-12-31": "637.37800", "2013-12-31": "352.70600", "2012-12-31": "299.49100", "2011-12-31": "186.90800", "2010-12-31": "169.02900", "2009-12-31": "149.75400", "2008-12-31": "142.01600", "2007-12-31": "143.87200", "2006-12-31": "143.15500", "2005-12-31": "93.18000"}, "Operating Income": {"2019-12-31": "501.64900", "2018-12-31": "359.28100", "2017-12-31": "358.55400", "2016-12-31": "319.80000", "2015-12-31": "357.55400", "2014-12-31": "271.06800", "2013-12-31": "137.14500", "2012-12-31": "52.87000", "2011-12-31": "122.80300", "2010-12-31": "91.61600", "2009-12-31": "78.62700", "2008-12-31": "92.68400", "2007-12-31": "114.08400", "2006-12-31": "124.33200", "2005-12-31": "70.06000"}, "Total Non-Operating Income/Expense": {"2019-12-31": "-168.89400", "2018-12-31": "79.47100", "2017-12-31": "-70.76000", "2016-12-31": "-41.70500", "2015-12-31": "-141.19300", "2014-12-31": "-42.28900", "2013-12-31": "-41.57600", "2012-12-31": "39.07700", "2011-12-31": "67.45200", "2010-12-31": "18.03300", "2009-12-31": "8.03300", "2008-12-31": "1.03000", "2007-12-31": "8.04700", "2006-12-31": "6.59100", "2005-12-31": "-5.98400"}, "Pre-Tax Income": {"2019-12-31": "332.75500", "2018-12-31": "438.75200", "2017-12-31": "287.79400", "2016-12-31": "278.09500", "2015-12-31": "216.36100", "2014-12-31": "228.77900", "2013-12-31": "95.56900", "2012-12-31": "91.94700", "2011-12-31": "190.25500", "2010-12-31": "109.64900", "2009-12-31": "86.66000", "2008-12-31": "93.71400", "2007-12-31": "122.13100", "2006-12-31": "130.92300", "2005-12-31": "64.07600"}, "Income Taxes": {"2019-12-31": "26.21100", "2018-12-31": "14.41100", "2017-12-31": "2.71100", "2016-12-31": "3.28800", "2015-12-31": "37.62100", "2014-12-31": "17.60900", "2013-12-31": "1.25200", "2012-12-31": "6.77200", "2011-12-31": "37.21400", "2010-12-31": "25.81400", "2009-12-31": "22.79300", "2008-12-31": "23.52100", "2007-12-31": "51.73900", "2006-12-31": "45.35600", "2005-12-31": "19.20800"}, "Income After Taxes": {"2019-12-31": "306.54400", "2018-12-31": "424.34100", "2017-12-31": "285.08300", "2016-12-31": "274.80700", "2015-12-31": "178.74000", "2014-12-31": "211.17000", "2013-12-31": "94.31700", "2012-12-31": "85.17500", "2011-12-31": "153.04100", "2010-12-31": "83.83500", "2009-12-31": "63.86700", "2008-12-31": "70.19300", "2007-12-31": "70.39200", "2006-12-31": "85.56700", "2005-12-31": "44.86800"}, "Other Income": {"2019-12-31": "", "2018-12-31": "", "2017-12-31": "", "2016-12-31": "", "2015-12-31": "", "2014-12-31": "", "2013-12-31": "", "2012-12-31": "", "2011-12-31": "", "2010-12-31": "", "2009-12-31": "", "2008-12-31": "", "2007-12-31": "", "2006-12-31": "", "2005-12-31": ""}, "Income From Continuous Operations": {"2019-12-31": "306.54400", "2018-12-31": "424.34100", "2017-12-31": "285.08300", "2016-12-31": "274.80700", "2015-12-31": "178.74000", "2014-12-31": "211.17000", "2013-12-31": "94.31700", "2012-12-31": "85.17500", "2011-12-31": "153.04100", "2010-12-31": "83.83500", "2009-12-31": "63.86700", "2008-12-31": "70.19300", "2007-12-31": "70.39200", "2006-12-31": "85.56700", "2005-12-31": "44.86800"}, "Income From Discontinued Operations": {"2019-12-31": "", "2018-12-31": "", "2017-12-31": "", "2016-12-31": "", "2015-12-31": "6.48700", "2014-12-31": "34.89900", "2013-12-31": "37.84800", "2012-12-31": "-22.39600", "2011-12-31": "-13.90300", "2010-12-31": "-8.88400", "2009-12-31": "6.70100", "2008-12-31": "8.41200", "2007-12-31": "18.39700", "2006-12-31": "0.73600", "2005-12-31": "3.73600"}, "Net Income": {"2019-12-31": "305.24300", "2018-12-31": "411.56600", "2017-12-31": "277.28900", "2016-12-31": "267.74700", "2015-12-31": "172.25800", "2014-12-31": "239.82600", "2013-12-31": "98.87600", "2012-12-31": "62.13200", "2011-12-31": "136.94900", "2010-12-31": "73.53200", "2009-12-31": "69.02300", "2008-12-31": "78.04700", "2007-12-31": "79.25200", "2006-12-31": "86.30300", "2005-12-31": "48.60400"}, "EBITDA": {"2019-12-31": "1046.55700", "2018-12-31": "708.57900", "2017-12-31": "675.02000", "2016-12-31": "602.81490", "2015-12-31": "674.80300", "2014-12-31": "518.83100", "2013-12-31": "268.02500", "2012-12-31": "98.54800", "2011-12-31": "146.12800", "2010-12-31": "116.05900", "2009-12-31": "103.10300", "2008-12-31": "119.88100", "2007-12-31": "141.40500", "2006-12-31": "151.53900", "2005-12-31": "92.00200"}, "EBIT": {"2019-12-31": "501.64900", "2018-12-31": "359.28100", "2017-12-31": "358.55400", "2016-12-31": "319.80000", "2015-12-31": "357.55400", "2014-12-31": "271.06800", "2013-12-31": "137.14500", "2012-12-31": "52.87000", "2011-12-31": "122.80300", "2010-12-31": "91.61600", "2009-12-31": "78.62700", "2008-12-31": "92.68400", "2007-12-31": "114.08400", "2006-12-31": "124.33200", "2005-12-31": "70.06000"}, "Basic Shares Outstanding": {"2019-12-31": "171.00100", "2018-12-31": "117.49500", "2017-12-31": "107.82500", "2016-12-31": "106.74300", "2015-12-31": "105.67600", "2014-12-31": "98.76400", "2013-12-31": "68.69100", "2012-12-31": "47.38900", "2011-12-31": "39.81900", "2010-12-31": "39.51500", "2009-12-31": "39.02000", "2008-12-31": "39.20300", "2007-12-31": "38.11400", "2006-12-31": "37.66900", "2005-12-31": "37.68900"}, "Shares Outstanding": {"2019-12-31": "171.29900", "2018-12-31": "117.70600", "2017-12-31": "108.03600", "2016-12-31": "107.07300", "2015-12-31": "106.50800", "2014-12-31": "99.82700", "2013-12-31": "69.70800", "2012-12-31": "48.07800", "2011-12-31": "40.09800", "2010-12-31": "40.00800", "2009-12-31": "39.71300", "2008-12-31": "40.22100", "2007-12-31": "39.86800", "2006-12-31": "39.09400", "2005-12-31": "39.02100"}, "Basic EPS": {"2019-12-31": "1.78000", "2018-12-31": "3.50000", "2017-12-31": "2.56000", "2016-12-31": "2.50000", "2015-12-31": "1.62000", "2014-12-31": "2.42000", "2013-12-31": "1.43000", "2012-12-31": "1.30000", "2011-12-31": "3.44000", "2010-12-31": "1.86000", "2009-12-31": "1.74000", "2008-12-31": "1.98000", "2007-12-31": "2.08000", "2006-12-31": "2.29000", "2005-12-31": "1.29000"}, "EPS - Earnings Per Share": {"2019-12-31": "1.78000", "2018-12-31": "3.49000", "2017-12-31": "2.56000", "2016-12-31": "2.49000", "2015-12-31": "1.61000", "2014-12-31": "2.39000", "2013-12-31": "1.41000", "2012-12-31": "1.28000", "2011-12-31": "3.42000", "2010-12-31": "1.86000", "2009-12-31": "1.74000", "2008-12-31": "1.95000", "2007-12-31": "2.05000", "2006-12-31": "2.22000", "2005-12-31": "1.25000"}}, "income statement, quarterly": {"Revenue": {"2020-09-30": "302.41900", "2020-06-30": "290.53000", "2020-03-31": "308.99900", "2019-12-31": "311.22700", "2019-09-30": "318.00500", "2019-06-30": "305.21100", "2019-03-31": "298.32300", "2018-12-31": "273.39500", "2018-09-30": "209.38400", "2018-06-30": "201.14300", "2018-03-31": "201.81000", "2017-12-31": "196.96100", "2017-09-30": "210.75400", "2017-06-30": "221.52800", "2017-03-31": "219.05900", "2016-12-31": "228.78000", "2016-09-30": "225.24700", "2016-06-30": "217.26600", "2016-03-31": "270.24000", "2015-12-31": "265.25000", "2015-09-30": "214.66600", "2015-06-30": "238.07900", "2015-03-31": "220.38800", "2014-12-31": "248.83100", "2014-09-30": "197.00600", "2014-06-30": "253.41400", "2014-03-31": "209.19500", "2013-12-31": "139.00700", "2013-09-30": "132.59200", "2013-06-30": "112.22100", "2013-03-31": "106.03100", "2012-12-31": "147.67000", "2012-09-30": "69.27800", "2012-06-30": "67.09900", "2012-03-31": "68.31400", "2011-12-31": "40.35800", "2011-09-30": "76.65800", "2011-06-30": "116.77600", "2011-03-31": "75.91900", "2010-12-31": "70.27800", "2010-09-30": "58.10100", "2010-06-30": "70.00100", "2010-03-31": "62.26500", "2009-12-31": "55.48000", "2009-09-30": "59.18400", "2009-06-30": "53.23500", "2009-03-31": "60.48200", "2008-12-31": "52.58500", "2008-09-30": "66.49300", "2008-06-30": "58.37700", "2008-03-31": "57.24500", "2007-12-31": "49.65800", "2007-09-30": "54.57700", "2007-06-30": "109.04000", "2007-03-31": "44.68100", "2006-12-31": "109.91800", "2006-09-30": "52.26500", "2006-06-30": "57.54200", "2006-03-31": "47.76200", "2005-12-31": "32.53700", "2005-09-30": "41.44800", "2005-06-30": "43.94800", "2005-03-31": "45.30700"}, "Cost Of Goods Sold": {"2020-09-30": "30.52100", "2020-06-30": "29.24600", "2020-03-31": "32.50300", "2019-12-31": "34.29000", "2019-09-30": "39.32100", "2019-06-30": "38.52700", "2019-03-31": "37.54500", "2018-12-31": "37.02000", "2018-09-30": "19.97400", "2018-06-30": "20.17800", "2018-03-31": "15.75200", "2017-12-31": "21.19900", "2017-09-30": "22.16400", "2017-06-30": "29.33100", "2017-03-31": "41.03100", "2016-12-31": "37.21800", "2016-09-30": "31.27000", "2016-06-30": "28.99500", "2016-03-31": "43.81900", "2015-12-31": "53.55400", "2015-09-30": "27.61500", "2015-06-30": "24.78900", "2015-03-31": "24.91000", "2014-12-31": "48.41400", "2014-09-30": "31.33900", "2014-06-30": "58.88500", "2014-03-31": "54.16100", "2013-12-31": "28.62200", "2013-09-30": "28.70700", "2013-06-30": "20.78900", "2013-03-31": "16.85000", "2012-12-31": "37.51500", "2012-09-30": "23.50500", "2012-06-30": "25.94000", "2012-03-31": "23.30800", "2011-12-31": "7.35100", "2011-09-30": "20.66300", "2011-06-30": "22.82000", "2011-03-31": "23.32500", "2010-12-31": "18.21700", "2010-09-30": "20.39500", "2010-06-30": "18.92100", "2010-03-31": "18.62000", "2009-12-31": "15.96200", "2009-09-30": "17.16400", "2009-06-30": "14.74300", "2009-03-31": "13.67200", "2008-12-31": "11.48200", "2008-09-30": "15.02600", "2008-06-30": "14.47100", "2008-03-31": "14.81300", "2007-12-31": "6.09000", "2007-09-30": "7.95900", "2007-06-30": "6.21400", "2007-03-31": "7.11700", "2006-12-31": "29.08100", "2006-09-30": "17.47600", "2006-06-30": "22.70500", "2006-03-31": "6.23300", "2005-12-31": "7.52700", "2005-09-30": "6.46500", "2005-06-30": "5.22100", "2005-03-31": "3.23100"}, "Gross Profit": {"2020-09-30": "271.89800", "2020-06-30": "261.28400", "2020-03-31": "276.49600", "2019-12-31": "276.93700", "2019-09-30": "278.68400", "2019-06-30": "266.68400", "2019-03-31": "260.77800", "2018-12-31": "236.37500", "2018-09-30": "189.41000", "2018-06-30": "180.96500", "2018-03-31": "186.05800", "2017-12-31": "175.76190", "2017-09-30": "188.59000", "2017-06-30": "192.19700", "2017-03-31": "178.02800", "2016-12-31": "191.56200", "2016-09-30": "193.97700", "2016-06-30": "188.27100", "2016-03-31": "226.42100", "2015-12-31": "211.69600", "2015-09-30": "187.05100", "2015-06-30": "213.29000", "2015-03-31": "195.47800", "2014-12-31": "200.41700", "2014-09-30": "165.66700", "2014-06-30": "194.52900", "2014-03-31": "155.03400", "2013-12-31": "110.38500", "2013-09-30": "103.88500", "2013-06-30": "91.43200", "2013-03-31": "89.18100", "2012-12-31": "110.15500", "2012-09-30": "45.77300", "2012-06-30": "41.15900", "2012-03-31": "45.00600", "2011-12-31": "33.00700", "2011-09-30": "55.99500", "2011-06-30": "93.95600", "2011-03-31": "52.59400", "2010-12-31": "52.06100", "2010-09-30": "37.70600", "2010-06-30": "51.08000", "2010-03-31": "43.64500", "2009-12-31": "39.51800", "2009-09-30": "42.02000", "2009-06-30": "38.49200", "2009-03-31": "46.81000", "2008-12-31": "41.10300", "2008-09-30": "51.46700", "2008-06-30": "43.90600", "2008-03-31": "42.43200", "2007-12-31": "43.56800", "2007-09-30": "46.61800", "2007-06-30": "102.82600", "2007-03-31": "37.56400", "2006-12-31": "80.83700", "2006-09-30": "34.78900", "2006-06-30": "34.83700", "2006-03-31": "41.52900", "2005-12-31": "25.01000", "2005-09-30": "34.98300", "2005-06-30": "38.72700", "2005-03-31": "42.07600"}, "Research And Development Expenses": {"2020-09-30": "", "2020-06-30": "", "2020-03-31": "", "2019-12-31": "", "2019-09-30": "", "2019-06-30": "", "2019-03-31": "", "2018-12-31": "", "2018-09-30": "", "2018-06-30": "", "2018-03-31": "", "2017-12-31": "", "2017-09-30": "", "2017-06-30": "", "2017-03-31": "", "2016-12-31": "", "2016-09-30": "", "2016-06-30": "", "2016-03-31": "", "2015-12-31": "", "2015-09-30": "", "2015-06-30": "", "2015-03-31": "", "2014-12-31": "", "2014-09-30": "", "2014-06-30": "", "2014-03-31": "", "2013-12-31": "", "2013-09-30": "", "2013-06-30": "", "2013-03-31": "", "2012-12-31": "", "2012-09-30": "", "2012-06-30": "", "2012-03-31": "", "2011-12-31": "", "2011-09-30": "", "2011-06-30": "", "2011-03-31": "", "2010-12-31": "", "2010-09-30": "", "2010-06-30": "", "2010-03-31": "", "2009-12-31": "", "2009-09-30": "", "2009-06-30": "", "2009-03-31": "", "2008-12-31": "", "2008-09-30": "", "2008-06-30": "", "2008-03-31": "", "2007-12-31": "", "2007-09-30": "", "2007-06-30": "", "2007-03-31": "", "2006-12-31": "", "2006-09-30": "", "2006-06-30": "", "2006-03-31": "", "2005-12-31": "", "2005-09-30": "", "2005-06-30": "", "2005-03-31": ""}, "SG&A Expenses": {"2020-09-30": "23.96300", "2020-06-30": "20.39000", "2020-03-31": "23.40600", "2019-12-31": "22.00800", "2019-09-30": "21.95700", "2019-06-30": "24.66500", "2019-03-31": "25.45000", "2018-12-31": "21.35100", "2018-09-30": "18.33800", "2018-06-30": "20.14000", "2018-03-31": "26.80200", "2017-12-31": "21.97000", "2017-09-30": "21.87100", "2017-06-30": "20.63300", "2017-03-31": "25.33400", "2016-12-31": "27.28100", "2016-09-30": "20.08900", "2016-06-30": "24.95200", "2016-03-31": "28.04500", "2015-12-31": "29.74800", "2015-09-30": "26.80800", "2015-06-30": "31.46500", "2015-03-31": "36.77700", "2014-12-31": "37.61800", "2014-09-30": "28.24000", "2014-06-30": "27.09100", "2014-03-31": "29.71400", "2013-12-31": "28.84600", "2013-09-30": "23.59100", "2013-06-30": "22.97400", "2013-03-31": "28.84700", "2012-12-31": "12.48600", "2012-09-30": "28.93000", "2012-06-30": "26.58100", "2012-03-31": "26.90900", "2011-12-31": "22.50500", "2011-09-30": "25.18700", "2011-06-30": "24.58500", "2011-03-31": "21.32300", "2010-12-31": "21.25300", "2010-09-30": "15.48000", "2010-06-30": "18.64700", "2010-03-31": "18.04700", "2009-12-31": "15.41600", "2009-09-30": "14.96900", "2009-06-30": "14.33400", "2009-03-31": "19.09900", "2008-12-31": "14.42700", "2008-09-30": "17.01300", "2008-06-30": "15.81600", "2008-03-31": "15.41300", "2007-12-31": "14.22200", "2007-09-30": "12.32300", "2007-06-30": "23.13300", "2007-03-31": "12.16800", "2006-12-31": "11.54700", "2006-09-30": "8.80000", "2006-06-30": "9.87100", "2006-03-31": "11.15800", "2005-12-31": "9.79000", "2005-09-30": "9.19000", "2005-06-30": "12.19000", "2005-03-31": "13.81100"}, "Other Operating Income Or Expenses": {"2020-09-30": "", "2020-06-30": "-0.19200", "2020-03-31": "-25.12000", "2019-12-31": "-9.77800", "2019-09-30": "-27.54400", "2019-06-30": "-1.65000", "2019-03-31": "-1.24700", "2018-12-31": "-37.98200", "2018-09-30": "-3.12700", "2018-06-30": "-1.85500", "2018-03-31": "-12.49200", "2017-12-31": "-5.30300", "2017-09-30": "-5.66800", "2017-06-30": "-6.46000", "2017-03-31": "-6.08700", "2016-12-31": "-22.74900", "2016-09-30": "-22.31100", "2016-06-30": "-39.92400", "2016-03-31": "-6.64500", "2015-12-31": "-5.69600", "2015-09-30": "-24.37100", "2015-06-30": "-7.06500", "2015-03-31": "-7.71600", "2014-12-31": "-25.63000", "2014-09-30": "-8.45300", "2014-06-30": "-10.80200", "2014-03-31": "-5.44300", "2013-12-31": "-13.11700", "2013-09-30": "-5.16300", "2013-06-30": "-4.14800", "2013-03-31": "", "2012-12-31": "", "2012-09-30": "", "2012-06-30": "", "2012-03-31": "", "2011-12-31": "", "2011-09-30": "", "2011-06-30": "0.00000", "2011-03-31": "", "2010-12-31": "", "2010-09-30": "", "2010-06-30": "", "2010-03-31": "", "2009-12-31": "-2.61600", "2009-09-30": "", "2009-06-30": "-0.90000", "2009-03-31": "", "2008-12-31": "", "2008-09-30": "", "2008-06-30": "", "2008-03-31": "", "2007-12-31": "", "2007-09-30": "", "2007-06-30": "", "2007-03-31": "", "2006-12-31": "", "2006-09-30": "", "2006-06-30": "", "2006-03-31": "", "2005-12-31": "-4.57400", "2005-09-30": "", "2005-06-30": "-0.33000", "2005-03-31": "-0.80000"}, "Operating Expenses": {"2020-09-30": "162.23900", "2020-06-30": "158.37900", "2020-03-31": "197.41000", "2019-12-31": "176.77100", "2019-09-30": "198.40900", "2019-06-30": "179.17000", "2019-03-31": "176.76700", "2018-12-31": "185.34600", "2018-09-30": "110.93700", "2018-06-30": "109.20200", "2018-03-31": "120.96600", "2017-12-31": "111.71100", "2017-09-30": "115.16400", "2017-06-30": "127.99100", "2017-03-31": "134.88200", "2016-12-31": "144.56400", "2016-09-30": "136.47200", "2016-06-30": "160.69700", "2016-03-31": "180.00000", "2015-12-31": "150.90200", "2015-09-30": "159.06600", "2015-06-30": "130.38200", "2015-03-31": "140.47900", "2014-12-31": "176.23900", "2014-09-30": "128.17400", "2014-06-30": "161.36000", "2014-03-31": "171.60500", "2013-12-31": "105.07600", "2013-09-30": "91.62500", "2013-06-30": "80.81100", "2013-03-31": "75.19400", "2012-12-31": "99.41400", "2012-09-30": "84.45200", "2012-06-30": "58.94500", "2012-03-31": "56.68000", "2011-12-31": "32.11100", "2011-09-30": "52.17300", "2011-06-30": "53.29600", "2011-03-31": "49.32800", "2010-12-31": "41.28200", "2010-09-30": "41.67100", "2010-06-30": "43.31100", "2010-03-31": "42.76500", "2009-12-31": "37.51100", "2009-09-30": "37.57100", "2009-06-30": "36.55100", "2009-03-31": "38.12100", "2008-12-31": "30.94200", "2008-09-30": "38.33200", "2008-06-30": "36.46500", "2008-03-31": "36.27700", "2007-12-31": "55.40300", "2007-09-30": "26.36500", "2007-06-30": "36.08400", "2007-03-31": "26.02000", "2006-12-31": "49.02300", "2006-09-30": "32.18800", "2006-06-30": "38.58300", "2006-03-31": "23.36100", "2005-12-31": "26.58500", "2005-09-30": "20.70300", "2005-06-30": "22.75900", "2005-03-31": "23.13300"}, "Operating Income": {"2020-09-30": "140.18000", "2020-06-30": "132.15100", "2020-03-31": "111.58900", "2019-12-31": "134.45590", "2019-09-30": "119.59600", "2019-06-30": "126.04100", "2019-03-31": "121.55600", "2018-12-31": "88.04900", "2018-09-30": "98.44700", "2018-06-30": "91.94100", "2018-03-31": "80.84400", "2017-12-31": "85.24990", "2017-09-30": "95.59000", "2017-06-30": "93.53700", "2017-03-31": "84.17700", "2016-12-31": "84.21600", "2016-09-30": "88.77500", "2016-06-30": "56.56900", "2016-03-31": "90.24000", "2015-12-31": "114.34800", "2015-09-30": "55.60000", "2015-06-30": "107.69700", "2015-03-31": "79.90900", "2014-12-31": "72.59200", "2014-09-30": "68.83200", "2014-06-30": "92.05400", "2014-03-31": "37.59000", "2013-12-31": "33.93100", "2013-09-30": "40.96700", "2013-06-30": "31.41000", "2013-03-31": "30.83700", "2012-12-31": "48.25600", "2012-09-30": "-15.17400", "2012-06-30": "8.15400", "2012-03-31": "11.63400", "2011-12-31": "8.24700", "2011-09-30": "24.48500", "2011-06-30": "63.48000", "2011-03-31": "26.59100", "2010-12-31": "28.99600", "2010-09-30": "16.43000", "2010-06-30": "26.69000", "2010-03-31": "19.50000", "2009-12-31": "17.96900", "2009-09-30": "21.61300", "2009-06-30": "16.68400", "2009-03-31": "22.36100", "2008-12-31": "21.64300", "2008-09-30": "28.16100", "2008-06-30": "21.91200", "2008-03-31": "20.96800", "2007-12-31": "-5.74500", "2007-09-30": "28.21200", "2007-06-30": "72.95600", "2007-03-31": "18.66100", "2006-12-31": "60.89500", "2006-09-30": "20.07700", "2006-06-30": "18.95900", "2006-03-31": "24.40100", "2005-12-31": "5.95200", "2005-09-30": "20.74500", "2005-06-30": "21.18900", "2005-03-31": "22.17400"}, "Total Non-Operating Income/Expense": {"2020-09-30": "15.22900", "2020-06-30": "-9.35200", "2020-03-31": "-86.57900", "2019-12-31": "16.40000", "2019-09-30": "-73.60400", "2019-06-30": "-56.80100", "2019-03-31": "-54.88900", "2018-12-31": "118.66500", "2018-09-30": "-14.15900", "2018-06-30": "-6.25500", "2018-03-31": "-18.78000", "2017-12-31": "11.76300", "2017-09-30": "-29.43300", "2017-06-30": "-27.42300", "2017-03-31": "-25.66700", "2016-12-31": "40.15000", "2016-09-30": "-22.44500", "2016-06-30": "-29.89700", "2016-03-31": "-29.51300", "2015-12-31": "-44.44100", "2015-09-30": "-30.44000", "2015-06-30": "-25.78000", "2015-03-31": "-40.53200", "2014-12-31": "-38.05900", "2014-09-30": "-40.06500", "2014-06-30": "-39.65900", "2014-03-31": "75.49400", "2013-12-31": "-22.98400", "2013-09-30": "-14.30400", "2013-06-30": "9.24100", "2013-03-31": "-13.52900", "2012-12-31": "-15.20700", "2012-09-30": "24.18100", "2012-06-30": "22.58800", "2012-03-31": "7.51500", "2011-12-31": "11.39400", "2011-09-30": "10.10800", "2011-06-30": "42.89400", "2011-03-31": "3.05600", "2010-12-31": "5.31400", "2010-09-30": "3.41600", "2010-06-30": "4.25600", "2010-03-31": "5.04700", "2009-12-31": "5.80300", "2009-09-30": "-0.13600", "2009-06-30": "1.61300", "2009-03-31": "0.75300", "2008-12-31": "-1.69600", "2008-09-30": "-2.44300", "2008-06-30": "1.92900", "2008-03-31": "3.24000", "2007-12-31": "7.00300", "2007-09-30": "5.48800", "2007-06-30": "-2.77600", "2007-03-31": "-1.66800", "2006-12-31": "6.66500", "2006-09-30": "-0.34700", "2006-06-30": "2.99600", "2006-03-31": "-2.72300", "2005-12-31": "2.81300", "2005-09-30": "-2.63000", "2005-06-30": "-3.16800", "2005-03-31": "-2.99900"}, "Pre-Tax Income": {"2020-09-30": "155.40900", "2020-06-30": "122.79900", "2020-03-31": "25.01000", "2019-12-31": "150.85600", "2019-09-30": "45.99200", "2019-06-30": "69.24000", "2019-03-31": "66.66700", "2018-12-31": "206.71400", "2018-09-30": "84.28800", "2018-06-30": "85.68600", "2018-03-31": "62.06400", "2017-12-31": "97.01300", "2017-09-30": "66.15700", "2017-06-30": "66.11400", "2017-03-31": "58.51000", "2016-12-31": "124.36600", "2016-09-30": "66.33000", "2016-06-30": "26.67200", "2016-03-31": "60.72700", "2015-12-31": "69.90700", "2015-09-30": "25.16000", "2015-06-30": "81.91700", "2015-03-31": "39.37700", "2014-12-31": "34.53300", "2014-09-30": "28.76700", "2014-06-30": "52.39500", "2014-03-31": "113.08400", "2013-12-31": "10.94700", "2013-09-30": "26.66300", "2013-06-30": "40.65100", "2013-03-31": "17.30800", "2012-12-31": "33.04900", "2012-09-30": "9.00700", "2012-06-30": "30.74200", "2012-03-31": "19.14900", "2011-12-31": "19.64100", "2011-09-30": "34.59300", "2011-06-30": "106.37400", "2011-03-31": "29.64700", "2010-12-31": "34.31000", "2010-09-30": "19.84600", "2010-06-30": "30.94600", "2010-03-31": "24.54700", "2009-12-31": "23.77200", "2009-09-30": "21.47700", "2009-06-30": "18.29700", "2009-03-31": "23.11400", "2008-12-31": "19.94700", "2008-09-30": "25.71800", "2008-06-30": "23.84100", "2008-03-31": "24.20800", "2007-12-31": "1.25800", "2007-09-30": "33.70000", "2007-06-30": "70.18000", "2007-03-31": "16.99300", "2006-12-31": "67.56000", "2006-09-30": "19.73000", "2006-06-30": "21.95500", "2006-03-31": "21.67800", "2005-12-31": "8.76500", "2005-09-30": "18.11500", "2005-06-30": "18.02100", "2005-03-31": "19.17500"}, "Income Taxes": {"2020-09-30": "5.97500", "2020-06-30": "7.59500", "2020-03-31": "-41.69200", "2019-12-31": "21.06400", "2019-09-30": "4.15700", "2019-06-30": "3.11900", "2019-03-31": "-2.12900", "2018-12-31": "11.43600", "2018-09-30": "2.71500", "2018-06-30": "6.26200", "2018-03-31": "-6.00200", "2017-12-31": "-0.19200", "2017-09-30": "1.76000", "2017-06-30": "2.44800", "2017-03-31": "-1.30500", "2016-12-31": "7.82600", "2016-09-30": "3.15400", "2016-06-30": "-8.21700", "2016-03-31": "0.52500", "2015-12-31": "17.27000", "2015-09-30": "3.36100", "2015-06-30": "15.01000", "2015-03-31": "1.98000", "2014-12-31": "6.43400", "2014-09-30": "0.90100", "2014-06-30": "8.02100", "2014-03-31": "2.25300", "2013-12-31": "-1.79700", "2013-09-30": "5.39100", "2013-06-30": "-1.13400", "2013-03-31": "-1.20800", "2012-12-31": "6.58000", "2012-09-30": "0.37900", "2012-06-30": "-1.88200", "2012-03-31": "1.69500", "2011-12-31": "-1.31200", "2011-09-30": "5.92900", "2011-06-30": "25.03000", "2011-03-31": "7.56700", "2010-12-31": "11.57400", "2010-09-30": "3.37700", "2010-06-30": "6.75100", "2010-03-31": "4.11200", "2009-12-31": "6.85500", "2009-09-30": "6.01800", "2009-06-30": "3.72000", "2009-03-31": "6.20000", "2008-12-31": "3.11600", "2008-09-30": "5.83900", "2008-06-30": "7.42200", "2008-03-31": "7.14400", "2007-12-31": "2.92600", "2007-09-30": "11.39600", "2007-06-30": "31.03800", "2007-03-31": "6.37900", "2006-12-31": "29.05600", "2006-09-30": "5.58000", "2006-06-30": "3.99800", "2006-03-31": "6.72200", "2005-12-31": "3.67300", "2005-09-30": "4.58300", "2005-06-30": "5.09900", "2005-03-31": "5.85300"}, "Income After Taxes": {"2020-09-30": "149.43400", "2020-06-30": "115.20400", "2020-03-31": "66.70200", "2019-12-31": "129.79200", "2019-09-30": "41.83500", "2019-06-30": "66.12100", "2019-03-31": "68.79600", "2018-12-31": "195.27800", "2018-09-30": "81.57300", "2018-06-30": "79.42400", "2018-03-31": "68.06600", "2017-12-31": "97.20500", "2017-09-30": "64.39700", "2017-06-30": "63.66600", "2017-03-31": "59.81500", "2016-12-31": "116.54000", "2016-09-30": "63.17600", "2016-06-30": "34.88900", "2016-03-31": "60.20200", "2015-12-31": "52.63700", "2015-09-30": "21.79900", "2015-06-30": "66.90700", "2015-03-31": "37.39700", "2014-12-31": "28.09900", "2014-09-30": "27.86600", "2014-06-30": "44.37400", "2014-03-31": "110.83100", "2013-12-31": "12.74400", "2013-09-30": "21.27200", "2013-06-30": "41.78500", "2013-03-31": "18.51600", "2012-12-31": "26.46900", "2012-09-30": "8.62800", "2012-06-30": "32.62400", "2012-03-31": "17.45400", "2011-12-31": "20.95300", "2011-09-30": "28.66400", "2011-06-30": "81.34400", "2011-03-31": "22.08000", "2010-12-31": "22.73600", "2010-09-30": "16.46900", "2010-06-30": "24.19500", "2010-03-31": "20.43500", "2009-12-31": "16.91700", "2009-09-30": "15.45900", "2009-06-30": "14.57700", "2009-03-31": "16.91400", "2008-12-31": "16.83100", "2008-09-30": "19.87900", "2008-06-30": "16.41900", "2008-03-31": "17.06400", "2007-12-31": "-1.66800", "2007-09-30": "22.30400", "2007-06-30": "39.14200", "2007-03-31": "10.61400", "2006-12-31": "38.50400", "2006-09-30": "14.15000", "2006-06-30": "17.95700", "2006-03-31": "14.95600", "2005-12-31": "5.09200", "2005-09-30": "13.53200", "2005-06-30": "12.92200", "2005-03-31": "13.32200"}, "Other Income": {"2020-09-30": "", "2020-06-30": "", "2020-03-31": "", "2019-12-31": "", "2019-09-30": "", "2019-06-30": "", "2019-03-31": "", "2018-12-31": "", "2018-09-30": "", "2018-06-30": "", "2018-03-31": "", "2017-12-31": "", "2017-09-30": "", "2017-06-30": "", "2017-03-31": "", "2016-12-31": "", "2016-09-30": "", "2016-06-30": "", "2016-03-31": "", "2015-12-31": "", "2015-09-30": "", "2015-06-30": "", "2015-03-31": "", "2014-12-31": "", "2014-09-30": "", "2014-06-30": "", "2014-03-31": "", "2013-12-31": "", "2013-09-30": "", "2013-06-30": "", "2013-03-31": "", "2012-12-31": "", "2012-09-30": "", "2012-06-30": "", "2012-03-31": "", "2011-12-31": "", "2011-09-30": "", "2011-06-30": "", "2011-03-31": "", "2010-12-31": "", "2010-09-30": "", "2010-06-30": "", "2010-03-31": "", "2009-12-31": "", "2009-09-30": "", "2009-06-30": "", "2009-03-31": "", "2008-12-31": "", "2008-09-30": "", "2008-06-30": "", "2008-03-31": "", "2007-12-31": "", "2007-09-30": "", "2007-06-30": "", "2007-03-31": "", "2006-12-31": "", "2006-09-30": "", "2006-06-30": "", "2006-03-31": "", "2005-12-31": "", "2005-09-30": "", "2005-06-30": "", "2005-03-31": ""}, "Income From Continuous Operations": {"2020-09-30": "149.43400", "2020-06-30": "115.20400", "2020-03-31": "66.70200", "2019-12-31": "129.79200", "2019-09-30": "41.83500", "2019-06-30": "66.12100", "2019-03-31": "68.79600", "2018-12-31": "195.27800", "2018-09-30": "81.57300", "2018-06-30": "79.42400", "2018-03-31": "68.06600", "2017-12-31": "97.20500", "2017-09-30": "64.39700", "2017-06-30": "63.66600", "2017-03-31": "59.81500", "2016-12-31": "116.54000", "2016-09-30": "63.17600", "2016-06-30": "34.88900", "2016-03-31": "60.20200", "2015-12-31": "52.63700", "2015-09-30": "21.79900", "2015-06-30": "66.90700", "2015-03-31": "37.39700", "2014-12-31": "28.09900", "2014-09-30": "27.86600", "2014-06-30": "44.37400", "2014-03-31": "110.83100", "2013-12-31": "12.74400", "2013-09-30": "21.27200", "2013-06-30": "41.78500", "2013-03-31": "18.51600", "2012-12-31": "26.46900", "2012-09-30": "8.62800", "2012-06-30": "32.62400", "2012-03-31": "17.45400", "2011-12-31": "20.95300", "2011-09-30": "28.66400", "2011-06-30": "81.34400", "2011-03-31": "22.08000", "2010-12-31": "22.73600", "2010-09-30": "16.46900", "2010-06-30": "24.19500", "2010-03-31": "20.43500", "2009-12-31": "16.91700", "2009-09-30": "15.45900", "2009-06-30": "14.57700", "2009-03-31": "16.91400", "2008-12-31": "16.83100", "2008-09-30": "19.87900", "2008-06-30": "16.41900", "2008-03-31": "17.06400", "2007-12-31": "-1.66800", "2007-09-30": "22.30400", "2007-06-30": "39.14200", "2007-03-31": "10.61400", "2006-12-31": "38.50400", "2006-09-30": "14.15000", "2006-06-30": "17.95700", "2006-03-31": "14.95600", "2005-12-31": "5.09200", "2005-09-30": "13.53200", "2005-06-30": "12.92200", "2005-03-31": "13.32200"}, "Income From Discontinued Operations": {"2020-09-30": "", "2020-06-30": "", "2020-03-31": "", "2019-12-31": "", "2019-09-30": "", "2019-06-30": "", "2019-03-31": "", "2018-12-31": "", "2018-09-30": "", "2018-06-30": "", "2018-03-31": "", "2017-12-31": "", "2017-09-30": "19.25700", "2017-06-30": "3.46500", "2017-03-31": "0.01000", "2016-12-31": "", "2016-09-30": "49.12600", "2016-06-30": "18.28200", "2016-03-31": "0.66200", "2015-12-31": "3.50700", "2015-09-30": "1.77900", "2015-06-30": "0.01600", "2015-03-31": "1.18500", "2014-12-31": "5.36400", "2014-09-30": "0.45000", "2014-06-30": "22.59800", "2014-03-31": "6.48700", "2013-12-31": "36.11600", "2013-09-30": "0.37800", "2013-06-30": "4.03100", "2013-03-31": "-2.67700", "2012-12-31": "-8.81500", "2012-09-30": "-6.40200", "2012-06-30": "-1.39400", "2012-03-31": "-5.78500", "2011-12-31": "-11.74900", "2011-09-30": "-3.40600", "2011-06-30": "-0.28400", "2011-03-31": "1.53600", "2010-12-31": "-2.17900", "2010-09-30": "-0.09800", "2010-06-30": "-0.47400", "2010-03-31": "-6.13300", "2009-12-31": "6.81600", "2009-09-30": "-1.27500", "2009-06-30": "0.30000", "2009-03-31": "0.86000", "2008-12-31": "5.13100", "2008-09-30": "-0.57800", "2008-06-30": "3.73300", "2008-03-31": "0.12600", "2007-12-31": "17.21800", "2007-09-30": "-1.89500", "2007-06-30": "2.88800", "2007-03-31": "0.18600", "2006-12-31": "5.12500", "2006-09-30": "0.15500", "2006-06-30": "-0.65300", "2006-03-31": "-3.89100", "2005-12-31": "6.39600", "2005-09-30": "0.79600", "2005-06-30": "4.01100", "2005-03-31": "-7.46700"}, "Net Income": {"2020-09-30": "149.39700", "2020-06-30": "105.30000", "2020-03-31": "66.09000", "2019-12-31": "129.37200", "2019-09-30": "41.33900", "2019-06-30": "66.03800", "2019-03-31": "68.49400", "2018-12-31": "193.26300", "2018-09-30": "77.34800", "2018-06-30": "75.68100", "2018-03-31": "65.27400", "2017-12-31": "75.20900", "2017-09-30": "80.27800", "2017-06-30": "64.31800", "2017-03-31": "57.48400", "2016-12-31": "47.70400", "2016-09-30": "110.94300", "2016-06-30": "51.66100", "2016-03-31": "57.43900", "2015-12-31": "51.04900", "2015-09-30": "21.74500", "2015-06-30": "63.34800", "2015-03-31": "36.11600", "2014-12-31": "32.27200", "2014-09-30": "27.33700", "2014-06-30": "64.73900", "2014-03-31": "115.47800", "2013-12-31": "23.02200", "2013-09-30": "18.50600", "2013-06-30": "43.16700", "2013-03-31": "14.18100", "2012-12-31": "15.47700", "2012-09-30": "2.58800", "2012-06-30": "31.77700", "2012-03-31": "12.29000", "2011-12-31": "6.96100", "2011-09-30": "25.20200", "2011-06-30": "81.44300", "2011-03-31": "23.34300", "2010-12-31": "19.34100", "2010-09-30": "16.34600", "2010-06-30": "23.43200", "2010-03-31": "14.41300", "2009-12-31": "22.98600", "2009-09-30": "13.35100", "2009-06-30": "14.97700", "2009-03-31": "17.70900", "2008-12-31": "21.90000", "2008-09-30": "19.19800", "2008-06-30": "19.84800", "2008-03-31": "17.10100", "2007-12-31": "6.01300", "2007-09-30": "20.40900", "2007-06-30": "42.03000", "2007-03-31": "10.80000", "2006-12-31": "43.62900", "2006-09-30": "14.30500", "2006-06-30": "17.30400", "2006-03-31": "11.06500", "2005-12-31": "11.48800", "2005-09-30": "14.32800", "2005-06-30": "16.93300", "2005-03-31": "5.85500"}, "EBITDA": {"2020-09-30": "265.21800", "2020-06-30": "256.92800", "2020-03-31": "243.86600", "2019-12-31": "271.90300", "2019-09-30": "262.58200", "2019-06-30": "259.19100", "2019-03-31": "252.88100", "2018-12-31": "198.95900", "2018-09-30": "181.31500", "2018-06-30": "170.16900", "2018-03-31": "158.13600", "2017-12-31": "169.20790", "2017-09-30": "174.16700", "2017-06-30": "171.11200", "2017-03-31": "160.53300", "2016-12-31": "160.02500", "2016-09-30": "164.72000", "2016-06-30": "136.88300", "2016-03-31": "141.18700", "2015-12-31": "219.32400", "2015-09-30": "133.74400", "2015-06-30": "174.83200", "2015-03-31": "146.90300", "2014-12-31": "136.33300", "2014-09-30": "129.73200", "2014-06-30": "158.40500", "2014-03-31": "94.36100", "2013-12-31": "69.20900", "2013-09-30": "73.62900", "2013-06-30": "62.90600", "2013-03-31": "62.28100", "2012-12-31": "78.47900", "2012-09-30": "-10.05500", "2012-06-30": "12.96800", "2012-03-31": "17.15600", "2011-12-31": "15.34400", "2011-09-30": "29.50400", "2011-06-30": "69.23200", "2011-03-31": "32.04800", "2010-12-31": "34.94300", "2010-09-30": "22.54900", "2010-06-30": "32.66400", "2010-03-31": "25.90300", "2009-12-31": "24.06000", "2009-09-30": "27.24100", "2009-06-30": "23.91800", "2009-03-31": "27.88400", "2008-12-31": "28.42800", "2008-09-30": "35.06700", "2008-06-30": "28.83000", "2008-03-31": "27.55600", "2007-12-31": "0.43600", "2007-09-30": "34.84300", "2007-06-30": "80.15700", "2007-03-31": "25.96900", "2006-12-31": "69.03900", "2006-09-30": "26.51500", "2006-06-30": "25.35500", "2006-03-31": "30.63000", "2005-12-31": "11.81500", "2005-09-30": "26.04800", "2005-06-30": "26.44400", "2005-03-31": "27.69500"}, "EBIT": {"2020-09-30": "140.18000", "2020-06-30": "132.15100", "2020-03-31": "111.58900", "2019-12-31": "134.45590", "2019-09-30": "119.59600", "2019-06-30": "126.04100", "2019-03-31": "121.55600", "2018-12-31": "88.04900", "2018-09-30": "98.44700", "2018-06-30": "91.94100", "2018-03-31": "80.84400", "2017-12-31": "85.25000", "2017-09-30": "95.59000", "2017-06-30": "93.53700", "2017-03-31": "84.17700", "2016-12-31": "84.21600", "2016-09-30": "88.77500", "2016-06-30": "56.56900", "2016-03-31": "90.24000", "2015-12-31": "114.34800", "2015-09-30": "55.60000", "2015-06-30": "107.69700", "2015-03-31": "79.90900", "2014-12-31": "72.59200", "2014-09-30": "68.83200", "2014-06-30": "92.05400", "2014-03-31": "37.59000", "2013-12-31": "33.93100", "2013-09-30": "40.96700", "2013-06-30": "31.41000", "2013-03-31": "30.83700", "2012-12-31": "48.25600", "2012-09-30": "-15.17400", "2012-06-30": "8.15400", "2012-03-31": "11.63400", "2011-12-31": "8.24700", "2011-09-30": "24.48500", "2011-06-30": "63.48000", "2011-03-31": "26.59100", "2010-12-31": "28.99600", "2010-09-30": "16.43000", "2010-06-30": "26.69000", "2010-03-31": "19.50000", "2009-12-31": "17.96900", "2009-09-30": "21.61300", "2009-06-30": "16.68400", "2009-03-31": "22.36100", "2008-12-31": "21.64300", "2008-09-30": "28.16100", "2008-06-30": "21.91200", "2008-03-31": "20.96800", "2007-12-31": "-5.74500", "2007-09-30": "28.21200", "2007-06-30": "72.95600", "2007-03-31": "18.66100", "2006-12-31": "60.89500", "2006-09-30": "20.07700", "2006-06-30": "18.95900", "2006-03-31": "24.40100", "2005-12-31": "5.95200", "2005-09-30": "20.74500", "2005-06-30": "21.18900", "2005-03-31": "22.17400"}, "Basic Shares Outstanding": {"2020-09-30": "174.97400", "2020-06-30": "173.40200", "2020-03-31": "173.24900", "2019-12-31": "171.00100", "2019-09-30": "172.23500", "2019-06-30": "171.30400", "2019-03-31": "167.23400", "2018-12-31": "117.49500", "2018-09-30": "108.07400", "2018-06-30": "108.05900", "2018-03-31": "108.05800", "2017-12-31": "107.82500", "2017-09-30": "108.01900", "2017-06-30": "107.66800", "2017-03-31": "107.56200", "2016-12-31": "106.74300", "2016-09-30": "107.22200", "2016-06-30": "106.31000", "2016-03-31": "105.93900", "2015-12-31": "105.67600", "2015-09-30": "105.81320", "2015-06-30": "105.76400", "2015-03-31": "105.30400", "2014-12-31": "98.76400", "2014-09-30": "100.28200", "2014-06-30": "100.23600", "2014-03-31": "89.36600", "2013-12-31": "68.69100", "2013-09-30": "68.39700", "2013-06-30": "68.40700", "2013-03-31": "68.96700", "2012-12-31": "47.38900", "2012-09-30": "40.36600", "2012-06-30": "40.04700", "2012-03-31": "40.03700", "2011-12-31": "39.81900", "2011-09-30": "39.86100", "2011-06-30": "39.78300", "2011-03-31": "39.73800", "2010-12-31": "39.51500", "2010-09-30": "39.18100", "2010-06-30": "39.08100", "2010-03-31": "39.08800", "2009-12-31": "39.02000", "2009-09-30": "39.72700", "2009-06-30": "39.35100", "2009-03-31": "39.17500", "2008-12-31": "39.20300", "2008-09-30": "39.29500", "2008-06-30": "39.20400", "2008-03-31": "38.87600", "2007-12-31": "38.11400", "2007-09-30": "38.29900", "2007-06-30": "38.30800", "2007-03-31": "37.93100", "2006-12-31": "37.66900", "2006-09-30": "38.03500", "2006-06-30": "37.87600", "2006-03-31": "37.72800", "2005-12-31": "37.68900", "2005-09-30": "37.72700", "2005-06-30": "37.67000", "2005-03-31": "37.59200"}, "Shares Outstanding": {"2020-09-30": "175.26200", "2020-06-30": "173.47300", "2020-03-31": "173.46000", "2019-12-31": "171.29900", "2019-09-30": "172.48700", "2019-06-30": "171.49100", "2019-03-31": "167.43500", "2018-12-31": "117.70600", "2018-09-30": "108.28400", "2018-06-30": "108.23500", "2018-03-31": "108.21200", "2017-12-31": "108.03600", "2017-09-30": "108.14400", "2017-06-30": "107.78300", "2017-03-31": "107.76400", "2016-12-31": "107.07300", "2016-09-30": "107.46800", "2016-06-30": "106.53000", "2016-03-31": "106.40500", "2015-12-31": "106.50800", "2015-09-30": "106.33700", "2015-06-30": "106.28200", "2015-03-31": "106.11000", "2014-12-31": "99.82700", "2014-09-30": "101.13000", "2014-06-30": "100.99500", "2014-03-31": "90.37500", "2013-12-31": "69.70800", "2013-09-30": "69.40100", "2013-06-30": "69.49400", "2013-03-31": "69.97500", "2012-12-31": "48.07800", "2012-09-30": "41.12700", "2012-06-30": "40.75700", "2012-03-31": "40.48800", "2011-12-31": "40.09800", "2011-09-30": "40.40500", "2011-06-30": "40.24400", "2011-03-31": "40.24300", "2010-12-31": "40.00800", "2010-09-30": "39.71800", "2010-06-30": "39.51000", "2010-03-31": "39.49600", "2009-12-31": "39.71300", "2009-09-30": "40.36900", "2009-06-30": "40.06500", "2009-03-31": "39.92800", "2008-12-31": "40.22100", "2008-09-30": "40.29900", "2008-06-30": "40.25700", "2008-03-31": "40.20300", "2007-12-31": "39.86800", "2007-09-30": "39.60200", "2007-06-30": "40.00400", "2007-03-31": "39.85100", "2006-12-31": "39.09400", "2006-09-30": "39.30400", "2006-06-30": "39.34600", "2006-03-31": "38.62700", "2005-12-31": "39.02100", "2005-09-30": "38.94900", "2005-06-30": "39.01800", "2005-03-31": "39.37800"}, "Basic EPS": {"2020-09-30": "0.85000", "2020-06-30": "0.61000", "2020-03-31": "0.38000", "2019-12-31": "0.74000", "2019-09-30": "0.24000", "2019-06-30": "0.39000", "2019-03-31": "0.41000", "2018-12-31": "1.49000", "2018-09-30": "0.71000", "2018-06-30": "0.70000", "2018-03-31": "0.60000", "2017-12-31": "0.69000", "2017-09-30": "0.74000", "2017-06-30": "0.60000", "2017-03-31": "0.53000", "2016-12-31": "0.45000", "2016-09-30": "1.03000", "2016-06-30": "0.48000", "2016-03-31": "0.54000", "2015-12-31": "0.48000", "2015-09-30": "0.20000", "2015-06-30": "0.60000", "2015-03-31": "0.34000", "2014-12-31": "0.22000", "2014-09-30": "0.27000", "2014-06-30": "0.64000", "2014-03-31": "1.29000", "2013-12-31": "0.33000", "2013-09-30": "0.27000", "2013-06-30": "0.63000", "2013-03-31": "0.20000", "2012-12-31": "0.16000", "2012-09-30": "0.06000", "2012-06-30": "0.78000", "2012-03-31": "0.30000", "2011-12-31": "0.22000", "2011-09-30": "0.62000", "2011-06-30": "2.02000", "2011-03-31": "0.58000", "2010-12-31": "0.50000", "2010-09-30": "0.41000", "2010-06-30": "0.59000", "2010-03-31": "0.36000", "2009-12-31": "0.59000", "2009-09-30": "0.33000", "2009-06-30": "0.37000", "2009-03-31": "0.45000", "2008-12-31": "0.54000", "2008-09-30": "0.49000", "2008-06-30": "0.51000", "2008-03-31": "0.44000", "2007-12-31": "0.17000", "2007-09-30": "0.53000", "2007-06-30": "1.10000", "2007-03-31": "0.28000", "2006-12-31": "1.15000", "2006-09-30": "0.38000", "2006-06-30": "0.46000", "2006-03-31": "0.30000", "2005-12-31": "0.30000", "2005-09-30": "0.38000", "2005-06-30": "0.45000", "2005-03-31": "0.16000"}, "EPS - Earnings Per Share": {"2020-09-30": "0.85000", "2020-06-30": "0.61000", "2020-03-31": "0.38000", "2019-12-31": "0.75000", "2019-09-30": "0.24000", "2019-06-30": "0.38000", "2019-03-31": "0.41000", "2018-12-31": "1.48000", "2018-09-30": "0.71000", "2018-06-30": "0.70000", "2018-03-31": "0.60000", "2017-12-31": "0.70000", "2017-09-30": "0.74000", "2017-06-30": "0.59000", "2017-03-31": "0.53000", "2016-12-31": "0.44000", "2016-09-30": "1.03000", "2016-06-30": "0.48000", "2016-03-31": "0.54000", "2015-12-31": "0.48000", "2015-09-30": "0.20000", "2015-06-30": "0.59000", "2015-03-31": "0.34000", "2014-12-31": "0.21000", "2014-09-30": "0.27000", "2014-06-30": "0.64000", "2014-03-31": "1.27000", "2013-12-31": "0.32000", "2013-09-30": "0.27000", "2013-06-30": "0.62000", "2013-03-31": "0.20000", "2012-12-31": "0.15000", "2012-09-30": "0.06000", "2012-06-30": "0.77000", "2012-03-31": "0.30000", "2011-12-31": "0.23000", "2011-09-30": "0.62000", "2011-06-30": "1.99000", "2011-03-31": "0.58000", "2010-12-31": "0.50000", "2010-09-30": "0.41000", "2010-06-30": "0.59000", "2010-03-31": "0.36000", "2009-12-31": "0.60000", "2009-09-30": "0.33000", "2009-06-30": "0.37000", "2009-03-31": "0.44000", "2008-12-31": "0.54000", "2008-09-30": "0.48000", "2008-06-30": "0.50000", "2008-03-31": "0.43000", "2007-12-31": "0.15000", "2007-09-30": "0.53000", "2007-06-30": "1.10000", "2007-03-31": "0.27000", "2006-12-31": "1.12000", "2006-09-30": "0.37000", "2006-06-30": "0.44000", "2006-03-31": "0.29000", "2005-12-31": "0.30000", "2005-09-30": "0.37000", "2005-06-30": "0.43000", "2005-03-31": "0.15000"}}, "balance sheet": {"Cash On Hand": {"2019-12-31": "196.02800", "2018-12-31": "217.64400", "2017-12-31": "162.31200", "2016-12-31": "155.48200", "2015-12-31": "157.22700", "2014-12-31": "198.68300", "2013-12-31": "117.51900", "2012-12-31": "123.90400", "2011-12-31": "29.29700", "2010-12-31": "64.69300", "2009-12-31": "18.45000", "2008-12-31": "16.79900", "2007-12-31": "12.13700", "2006-12-31": "22.10800", "2005-12-31": "13.01400"}, "Receivables": {"2019-12-31": "", "2018-12-31": "", "2017-12-31": "", "2016-12-31": "", "2015-12-31": "", "2014-12-31": "", "2013-12-31": "", "2012-12-31": "", "2011-12-31": "", "2010-12-31": "", "2009-12-31": "", "2008-12-31": "", "2007-12-31": "", "2006-12-31": "", "2005-12-31": ""}, "Inventory": {"2019-12-31": "", "2018-12-31": "", "2017-12-31": "", "2016-12-31": "", "2015-12-31": "", "2014-12-31": "", "2013-12-31": "", "2012-12-31": "", "2011-12-31": "", "2010-12-31": "", "2009-12-31": "", "2008-12-31": "", "2007-12-31": "", "2006-12-31": "", "2005-12-31": ""}, "Pre-Paid Expenses": {"2019-12-31": "", "2018-12-31": "", "2017-12-31": "", "2016-12-31": "", "2015-12-31": "", "2014-12-31": "", "2013-12-31": "", "2012-12-31": "", "2011-12-31": "", "2010-12-31": "", "2009-12-31": "", "2008-12-31": "", "2007-12-31": "", "2006-12-31": "", "2005-12-31": ""}, "Other Current Assets": {"2019-12-31": "", "2018-12-31": "", "2017-12-31": "", "2016-12-31": "", "2015-12-31": "", "2014-12-31": "", "2013-12-31": "", "2012-12-31": "", "2011-12-31": "", "2010-12-31": "", "2009-12-31": "", "2008-12-31": "", "2007-12-31": "", "2006-12-31": "", "2005-12-31": ""}, "Total Current Assets": {"2019-12-31": "196.02800", "2018-12-31": "217.64400", "2017-12-31": "162.31200", "2016-12-31": "155.48200", "2015-12-31": "157.22700", "2014-12-31": "198.68300", "2013-12-31": "117.51900", "2012-12-31": "123.90400", "2011-12-31": "29.29700", "2010-12-31": "64.69300", "2009-12-31": "18.45000", "2008-12-31": "16.79900", "2007-12-31": "12.13700", "2006-12-31": "22.10800", "2005-12-31": "13.01400"}, "Property, Plant, And Equipment": {"2019-12-31": "11916.75000", "2018-12-31": "11928.85000", "2017-12-31": "6703.71500", "2016-12-31": "6781.90000", "2015-12-31": "5011.14500", "2014-12-31": "4833.07400", "2013-12-31": "2353.39100", "2012-12-31": "2298.12300", "2011-12-31": "621.18200", "2010-12-31": "548.13100", "2009-12-31": "499.24800", "2008-12-31": "574.32900", "2007-12-31": "586.59400", "2006-12-31": "574.11000", "2005-12-31": "462.34300"}, "Long-Term Investments": {"2019-12-31": "", "2018-12-31": "", "2017-12-31": "", "2016-12-31": "", "2015-12-31": "", "2014-12-31": "", "2013-12-31": "", "2012-12-31": "", "2011-12-31": "", "2010-12-31": "", "2009-12-31": "", "2008-12-31": "", "2007-12-31": "", "2006-12-31": "", "2005-12-31": ""}, "Goodwill And Intangible Assets": {"2019-12-31": "934.68800", "2018-12-31": "920.94400", "2017-12-31": "643.96000", "2016-12-31": "635.92000", "2015-12-31": "2059.72900", "2014-12-31": "2209.03100", "2013-12-31": "1063.90200", "2012-12-31": "1056.29500", "2011-12-31": "125.95700", "2010-12-31": "87.76800", "2009-12-31": "85.18700", "2008-12-31": "93.31000", "2007-12-31": "99.87300", "2006-12-31": "107.34900", "2005-12-31": "104.30700"}, "Other Long-Term Assets": {"2019-12-31": "1013.45700", "2018-12-31": "1115.59700", "2017-12-31": "721.41500", "2016-12-31": "880.65200", "2015-12-31": "1513.98800", "2014-12-31": "1407.69100", "2013-12-31": "1144.13800", "2012-12-31": "1130.72000", "2011-12-31": "686.18700", "2010-12-31": "471.73400", "2009-12-31": "490.45100", "2008-12-31": "426.69800", "2007-12-31": "454.68000", "2006-12-31": "389.44300", "2005-12-31": "403.59800"}, "Total Long-Term Assets": {"2019-12-31": "13864.89000", "2018-12-31": "13965.39000", "2017-12-31": "8069.09000", "2016-12-31": "8298.47200", "2015-12-31": "8584.86200", "2014-12-31": "8449.79700", "2013-12-31": "4561.43100", "2012-12-31": "4485.13800", "2011-12-31": "1433.32600", "2010-12-31": "1107.63300", "2009-12-31": "1074.88600", "2008-12-31": "1094.33700", "2007-12-31": "1141.14700", "2006-12-31": "1070.90200", "2005-12-31": "970.24790"}, "Total Assets": {"2019-12-31": "14060.92000", "2018-12-31": "14183.04000", "2017-12-31": "8231.40200", "2016-12-31": "8453.95400", "2015-12-31": "8742.08900", "2014-12-31": "8648.47900", "2013-12-31": "4678.95000", "2012-12-31": "4609.04200", "2011-12-31": "1462.62300", "2010-12-31": "1172.32600", "2009-12-31": "1093.33600", "2008-12-31": "1111.13600", "2007-12-31": "1153.28400", "2006-12-31": "1093.01000", "2005-12-31": "983.26200"}, "Total Current Liabilities": {"2019-12-31": "688.67200", "2018-12-31": "495.45900", "2017-12-31": "479.82800", "2016-12-31": "943.63200", "2015-12-31": "342.37400", "2014-12-31": "293.84600", "2013-12-31": "166.38500", "2012-12-31": "158.68400", "2011-12-31": "126.83800", "2010-12-31": "40.80800", "2009-12-31": "51.71000", "2008-12-31": "42.32300", "2007-12-31": "59.07600", "2006-12-31": "55.17400", "2005-12-31": "40.67200"}, "Long Term Debt": {"2019-12-31": "5852.67600", "2018-12-31": "6287.12800", "2017-12-31": "4048.49200", "2016-12-31": "3764.09900", "2015-12-31": "4480.20900", "2014-12-31": "4088.54600", "2013-12-31": "2067.41000", "2012-12-31": "1968.39700", "2011-12-31": "589.36900", "2010-12-31": "396.98200", "2009-12-31": "326.33000", "2008-12-31": "326.87400", "2007-12-31": "316.75100", "2006-12-31": "276.65300", "2005-12-31": "231.11300"}, "Other Non-Current Liabilities": {"2019-12-31": "392.08800", "2018-12-31": "397.28200", "2017-12-31": "224.68800", "2016-12-31": "230.25800", "2015-12-31": "271.97400", "2014-12-31": "281.21900", "2013-12-31": "203.38400", "2012-12-31": "224.63800", "2011-12-31": "30.01400", "2010-12-31": "69.06200", "2009-12-31": "82.88800", "2008-12-31": "95.60400", "2007-12-31": "124.35300", "2006-12-31": "121.43300", "2005-12-31": "60.41200"}, "Total Long Term Liabilities": {"2019-12-31": "6424.07300", "2018-12-31": "6857.52500", "2017-12-31": "4340.18900", "2016-12-31": "4085.18200", "2015-12-31": "4838.28700", "2014-12-31": "4463.89800", "2013-12-31": "2309.83400", "2012-12-31": "2193.03500", "2011-12-31": "619.38300", "2010-12-31": "466.04400", "2009-12-31": "409.21800", "2008-12-31": "422.47800", "2007-12-31": "459.93700", "2006-12-31": "405.85100", "2005-12-31": "335.12200"}, "Total Liabilities": {"2019-12-31": "7112.74500", "2018-12-31": "7352.98400", "2017-12-31": "4820.01700", "2016-12-31": "5028.81400", "2015-12-31": "5180.66100", "2014-12-31": "4757.74400", "2013-12-31": "2476.21900", "2012-12-31": "2351.71900", "2011-12-31": "746.22100", "2010-12-31": "506.85200", "2009-12-31": "460.92800", "2008-12-31": "464.80100", "2007-12-31": "519.01300", "2006-12-31": "461.02500", "2005-12-31": "375.79400"}, "Common Stock Net": {"2019-12-31": "0.17200", "2018-12-31": "0.16500", "2017-12-31": "0.10700", "2016-12-31": "0.10600", "2015-12-31": "0.10400", "2014-12-31": "0.10400", "2013-12-31": "0.06900", "2012-12-31": "0.06900", "2011-12-31": "", "2010-12-31": "763.73400", "2009-12-31": "754.50700", "2008-12-31": "757.92100", "2007-12-31": "748.58400", "2006-12-31": "745.96900", "2005-12-31": "740.59300"}, "Retained Earnings (Accumulated Deficit)": {"2019-12-31": "-1557.37400", "2018-12-31": "-1143.99200", "2017-12-31": "-1052.06400", "2016-12-31": "-894.13700", "2015-12-31": "-738.65200", "2014-12-31": "-497.73000", "2013-12-31": "-318.57700", "2012-12-31": "-172.18200", "2011-12-31": "-95.04600", "2010-12-31": "-145.76900", "2009-12-31": "-138.44200", "2008-12-31": "-116.99000", "2007-12-31": "-117.05100", "2006-12-31": "-114.00800", "2005-12-31": "-131.17800"}, "Comprehensive Income": {"2019-12-31": "-255.66700", "2018-12-31": "-254.99600", "2017-12-31": "-236.01100", "2016-12-31": "-254.48500", "2015-12-31": "-172.29100", "2014-12-31": "-75.55900", "2013-12-31": "15.33600", "2012-12-31": "-4.64900", "2011-12-31": "-8.50700", "2010-12-31": "-3.46300", "2009-12-31": "-0.68100", "2008-12-31": "-0.82800", "2007-12-31": "2.73800", "2006-12-31": "0.02400", "2005-12-31": "3.17200"}, "Other Share Holders Equity": {"2019-12-31": "", "2018-12-31": "", "2017-12-31": "219.12400", "2016-12-31": "", "2015-12-31": "", "2014-12-31": "", "2013-12-31": "", "2012-12-31": "", "2011-12-31": "", "2010-12-31": "", "2009-12-31": "", "2008-12-31": "", "2007-12-31": "", "2006-12-31": "", "2005-12-31": ""}, "Share Holder Equity": {"2019-12-31": "6948.17300", "2018-12-31": "6830.05500", "2017-12-31": "3411.38500", "2016-12-31": "3425.14000", "2015-12-31": "3561.42800", "2014-12-31": "3890.73500", "2013-12-31": "2202.73100", "2012-12-31": "2257.32300", "2011-12-31": "716.40200", "2010-12-31": "665.47400", "2009-12-31": "632.40800", "2008-12-31": "646.33500", "2007-12-31": "634.27100", "2006-12-31": "631.98500", "2005-12-31": "607.46800"}, "Total Liabilities And Share Holders Equity": {"2019-12-31": "14060.92000", "2018-12-31": "14183.04000", "2017-12-31": "8231.40200", "2016-12-31": "8453.95400", "2015-12-31": "8742.08900", "2014-12-31": "8648.47900", "2013-12-31": "4678.95000", "2012-12-31": "4609.04200", "2011-12-31": "1462.62300", "2010-12-31": "1172.32600", "2009-12-31": "1093.33600", "2008-12-31": "1111.13600", "2007-12-31": "1153.28400", "2006-12-31": "1093.01000", "2005-12-31": "983.26200"}}, "balance sheet, quarterly": {"Cash On Hand": {"2020-09-30": "152.21500", "2020-06-30": "137.15700", "2020-03-31": "220.92900", "2019-12-31": "196.02800", "2019-09-30": "331.68700", "2019-06-30": "202.27900", "2019-03-31": "243.32500", "2018-12-31": "217.64400", "2018-09-30": "176.61200", "2018-06-30": "122.43000", "2018-03-31": "171.33100", "2017-12-31": "162.31200", "2017-09-30": "169.77000", "2017-06-30": "171.58700", "2017-03-31": "152.83400", "2016-12-31": "155.48200", "2016-09-30": "209.48300", "2016-06-30": "173.30500", "2016-03-31": "267.06400", "2015-12-31": "157.22700", "2015-09-30": "191.31800", "2015-06-30": "233.62900", "2015-03-31": "207.39100", "2014-12-31": "198.68300", "2014-09-30": "530.27600", "2014-06-30": "214.97100", "2014-03-31": "198.94700", "2013-12-31": "117.51900", "2013-09-30": "93.62000", "2013-06-30": "62.76500", "2013-03-31": "111.56400", "2012-12-31": "123.90400", "2012-09-30": "236.74400", "2012-06-30": "39.80000", "2012-03-31": "30.71300", "2011-12-31": "29.29700", "2011-09-30": "37.09500", "2011-06-30": "26.46100", "2011-03-31": "34.07800", "2010-12-31": "64.69300", "2010-09-30": "46.25000", "2010-06-30": "39.44900", "2010-03-31": "33.09600", "2009-12-31": "18.45000", "2009-09-30": "19.00800", "2009-06-30": "23.46900", "2009-03-31": "21.58500", "2008-12-31": "16.79900", "2008-09-30": "20.48500", "2008-06-30": "14.41900", "2008-03-31": "17.62500", "2007-12-31": "12.13700", "2007-09-30": "17.06800", "2007-06-30": "19.05000", "2007-03-31": "13.30000", "2006-12-31": "22.10800", "2006-09-30": "17.99900", "2006-06-30": "15.59300", "2006-03-31": "14.83300", "2005-12-31": "13.01400", "2005-09-30": "12.37600", "2005-06-30": "15.11200", "2005-03-31": "24.42800"}, "Receivables": {"2020-09-30": "", "2020-06-30": "", "2020-03-31": "", "2019-12-31": "", "2019-09-30": "", "2019-06-30": "", "2019-03-31": "", "2018-12-31": "", "2018-09-30": "", "2018-06-30": "", "2018-03-31": "", "2017-12-31": "", "2017-09-30": "", "2017-06-30": "", "2017-03-31": "", "2016-12-31": "", "2016-09-30": "", "2016-06-30": "", "2016-03-31": "", "2015-12-31": "", "2015-09-30": "", "2015-06-30": "", "2015-03-31": "", "2014-12-31": "", "2014-09-30": "", "2014-06-30": "", "2014-03-31": "", "2013-12-31": "", "2013-09-30": "", "2013-06-30": "", "2013-03-31": "", "2012-12-31": "", "2012-09-30": "", "2012-06-30": "", "2012-03-31": "", "2011-12-31": "", "2011-09-30": "", "2011-06-30": "", "2011-03-31": "", "2010-12-31": "", "2010-09-30": "", "2010-06-30": "", "2010-03-31": "", "2009-12-31": "", "2009-09-30": "", "2009-06-30": "", "2009-03-31": "", "2008-12-31": "", "2008-09-30": "", "2008-06-30": "", "2008-03-31": "", "2007-12-31": "", "2007-09-30": "", "2007-06-30": "", "2007-03-31": "", "2006-12-31": "", "2006-09-30": "", "2006-06-30": "", "2006-03-31": "", "2005-12-31": "", "2005-09-30": "", "2005-06-30": "", "2005-03-31": ""}, "Inventory": {"2020-09-30": "", "2020-06-30": "", "2020-03-31": "", "2019-12-31": "", "2019-09-30": "", "2019-06-30": "", "2019-03-31": "", "2018-12-31": "", "2018-09-30": "", "2018-06-30": "", "2018-03-31": "", "2017-12-31": "", "2017-09-30": "", "2017-06-30": "", "2017-03-31": "", "2016-12-31": "", "2016-09-30": "", "2016-06-30": "", "2016-03-31": "", "2015-12-31": "", "2015-09-30": "", "2015-06-30": "", "2015-03-31": "", "2014-12-31": "", "2014-09-30": "", "2014-06-30": "", "2014-03-31": "", "2013-12-31": "", "2013-09-30": "", "2013-06-30": "", "2013-03-31": "", "2012-12-31": "", "2012-09-30": "", "2012-06-30": "", "2012-03-31": "", "2011-12-31": "", "2011-09-30": "", "2011-06-30": "", "2011-03-31": "", "2010-12-31": "", "2010-09-30": "", "2010-06-30": "", "2010-03-31": "", "2009-12-31": "", "2009-09-30": "", "2009-06-30": "", "2009-03-31": "", "2008-12-31": "", "2008-09-30": "", "2008-06-30": "", "2008-03-31": "", "2007-12-31": "", "2007-09-30": "", "2007-06-30": "", "2007-03-31": "", "2006-12-31": "", "2006-09-30": "", "2006-06-30": "", "2006-03-31": "", "2005-12-31": "", "2005-09-30": "", "2005-06-30": "", "2005-03-31": ""}, "Pre-Paid Expenses": {"2020-09-30": "", "2020-06-30": "", "2020-03-31": "", "2019-12-31": "", "2019-09-30": "", "2019-06-30": "", "2019-03-31": "", "2018-12-31": "", "2018-09-30": "", "2018-06-30": "", "2018-03-31": "", "2017-12-31": "", "2017-09-30": "", "2017-06-30": "", "2017-03-31": "", "2016-12-31": "", "2016-09-30": "", "2016-06-30": "", "2016-03-31": "", "2015-12-31": "", "2015-09-30": "", "2015-06-30": "", "2015-03-31": "", "2014-12-31": "", "2014-09-30": "", "2014-06-30": "", "2014-03-31": "", "2013-12-31": "", "2013-09-30": "", "2013-06-30": "", "2013-03-31": "", "2012-12-31": "", "2012-09-30": "", "2012-06-30": "", "2012-03-31": "", "2011-12-31": "", "2011-09-30": "", "2011-06-30": "", "2011-03-31": "", "2010-12-31": "", "2010-09-30": "", "2010-06-30": "", "2010-03-31": "", "2009-12-31": "", "2009-09-30": "", "2009-06-30": "", "2009-03-31": "", "2008-12-31": "", "2008-09-30": "", "2008-06-30": "", "2008-03-31": "", "2007-12-31": "", "2007-09-30": "", "2007-06-30": "", "2007-03-31": "", "2006-12-31": "", "2006-09-30": "", "2006-06-30": "", "2006-03-31": "", "2005-12-31": "", "2005-09-30": "", "2005-06-30": "", "2005-03-31": ""}, "Other Current Assets": {"2020-09-30": "", "2020-06-30": "", "2020-03-31": "", "2019-12-31": "", "2019-09-30": "", "2019-06-30": "", "2019-03-31": "", "2018-12-31": "", "2018-09-30": "", "2018-06-30": "", "2018-03-31": "", "2017-12-31": "", "2017-09-30": "", "2017-06-30": "", "2017-03-31": "", "2016-12-31": "", "2016-09-30": "", "2016-06-30": "", "2016-03-31": "", "2015-12-31": "", "2015-09-30": "", "2015-06-30": "", "2015-03-31": "", "2014-12-31": "", "2014-09-30": "", "2014-06-30": "", "2014-03-31": "", "2013-12-31": "", "2013-09-30": "", "2013-06-30": "", "2013-03-31": "", "2012-12-31": "", "2012-09-30": "", "2012-06-30": "", "2012-03-31": "", "2011-12-31": "", "2011-09-30": "", "2011-06-30": "", "2011-03-31": "", "2010-12-31": "", "2010-09-30": "", "2010-06-30": "", "2010-03-31": "", "2009-12-31": "", "2009-09-30": "", "2009-06-30": "", "2009-03-31": "", "2008-12-31": "", "2008-09-30": "", "2008-06-30": "", "2008-03-31": "", "2007-12-31": "", "2007-09-30": "", "2007-06-30": "", "2007-03-31": "", "2006-12-31": "", "2006-09-30": "", "2006-06-30": "", "2006-03-31": "", "2005-12-31": "", "2005-09-30": "", "2005-06-30": "", "2005-03-31": ""}, "Total Current Assets": {"2020-09-30": "152.21500", "2020-06-30": "137.15700", "2020-03-31": "220.92900", "2019-12-31": "196.02800", "2019-09-30": "331.68700", "2019-06-30": "202.27900", "2019-03-31": "243.32500", "2018-12-31": "217.64400", "2018-09-30": "176.61200", "2018-06-30": "122.43000", "2018-03-31": "171.33100", "2017-12-31": "162.31200", "2017-09-30": "169.77000", "2017-06-30": "171.58700", "2017-03-31": "152.83400", "2016-12-31": "155.48200", "2016-09-30": "209.48300", "2016-06-30": "173.30500", "2016-03-31": "267.06400", "2015-12-31": "157.22700", "2015-09-30": "191.31800", "2015-06-30": "233.62900", "2015-03-31": "207.39100", "2014-12-31": "198.68300", "2014-09-30": "530.27600", "2014-06-30": "214.97100", "2014-03-31": "198.94700", "2013-12-31": "117.51900", "2013-09-30": "93.62000", "2013-06-30": "62.76500", "2013-03-31": "111.56400", "2012-12-31": "123.90400", "2012-09-30": "236.74400", "2012-06-30": "39.80000", "2012-03-31": "30.71300", "2011-12-31": "29.29700", "2011-09-30": "37.09500", "2011-06-30": "26.46100", "2011-03-31": "34.07800", "2010-12-31": "64.69300", "2010-09-30": "46.25000", "2010-06-30": "39.44900", "2010-03-31": "33.09600", "2009-12-31": "18.45000", "2009-09-30": "19.00800", "2009-06-30": "23.46900", "2009-03-31": "21.58500", "2008-12-31": "16.79900", "2008-09-30": "20.48500", "2008-06-30": "14.41900", "2008-03-31": "17.62500", "2007-12-31": "12.13700", "2007-09-30": "17.06800", "2007-06-30": "19.05000", "2007-03-31": "13.30000", "2006-12-31": "22.10800", "2006-09-30": "17.99900", "2006-06-30": "15.59300", "2006-03-31": "14.83300", "2005-12-31": "13.01400", "2005-09-30": "12.37600", "2005-06-30": "15.11200", "2005-03-31": "24.42800"}, "Property, Plant, And Equipment": {"2020-09-30": "12047.35000", "2020-06-30": "11876.42000", "2020-03-31": "11801.15000", "2019-12-31": "11916.75000", "2019-09-30": "11828.92000", "2019-06-30": "11987.78000", "2019-03-31": "12017.51000", "2018-12-31": "11928.85000", "2018-09-30": "6946.49400", "2018-06-30": "6772.31500", "2018-03-31": "6757.14200", "2017-12-31": "6703.71500", "2017-09-30": "6751.90500", "2017-06-30": "6764.91400", "2017-03-31": "4769.78500", "2016-12-31": "6781.90000", "2016-09-30": "4848.03800", "2016-06-30": "4892.89400", "2016-03-31": "5016.52500", "2015-12-31": "5011.14500", "2015-09-30": "5028.76400", "2015-06-30": "5057.15500", "2015-03-31": "4957.10100", "2014-12-31": "4833.07400", "2014-09-30": "4413.26800", "2014-06-30": "4365.38800", "2014-03-31": "4379.05200", "2013-12-31": "2353.39100", "2013-09-30": "2429.28600", "2013-06-30": "2384.61500", "2013-03-31": "2322.39500", "2012-12-31": "2298.12300", "2012-09-30": "2344.72900", "2012-06-30": "578.80900", "2012-03-31": "597.87800", "2011-12-31": "621.18200", "2011-09-30": "609.59500", "2011-06-30": "627.59900", "2011-03-31": "541.57300", "2010-12-31": "548.13100", "2010-09-30": "552.76600", "2010-06-30": "532.05300", "2010-03-31": "521.25600", "2009-12-31": "499.24800", "2009-09-30": "535.16200", "2009-06-30": "563.02300", "2009-03-31": "567.08900", "2008-12-31": "574.32900", "2008-09-30": "576.29900", "2008-06-30": "586.34900", "2008-03-31": "588.31300", "2007-12-31": "586.59400", "2007-09-30": "599.73200", "2007-06-30": "603.53400", "2007-03-31": "596.17800", "2006-12-31": "574.11000", "2006-09-30": "495.99600", "2006-06-30": "497.24800", "2006-03-31": "500.62000", "2005-12-31": "462.34300", "2005-09-30": "460.25800", "2005-06-30": "462.51100", "2005-03-31": "468.54400"}, "Long-Term Investments": {"2020-09-30": "", "2020-06-30": "", "2020-03-31": "", "2019-12-31": "", "2019-09-30": "", "2019-06-30": "", "2019-03-31": "", "2018-12-31": "", "2018-09-30": "", "2018-06-30": "", "2018-03-31": "", "2017-12-31": "", "2017-09-30": "", "2017-06-30": "", "2017-03-31": "", "2016-12-31": "", "2016-09-30": "", "2016-06-30": "", "2016-03-31": "", "2015-12-31": "", "2015-09-30": "", "2015-06-30": "", "2015-03-31": "", "2014-12-31": "", "2014-09-30": "", "2014-06-30": "", "2014-03-31": "", "2013-12-31": "", "2013-09-30": "", "2013-06-30": "", "2013-03-31": "", "2012-12-31": "", "2012-09-30": "", "2012-06-30": "", "2012-03-31": "", "2011-12-31": "", "2011-09-30": "", "2011-06-30": "", "2011-03-31": "", "2010-12-31": "", "2010-09-30": "", "2010-06-30": "", "2010-03-31": "", "2009-12-31": "", "2009-09-30": "", "2009-06-30": "", "2009-03-31": "", "2008-12-31": "", "2008-09-30": "", "2008-06-30": "", "2008-03-31": "", "2007-12-31": "", "2007-09-30": "", "2007-06-30": "", "2007-03-31": "", "2006-12-31": "", "2006-09-30": "", "2006-06-30": "", "2006-03-31": "", "2005-12-31": "", "2005-09-30": "", "2005-06-30": "", "2005-03-31": ""}, "Goodwill And Intangible Assets": {"2020-09-30": "904.07500", "2020-06-30": "898.84200", "2020-03-31": "929.88700", "2019-12-31": "934.68800", "2019-09-30": "930.86400", "2019-06-30": "920.21800", "2019-03-31": "918.67300", "2018-12-31": "920.94400", "2018-09-30": "641.73400", "2018-06-30": "642.06000", "2018-03-31": "645.73600", "2017-12-31": "643.96000", "2017-09-30": "643.32100", "2017-06-30": "640.76100", "2017-03-31": "1849.45100", "2016-12-31": "635.92000", "2016-09-30": "1863.70100", "2016-06-30": "1906.49000", "2016-03-31": "1996.96100", "2015-12-31": "2059.72900", "2015-09-30": "2106.29200", "2015-06-30": "2134.37700", "2015-03-31": "2146.76700", "2014-12-31": "2209.03100", "2014-09-30": "2183.26100", "2014-06-30": "2235.79500", "2014-03-31": "2292.97400", "2013-12-31": "1063.90200", "2013-09-30": "1092.91900", "2013-06-30": "1075.55300", "2013-03-31": "1074.93500", "2012-12-31": "1056.29500", "2012-09-30": "1092.22600", "2012-06-30": "121.40200", "2012-03-31": "123.29400", "2011-12-31": "125.95700", "2011-09-30": "128.24900", "2011-06-30": "130.12200", "2011-03-31": "86.52100", "2010-12-31": "87.76800", "2010-09-30": "88.99400", "2010-06-30": "89.35900", "2010-03-31": "88.74400", "2009-12-31": "85.18700", "2009-09-30": "86.99000", "2009-06-30": "88.52500", "2009-03-31": "91.16600", "2008-12-31": "93.31000", "2008-09-30": "95.17800", "2008-06-30": "96.17200", "2008-03-31": "125.30900", "2007-12-31": "99.87300", "2007-09-30": "101.72300", "2007-06-30": "103.72300", "2007-03-31": "104.86600", "2006-12-31": "107.34900", "2006-09-30": "97.10100", "2006-06-30": "99.42800", "2006-03-31": "101.85700", "2005-12-31": "104.30700", "2005-09-30": "106.75800", "2005-06-30": "109.20800", "2005-03-31": "111.65800"}, "Other Long-Term Assets": {"2020-09-30": "1085.87000", "2020-06-30": "1043.59500", "2020-03-31": "938.34110", "2019-12-31": "1013.45700", "2019-09-30": "992.16500", "2019-06-30": "1081.72900", "2019-03-31": "976.39790", "2018-12-31": "1115.59700", "2018-09-30": "754.14800", "2018-06-30": "729.89500", "2018-03-31": "713.66200", "2017-12-31": "721.41500", "2017-09-30": "769.41500", "2017-06-30": "739.98700", "2017-03-31": "1425.75800", "2016-12-31": "880.65200", "2016-09-30": "1547.06300", "2016-06-30": "1709.88200", "2016-03-31": "1422.70100", "2015-12-31": "1513.98800", "2015-09-30": "1562.05400", "2015-06-30": "1542.44300", "2015-03-31": "1419.27100", "2014-12-31": "1407.69100", "2014-09-30": "1374.64400", "2014-06-30": "1477.59400", "2014-03-31": "1468.49500", "2013-12-31": "1144.13800", "2013-09-30": "1110.53500", "2013-06-30": "1112.42700", "2013-03-31": "1100.72000", "2012-12-31": "1130.72000", "2012-09-30": "1108.79600", "2012-06-30": "698.60400", "2012-03-31": "707.10100", "2011-12-31": "686.18700", "2011-09-30": "693.95000", "2011-06-30": "675.52400", "2011-03-31": "482.03000", "2010-12-31": "471.73400", "2010-09-30": "469.72000", "2010-06-30": "463.54500", "2010-03-31": "447.06100", "2009-12-31": "490.45100", "2009-09-30": "455.57900", "2009-06-30": "462.02800", "2009-03-31": "449.40700", "2008-12-31": "426.69800", "2008-09-30": "432.89200", "2008-06-30": "434.12600", "2008-03-31": "394.84100", "2007-12-31": "454.68000", "2007-09-30": "431.76500", "2007-06-30": "397.41000", "2007-03-31": "393.11300", "2006-12-31": "389.44300", "2006-09-30": "385.51700", "2006-06-30": "385.65300", "2006-03-31": "382.76500", "2005-12-31": "403.59800", "2005-09-30": "388.08200", "2005-06-30": "375.58000", "2005-03-31": "388.37100"}, "Total Long-Term Assets": {"2020-09-30": "14037.29000", "2020-06-30": "13818.86000", "2020-03-31": "13669.38000", "2019-12-31": "13864.89000", "2019-09-30": "13751.95000", "2019-06-30": "13989.73000", "2019-03-31": "13912.58000", "2018-12-31": "13965.39000", "2018-09-30": "8342.37600", "2018-06-30": "8144.27000", "2018-03-31": "8116.54000", "2017-12-31": "8069.09000", "2017-09-30": "8164.64100", "2017-06-30": "8145.66200", "2017-03-31": "8044.99400", "2016-12-31": "8298.47200", "2016-09-30": "8258.80300", "2016-06-30": "8509.26600", "2016-03-31": "8436.18700", "2015-12-31": "8584.86200", "2015-09-30": "8697.11000", "2015-06-30": "8733.97500", "2015-03-31": "8523.13900", "2014-12-31": "8449.79700", "2014-09-30": "7971.17300", "2014-06-30": "8078.77700", "2014-03-31": "8140.52100", "2013-12-31": "4561.43100", "2013-09-30": "4632.74000", "2013-06-30": "4572.59500", "2013-03-31": "4498.05000", "2012-12-31": "4485.13800", "2012-09-30": "4545.75100", "2012-06-30": "1398.81500", "2012-03-31": "1428.27300", "2011-12-31": "1433.32600", "2011-09-30": "1431.79400", "2011-06-30": "1433.24500", "2011-03-31": "1110.12400", "2010-12-31": "1107.63300", "2010-09-30": "1111.48000", "2010-06-30": "1084.95700", "2010-03-31": "1057.06100", "2009-12-31": "1074.88600", "2009-09-30": "1077.73100", "2009-06-30": "1113.57600", "2009-03-31": "1107.66200", "2008-12-31": "1094.33700", "2008-09-30": "1104.36900", "2008-06-30": "1116.64700", "2008-03-31": "1108.46300", "2007-12-31": "1141.14700", "2007-09-30": "1133.22000", "2007-06-30": "1104.66700", "2007-03-31": "1094.15700", "2006-12-31": "1070.90200", "2006-09-30": "978.61400", "2006-06-30": "982.32900", "2006-03-31": "985.24200", "2005-12-31": "970.24790", "2005-09-30": "955.09800", "2005-06-30": "947.29900", "2005-03-31": "968.57300"}, "Total Assets": {"2020-09-30": "14189.51000", "2020-06-30": "13956.01000", "2020-03-31": "13890.31000", "2019-12-31": "14060.92000", "2019-09-30": "14083.64000", "2019-06-30": "14192.01000", "2019-03-31": "14155.90000", "2018-12-31": "14183.04000", "2018-09-30": "8518.98800", "2018-06-30": "8266.70000", "2018-03-31": "8287.87100", "2017-12-31": "8231.40200", "2017-09-30": "8334.41100", "2017-06-30": "8317.24900", "2017-03-31": "8197.82800", "2016-12-31": "8453.95400", "2016-09-30": "8468.28500", "2016-06-30": "8682.57100", "2016-03-31": "8703.25100", "2015-12-31": "8742.08900", "2015-09-30": "8888.42800", "2015-06-30": "8967.60400", "2015-03-31": "8730.53000", "2014-12-31": "8648.47900", "2014-09-30": "8501.44900", "2014-06-30": "8293.74800", "2014-03-31": "8339.46800", "2013-12-31": "4678.95000", "2013-09-30": "4726.36000", "2013-06-30": "4635.36000", "2013-03-31": "4609.61400", "2012-12-31": "4609.04200", "2012-09-30": "4782.49500", "2012-06-30": "1438.61500", "2012-03-31": "1458.98600", "2011-12-31": "1462.62300", "2011-09-30": "1468.88900", "2011-06-30": "1459.70600", "2011-03-31": "1144.20200", "2010-12-31": "1172.32600", "2010-09-30": "1157.73000", "2010-06-30": "1124.40600", "2010-03-31": "1090.15700", "2009-12-31": "1093.33600", "2009-09-30": "1096.73900", "2009-06-30": "1137.04500", "2009-03-31": "1129.24700", "2008-12-31": "1111.13600", "2008-09-30": "1124.85400", "2008-06-30": "1131.06600", "2008-03-31": "1126.08800", "2007-12-31": "1153.28400", "2007-09-30": "1150.28800", "2007-06-30": "1123.71700", "2007-03-31": "1107.45700", "2006-12-31": "1093.01000", "2006-09-30": "996.61300", "2006-06-30": "997.92200", "2006-03-31": "1000.07500", "2005-12-31": "983.26200", "2005-09-30": "967.47400", "2005-06-30": "962.41100", "2005-03-31": "993.00100"}, "Total Current Liabilities": {"2020-09-30": "732.69800", "2020-06-30": "538.17700", "2020-03-31": "554.89100", "2019-12-31": "688.67200", "2019-09-30": "492.95000", "2019-06-30": "574.64400", "2019-03-31": "559.81900", "2018-12-31": "495.45900", "2018-09-30": "962.05600", "2018-06-30": "642.20500", "2018-03-31": "514.56200", "2017-12-31": "479.82800", "2017-09-30": "480.12400", "2017-06-30": "446.91600", "2017-03-31": "255.75400", "2016-12-31": "943.63200", "2016-09-30": "508.89200", "2016-06-30": "270.60200", "2016-03-31": "281.84400", "2015-12-31": "342.37400", "2015-09-30": "298.51400", "2015-06-30": "312.52100", "2015-03-31": "298.21700", "2014-12-31": "293.84600", "2014-09-30": "294.36400", "2014-06-30": "298.43200", "2014-03-31": "291.03800", "2013-12-31": "166.38500", "2013-09-30": "282.48900", "2013-06-30": "272.59500", "2013-03-31": "338.36700", "2012-12-31": "158.68400", "2012-09-30": "275.71400", "2012-06-30": "62.94800", "2012-03-31": "62.26300", "2011-12-31": "126.83800", "2011-09-30": "71.70800", "2011-06-30": "64.77400", "2011-03-31": "28.49500", "2010-12-31": "40.80800", "2010-09-30": "34.03000", "2010-06-30": "45.89100", "2010-03-31": "43.06100", "2009-12-31": "51.71000", "2009-09-30": "48.03200", "2009-06-30": "46.60200", "2009-03-31": "57.07600", "2008-12-31": "42.32300", "2008-09-30": "44.00100", "2008-06-30": "39.57700", "2008-03-31": "115.94200", "2007-12-31": "59.07600", "2007-09-30": "120.23900", "2007-06-30": "60.54900", "2007-03-31": "51.70100", "2006-12-31": "55.17400", "2006-09-30": "27.21300", "2006-06-30": "29.85800", "2006-03-31": "32.64200", "2005-12-31": "40.67200", "2005-09-30": "101.47700", "2005-06-30": "98.73200", "2005-03-31": "124.26500"}, "Long Term Debt": {"2020-09-30": "6051.66100", "2020-06-30": "6099.90100", "2020-03-31": "6046.16000", "2019-12-31": "5852.67600", "2019-09-30": "6074.77900", "2019-06-30": "6065.78400", "2019-03-31": "6016.58900", "2018-12-31": "6287.12800", "2018-09-30": "3967.40400", "2018-06-30": "4004.14100", "2018-03-31": "4121.70700", "2017-12-31": "4048.49200", "2017-09-30": "4090.62500", "2017-06-30": "4099.16300", "2017-03-31": "4173.35200", "2016-12-31": "3764.09900", "2016-09-30": "4141.90500", "2016-06-30": "4641.92800", "2016-03-31": "4563.66400", "2015-12-31": "4480.20900", "2015-09-30": "4600.10800", "2015-06-30": "4544.50700", "2015-03-31": "4336.22400", "2014-12-31": "4088.54600", "2014-09-30": "3819.37800", "2014-06-30": "3798.37000", "2014-03-31": "3826.48700", "2013-12-31": "2067.41000", "2013-09-30": "2175.55600", "2013-06-30": "2071.15500", "2013-03-31": "1993.33500", "2012-12-31": "1968.39700", "2012-09-30": "2135.88000", "2012-06-30": "579.69200", "2012-03-31": "602.88200", "2011-12-31": "589.36900", "2011-09-30": "588.51400", "2011-06-30": "576.10100", "2011-03-31": "372.74700", "2010-12-31": "396.98200", "2010-09-30": "395.89400", "2010-06-30": "377.99700", "2010-03-31": "359.15800", "2009-12-31": "326.33000", "2009-09-30": "320.02100", "2009-06-30": "358.06500", "2009-03-31": "347.50700", "2008-12-31": "326.87400", "2008-09-30": "328.97800", "2008-06-30": "342.68800", "2008-03-31": "264.25800", "2007-12-31": "316.75100", "2007-09-30": "289.69500", "2007-06-30": "294.24400", "2007-03-31": "291.54200", "2006-12-31": "276.65300", "2006-09-30": "251.65400", "2006-06-30": "253.89700", "2006-03-31": "249.89600", "2005-12-31": "231.11300", "2005-09-30": "172.57500", "2005-06-30": "174.87400", "2005-03-31": "180.58900"}, "Other Non-Current Liabilities": {"2020-09-30": "378.32200", "2020-06-30": "380.96100", "2020-03-31": "384.14000", "2019-12-31": "392.08800", "2019-09-30": "388.45200", "2019-06-30": "391.94400", "2019-03-31": "394.47100", "2018-12-31": "397.28200", "2018-09-30": "218.88600", "2018-06-30": "219.47900", "2018-03-31": "223.07500", "2017-12-31": "224.68800", "2017-09-30": "227.13200", "2017-06-30": "228.33900", "2017-03-31": "228.69500", "2016-12-31": "230.25800", "2016-09-30": "233.30000", "2016-06-30": "234.34200", "2016-03-31": "237.31800", "2015-12-31": "271.97400", "2015-09-30": "281.91400", "2015-06-30": "286.43500", "2015-03-31": "288.85000", "2014-12-31": "281.21900", "2014-09-30": "283.41200", "2014-06-30": "277.39200", "2014-03-31": "369.37300", "2013-12-31": "203.38400", "2013-09-30": "77.98700", "2013-06-30": "78.57600", "2013-03-31": "64.53200", "2012-12-31": "224.63800", "2012-09-30": "137.22000", "2012-06-30": "67.40000", "2012-03-31": "75.85100", "2011-12-31": "30.01400", "2011-09-30": "77.52700", "2011-06-30": "86.81500", "2011-03-31": "67.91100", "2010-12-31": "69.06200", "2010-09-30": "63.81100", "2010-06-30": "67.41500", "2010-03-31": "64.91900", "2009-12-31": "82.88800", "2009-09-30": "84.78200", "2009-06-30": "87.39700", "2009-03-31": "92.76200", "2008-12-31": "95.60400", "2008-09-30": "80.29100", "2008-06-30": "81.09700", "2008-03-31": "83.61200", "2007-12-31": "124.35300", "2007-09-30": "90.07300", "2007-06-30": "105.33000", "2007-03-31": "127.48300", "2006-12-31": "121.43300", "2006-09-30": "69.52200", "2006-06-30": "65.64200", "2006-03-31": "64.35200", "2005-12-31": "60.41200", "2005-09-30": "38.76200", "2005-06-30": "36.12300", "2005-03-31": "39.14300"}, "Total Long Term Liabilities": {"2020-09-30": "6567.44300", "2020-06-30": "6615.38100", "2020-03-31": "6562.34100", "2019-12-31": "6424.07300", "2019-09-30": "6626.26800", "2019-06-30": "6626.56800", "2019-03-31": "6578.35400", "2018-12-31": "6857.52500", "2018-09-30": "4285.22300", "2018-06-30": "4312.49100", "2018-03-31": "4403.80400", "2017-12-31": "4340.18900", "2017-09-30": "4404.33800", "2017-06-30": "4414.09400", "2017-03-31": "4485.42200", "2016-12-31": "4085.18200", "2016-09-30": "4447.31200", "2016-06-30": "4948.96900", "2016-03-31": "4889.91700", "2015-12-31": "4838.28700", "2015-09-30": "4969.59200", "2015-06-30": "4919.97800", "2015-03-31": "4721.06100", "2014-12-31": "4463.89800", "2014-09-30": "4199.16200", "2014-06-30": "4163.75300", "2014-03-31": "4195.86000", "2013-12-31": "2309.83400", "2013-09-30": "2253.54300", "2013-06-30": "2149.73100", "2013-03-31": "2057.86700", "2012-12-31": "2193.03500", "2012-09-30": "2273.10000", "2012-06-30": "647.09200", "2012-03-31": "678.73300", "2011-12-31": "619.38300", "2011-09-30": "666.04100", "2011-06-30": "662.91600", "2011-03-31": "440.65800", "2010-12-31": "466.04400", "2010-09-30": "459.70500", "2010-06-30": "445.41200", "2010-03-31": "424.07700", "2009-12-31": "409.21800", "2009-09-30": "404.80300", "2009-06-30": "445.46200", "2009-03-31": "440.26900", "2008-12-31": "422.47800", "2008-09-30": "428.79200", "2008-06-30": "443.04500", "2008-03-31": "366.48800", "2007-12-31": "459.93700", "2007-09-30": "387.34800", "2007-06-30": "407.18300", "2007-03-31": "426.82500", "2006-12-31": "405.85100", "2006-09-30": "367.99100", "2006-06-30": "365.76900", "2006-03-31": "364.15700", "2005-12-31": "335.12200", "2005-09-30": "252.43300", "2005-06-30": "249.86700", "2005-03-31": "258.37900"}, "Total Liabilities": {"2020-09-30": "7300.14100", "2020-06-30": "7153.55800", "2020-03-31": "7117.23200", "2019-12-31": "7112.74500", "2019-09-30": "7119.21700", "2019-06-30": "7201.21300", "2019-03-31": "7138.17300", "2018-12-31": "7352.98400", "2018-09-30": "5247.27900", "2018-06-30": "4954.69600", "2018-03-31": "4918.36600", "2017-12-31": "4820.01700", "2017-09-30": "4884.46200", "2017-06-30": "4861.01100", "2017-03-31": "4741.17600", "2016-12-31": "5028.81400", "2016-09-30": "4956.20400", "2016-06-30": "5219.57100", "2016-03-31": "5171.76100", "2015-12-31": "5180.66100", "2015-09-30": "5268.10600", "2015-06-30": "5232.49900", "2015-03-31": "5019.27800", "2014-12-31": "4757.74400", "2014-09-30": "4493.52600", "2014-06-30": "4462.18500", "2014-03-31": "4486.89800", "2013-12-31": "2476.21900", "2013-09-30": "2536.03200", "2013-06-30": "2422.32600", "2013-03-31": "2396.23400", "2012-12-31": "2351.71900", "2012-09-30": "2548.81400", "2012-06-30": "710.04000", "2012-03-31": "740.99600", "2011-12-31": "746.22100", "2011-09-30": "737.74900", "2011-06-30": "727.69000", "2011-03-31": "469.15300", "2010-12-31": "506.85200", "2010-09-30": "493.73500", "2010-06-30": "491.30300", "2010-03-31": "467.13800", "2009-12-31": "460.92800", "2009-09-30": "452.83500", "2009-06-30": "492.06400", "2009-03-31": "497.34500", "2008-12-31": "464.80100", "2008-09-30": "472.79300", "2008-06-30": "482.62200", "2008-03-31": "482.43000", "2007-12-31": "519.01300", "2007-09-30": "507.58700", "2007-06-30": "467.73200", "2007-03-31": "478.52600", "2006-12-31": "461.02500", "2006-09-30": "395.20400", "2006-06-30": "395.62700", "2006-03-31": "396.79900", "2005-12-31": "375.79400", "2005-09-30": "353.91000", "2005-06-30": "348.59900", "2005-03-31": "382.64400"}, "Common Stock Net": {"2020-09-30": "0.17500", "2020-06-30": "0.17400", "2020-03-31": "0.17200", "2019-12-31": "0.17200", "2019-09-30": "0.17200", "2019-06-30": "0.17100", "2019-03-31": "0.17000", "2018-12-31": "0.16500", "2018-09-30": "0.10700", "2018-06-30": "0.10700", "2018-03-31": "0.10700", "2017-12-31": "0.10700", "2017-09-30": "0.10700", "2017-06-30": "0.10700", "2017-03-31": "0.10700", "2016-12-31": "0.10600", "2016-09-30": "0.10600", "2016-06-30": "0.10500", "2016-03-31": "0.10500", "2015-12-31": "0.10400", "2015-09-30": "0.10500", "2015-06-30": "0.10500", "2015-03-31": "0.10500", "2014-12-31": "0.10400", "2014-09-30": "0.10500", "2014-06-30": "0.10000", "2014-03-31": "0.10000", "2013-12-31": "0.06900", "2013-09-30": "0.06900", "2013-06-30": "0.06900", "2013-03-31": "0.06900", "2012-12-31": "0.06900", "2012-09-30": "0.06800", "2012-06-30": "798.03600", "2012-03-31": "790.18000", "2011-12-31": "", "2011-09-30": "770.24600", "2011-06-30": "765.80800", "2011-03-31": "764.31000", "2010-12-31": "763.73400", "2010-09-30": "762.50500", "2010-06-30": "758.08000", "2010-03-31": "755.66100", "2009-12-31": "754.50700", "2009-09-30": "756.10700", "2009-06-30": "752.88400", "2009-03-31": "748.65400", "2008-12-31": "757.92100", "2008-09-30": "771.28300", "2008-06-30": "760.72300", "2008-03-31": "756.93100", "2007-12-31": "748.58400", "2007-09-30": "734.51800", "2007-06-30": "751.50800", "2007-03-31": "748.37900", "2006-12-31": "745.96900", "2006-09-30": "742.19500", "2006-06-30": "740.24700", "2006-03-31": "736.80300", "2005-12-31": "740.59300", "2005-09-30": "741.72800", "2005-06-30": "740.48000", "2005-03-31": "738.78300"}, "Retained Earnings (Accumulated Deficit)": {"2020-09-30": "-1800.87500", "2020-06-30": "-1765.89200", "2020-03-31": "-1688.74400", "2019-12-31": "-1557.37400", "2019-09-30": "-1506.79500", "2019-06-30": "-1368.45700", "2019-03-31": "-1256.75400", "2018-12-31": "-1143.99200", "2018-09-30": "-1165.91400", "2018-06-30": "-1132.18200", "2018-03-31": "-1097.41500", "2017-12-31": "-1052.06400", "2017-09-30": "-1017.90100", "2017-06-30": "-989.38400", "2017-03-31": "-945.51500", "2016-12-31": "-894.13700", "2016-09-30": "-834.86800", "2016-06-30": "-839.16200", "2016-03-31": "-786.21700", "2015-12-31": "-738.65200", "2015-09-30": "-655.09500", "2015-06-30": "-575.40400", "2015-03-31": "-537.52500", "2014-12-31": "-497.73000", "2014-09-30": "-399.11600", "2014-06-30": "-327.46000", "2014-03-31": "-302.79900", "2013-12-31": "-318.57700", "2013-09-30": "-273.85000", "2013-06-30": "-233.10700", "2013-03-31": "-218.19100", "2012-12-31": "-172.18200", "2012-09-30": "-141.57300", "2012-06-30": "-99.65300", "2012-03-31": "-108.10000", "2011-12-31": "-95.04600", "2011-09-30": "-80.95400", "2011-06-30": "-85.87400", "2011-03-31": "-142.84500", "2010-12-31": "-145.76900", "2010-09-30": "-145.51900", "2010-06-30": "-141.57100", "2010-03-31": "-144.86400", "2009-12-31": "-138.44200", "2009-09-30": "-129.78000", "2009-06-30": "-123.31000", "2009-03-31": "-118.71500", "2008-12-31": "-116.99000", "2008-09-30": "-119.31900", "2008-06-30": "-118.81200", "2008-03-31": "-119.34100", "2007-12-31": "-117.05100", "2007-09-30": "-93.84200", "2007-06-30": "-96.07200", "2007-03-31": "-119.87300", "2006-12-31": "-114.00800", "2006-09-30": "-140.47100", "2006-06-30": "-137.43600", "2006-03-31": "-137.18800", "2005-12-31": "-131.17800", "2005-09-30": "-125.74100", "2005-06-30": "-123.12800", "2005-03-31": "-123.25900"}, "Comprehensive Income": {"2020-09-30": "-273.12400", "2020-06-30": "-290.61300", "2020-03-31": "-295.01800", "2019-12-31": "-255.66700", "2019-09-30": "-284.97500", "2019-06-30": "-260.81700", "2019-03-31": "-252.68300", "2018-12-31": "-254.99600", "2018-09-30": "-254.05500", "2018-06-30": "-247.40200", "2018-03-31": "-229.23800", "2017-12-31": "-236.01100", "2017-09-30": "-229.58100", "2017-06-30": "-243.64800", "2017-03-31": "-246.23400", "2016-12-31": "-254.48500", "2016-09-30": "-221.32600", "2016-06-30": "-206.20100", "2016-03-31": "-171.90300", "2015-12-31": "-172.29100", "2015-09-30": "-156.66900", "2015-06-30": "-120.77700", "2015-03-31": "", "2014-12-31": "-75.55900", "2014-09-30": "-21.27100", "2014-06-30": "14.21500", "2014-03-31": "17.44300", "2013-12-31": "15.33600", "2013-09-30": "8.62600", "2013-06-30": "-2.98400", "2013-03-31": "-9.41400", "2012-12-31": "-4.64900", "2012-09-30": "-9.26500", "2012-06-30": "-11.09600", "2012-03-31": "-5.97600", "2011-12-31": "-8.50700", "2011-09-30": "-4.63900", "2011-06-30": "2.90400", "2011-03-31": "2.30100", "2010-12-31": "-3.46300", "2010-09-30": "-3.59200", "2010-06-30": "-9.85900", "2010-03-31": "-4.53200", "2009-12-31": "-0.68100", "2009-09-30": "0.64800", "2009-06-30": "-1.07200", "2009-03-31": "-4.43500", "2008-12-31": "-0.82800", "2008-09-30": "0.09700", "2008-06-30": "6.53300", "2008-03-31": "6.06800", "2007-12-31": "2.73800", "2007-09-30": "2.02500", "2007-06-30": "0.54900", "2007-03-31": "0.42500", "2006-12-31": "0.02400", "2006-09-30": "-0.31500", "2006-06-30": "-0.51600", "2006-03-31": "3.66100", "2005-12-31": "3.17200", "2005-09-30": "3.34100", "2005-06-30": "3.06800", "2005-03-31": "2.25200"}, "Other Share Holders Equity": {"2020-09-30": "", "2020-06-30": "", "2020-03-31": "", "2019-12-31": "", "2019-09-30": "", "2019-06-30": "", "2019-03-31": "", "2018-12-31": "", "2018-09-30": "", "2018-06-30": "", "2018-03-31": "", "2017-12-31": "219.12400", "2017-09-30": "", "2017-06-30": "", "2017-03-31": "", "2016-12-31": "", "2016-09-30": "", "2016-06-30": "", "2016-03-31": "", "2015-12-31": "", "2015-09-30": "", "2015-06-30": "", "2015-03-31": "", "2014-12-31": "", "2014-09-30": "", "2014-06-30": "", "2014-03-31": "", "2013-12-31": "", "2013-09-30": "", "2013-06-30": "", "2013-03-31": "", "2012-12-31": "", "2012-09-30": "", "2012-06-30": "", "2012-03-31": "", "2011-12-31": "", "2011-09-30": "", "2011-06-30": "", "2011-03-31": "", "2010-12-31": "", "2010-09-30": "", "2010-06-30": "", "2010-03-31": "", "2009-12-31": "", "2009-09-30": "", "2009-06-30": "", "2009-03-31": "", "2008-12-31": "", "2008-09-30": "", "2008-06-30": "", "2008-03-31": "", "2007-12-31": "", "2007-09-30": "", "2007-06-30": "", "2007-03-31": "", "2006-12-31": "", "2006-09-30": "", "2006-06-30": "", "2006-03-31": "", "2005-12-31": "", "2005-09-30": "", "2005-06-30": "", "2005-03-31": ""}, "Share Holder Equity": {"2020-09-30": "6889.36900", "2020-06-30": "6802.45500", "2020-03-31": "6773.07600", "2019-12-31": "6948.17300", "2019-09-30": "6964.42200", "2019-06-30": "6990.79400", "2019-03-31": "7017.72900", "2018-12-31": "6830.05500", "2018-09-30": "3271.70900", "2018-06-30": "3312.00400", "2018-03-31": "3369.50500", "2017-12-31": "3411.38500", "2017-09-30": "3449.94900", "2017-06-30": "3456.23800", "2017-03-31": "3456.65200", "2016-12-31": "3425.14000", "2016-09-30": "3512.08100", "2016-06-30": "3463.00000", "2016-03-31": "3531.49000", "2015-12-31": "3561.42800", "2015-09-30": "3620.32200", "2015-06-30": "3735.10500", "2015-03-31": "3711.25200", "2014-12-31": "3890.73500", "2014-09-30": "4007.92300", "2014-06-30": "3831.56300", "2014-03-31": "3852.57000", "2013-12-31": "2202.73100", "2013-09-30": "2190.32800", "2013-06-30": "2213.03400", "2013-03-31": "2213.38000", "2012-12-31": "2257.32300", "2012-09-30": "2233.68100", "2012-06-30": "728.57500", "2012-03-31": "717.99000", "2011-12-31": "716.40200", "2011-09-30": "731.14000", "2011-06-30": "732.01600", "2011-03-31": "675.04900", "2010-12-31": "665.47400", "2010-09-30": "663.99500", "2010-06-30": "633.10300", "2010-03-31": "623.01900", "2009-12-31": "632.40800", "2009-09-30": "643.90400", "2009-06-30": "644.98100", "2009-03-31": "631.90200", "2008-12-31": "646.33500", "2008-09-30": "652.06100", "2008-06-30": "648.44400", "2008-03-31": "643.65800", "2007-12-31": "634.27100", "2007-09-30": "642.70100", "2007-06-30": "655.98500", "2007-03-31": "628.93100", "2006-12-31": "631.98500", "2006-09-30": "601.40900", "2006-06-30": "602.29500", "2006-03-31": "603.27600", "2005-12-31": "607.46800", "2005-09-30": "613.56400", "2005-06-30": "613.81200", "2005-03-31": "610.35700"}, "Total Liabilities And Share Holders Equity": {"2020-09-30": "14189.51000", "2020-06-30": "13956.01000", "2020-03-31": "13890.31000", "2019-12-31": "14060.92000", "2019-09-30": "14083.64000", "2019-06-30": "14192.01000", "2019-03-31": "14155.90000", "2018-12-31": "14183.04000", "2018-09-30": "8518.98800", "2018-06-30": "8266.70000", "2018-03-31": "8287.87100", "2017-12-31": "8231.40200", "2017-09-30": "8334.41100", "2017-06-30": "8317.24900", "2017-03-31": "8197.82800", "2016-12-31": "8453.95400", "2016-09-30": "8468.28500", "2016-06-30": "8682.57100", "2016-03-31": "8703.25100", "2015-12-31": "8742.08900", "2015-09-30": "8888.42800", "2015-06-30": "8967.60400", "2015-03-31": "8730.53000", "2014-12-31": "8648.47900", "2014-09-30": "8501.44900", "2014-06-30": "8293.74800", "2014-03-31": "8339.46800", "2013-12-31": "4678.95000", "2013-09-30": "4726.36000", "2013-06-30": "4635.36000", "2013-03-31": "4609.61400", "2012-12-31": "4609.04200", "2012-09-30": "4782.49500", "2012-06-30": "1438.61500", "2012-03-31": "1458.98600", "2011-12-31": "1462.62300", "2011-09-30": "1468.88900", "2011-06-30": "1459.70600", "2011-03-31": "1144.20200", "2010-12-31": "1172.32600", "2010-09-30": "1157.73000", "2010-06-30": "1124.40600", "2010-03-31": "1090.15700", "2009-12-31": "1093.33600", "2009-09-30": "1096.73900", "2009-06-30": "1137.04500", "2009-03-31": "1129.24700", "2008-12-31": "1111.13600", "2008-09-30": "1124.85400", "2008-06-30": "1131.06600", "2008-03-31": "1126.08800", "2007-12-31": "1153.28400", "2007-09-30": "1150.28800", "2007-06-30": "1123.71700", "2007-03-31": "1107.45700", "2006-12-31": "1093.01000", "2006-09-30": "996.61300", "2006-06-30": "997.92200", "2006-03-31": "1000.07500", "2005-12-31": "983.26200", "2005-09-30": "967.47400", "2005-06-30": "962.41100", "2005-03-31": "993.00100"}}, "cash flow statement": {"Net Income/Loss": {"2019-12-31": "306.54400", "2018-12-31": "424.34100", "2017-12-31": "285.08300", "2016-12-31": "274.80700", "2015-12-31": "185.22700", "2014-12-31": "246.06900", "2013-12-31": "132.16500", "2012-12-31": "62.77900", "2011-12-31": "139.13800", "2010-12-31": "74.95100", "2009-12-31": "70.56800", "2008-12-31": "78.60500", "2007-12-31": "88.78900", "2006-12-31": "86.30300", "2005-12-31": "48.60400"}, "Total Depreciation And Amortization - Cash Flow": {"2019-12-31": "544.90800", "2018-12-31": "349.29800", "2017-12-31": "316.46600", "2016-12-31": "283.01500", "2015-12-31": "317.24900", "2014-12-31": "247.76300", "2013-12-31": "130.88000", "2012-12-31": "45.67800", "2011-12-31": "23.32500", "2010-12-31": "24.44300", "2009-12-31": "24.47600", "2008-12-31": "27.19700", "2007-12-31": "27.32100", "2006-12-31": "27.20700", "2005-12-31": "21.94200"}, "Other Non-Cash Items": {"2019-12-31": "-22.88400", "2018-12-31": "-237.86100", "2017-12-31": "-100.45500", "2016-12-31": "-50.40600", "2015-12-31": "17.09700", "2014-12-31": "-110.10300", "2013-12-31": "-48.31800", "2012-12-31": "-19.33900", "2011-12-31": "-84.00400", "2010-12-31": "-19.07800", "2009-12-31": "-23.21900", "2008-12-31": "-34.03000", "2007-12-31": "-64.79200", "2006-12-31": "-35.64900", "2005-12-31": "-13.20400"}, "Total Non-Cash Items": {"2019-12-31": "522.02400", "2018-12-31": "111.43700", "2017-12-31": "216.01100", "2016-12-31": "232.60900", "2015-12-31": "334.34600", "2014-12-31": "137.66000", "2013-12-31": "82.56200", "2012-12-31": "26.33900", "2011-12-31": "-60.67900", "2010-12-31": "5.36500", "2009-12-31": "1.25700", "2008-12-31": "-6.83300", "2007-12-31": "-37.47100", "2006-12-31": "-8.44200", "2005-12-31": "8.73800"}, "Change In Accounts Receivable": {"2019-12-31": "", "2018-12-31": "", "2017-12-31": "", "2016-12-31": "", "2015-12-31": "", "2014-12-31": "", "2013-12-31": "", "2012-12-31": "", "2011-12-31": "", "2010-12-31": "", "2009-12-31": "", "2008-12-31": "", "2007-12-31": "", "2006-12-31": "", "2005-12-31": ""}, "Change In Inventories": {"2019-12-31": "", "2018-12-31": "", "2017-12-31": "", "2016-12-31": "", "2015-12-31": "", "2014-12-31": "", "2013-12-31": "", "2012-12-31": "", "2011-12-31": "", "2010-12-31": "", "2009-12-31": "", "2008-12-31": "", "2007-12-31": "", "2006-12-31": "", "2005-12-31": ""}, "Change In Accounts Payable": {"2019-12-31": "", "2018-12-31": "", "2017-12-31": "", "2016-12-31": "", "2015-12-31": "", "2014-12-31": "", "2013-12-31": "", "2012-12-31": "", "2011-12-31": "", "2010-12-31": "", "2009-12-31": "", "2008-12-31": "", "2007-12-31": "", "2006-12-31": "", "2005-12-31": ""}, "Change In Assets/Liabilities": {"2019-12-31": "-16.49100", "2018-12-31": "-26.61200", "2017-12-31": "19.56500", "2016-12-31": "39.38100", "2015-12-31": "-11.03200", "2014-12-31": "15.36300", "2013-12-31": "-6.81900", "2012-12-31": "9.80200", "2011-12-31": "1.41300", "2010-12-31": "7.38900", "2009-12-31": "11.99500", "2008-12-31": "-0.44600", "2007-12-31": "-5.64300", "2006-12-31": "17.76800", "2005-12-31": "-2.91000"}, "Total Change In Assets/Liabilities": {"2019-12-31": "-16.49100", "2018-12-31": "-26.61200", "2017-12-31": "19.56500", "2016-12-31": "39.38100", "2015-12-31": "-11.03200", "2014-12-31": "15.36300", "2013-12-31": "-6.81900", "2012-12-31": "-8.47500", "2011-12-31": "1.65700", "2010-12-31": "6.10100", "2009-12-31": "2.71900", "2008-12-31": "-8.52500", "2007-12-31": "-3.84700", "2006-12-31": "42.07900", "2005-12-31": "-4.63500"}, "Cash Flow From Operating Activities": {"2019-12-31": "812.07700", "2018-12-31": "509.16600", "2017-12-31": "520.65900", "2016-12-31": "546.79700", "2015-12-31": "508.54100", "2014-12-31": "399.09200", "2013-12-31": "207.90800", "2012-12-31": "80.64300", "2011-12-31": "80.11600", "2010-12-31": "86.41700", "2009-12-31": "74.54400", "2008-12-31": "63.24700", "2007-12-31": "47.47100", "2006-12-31": "119.94000", "2005-12-31": "52.70700"}, "Net Change In Property, Plant, And Equipment": {"2019-12-31": "-575.19700", "2018-12-31": "-395.60600", "2017-12-31": "49.72400", "2016-12-31": "-53.71300", "2015-12-31": "-676.02700", "2014-12-31": "-657.08600", "2013-12-31": "-108.12200", "2012-12-31": "63.05600", "2011-12-31": "-25.03800", "2010-12-31": "-87.42800", "2009-12-31": "-3.92000", "2008-12-31": "-9.19000", "2007-12-31": "-54.26400", "2006-12-31": "-57.08300", "2005-12-31": "42.10200"}, "Net Change In Intangible Assets": {"2019-12-31": "", "2018-12-31": "", "2017-12-31": "", "2016-12-31": "", "2015-12-31": "", "2014-12-31": "", "2013-12-31": "", "2012-12-31": "", "2011-12-31": "", "2010-12-31": "", "2009-12-31": "", "2008-12-31": "", "2007-12-31": "", "2006-12-31": "", "2005-12-31": ""}, "Net Acquisitions/Divestitures": {"2019-12-31": "", "2018-12-31": "-1.68800", "2017-12-31": "", "2016-12-31": "", "2015-12-31": "", "2014-12-31": "-1.33800", "2013-12-31": "", "2012-12-31": "26.58900", "2011-12-31": "", "2010-12-31": "", "2009-12-31": "", "2008-12-31": "", "2007-12-31": "", "2006-12-31": "", "2005-12-31": ""}, "Net Change In Short-term Investments": {"2019-12-31": "9.82900", "2018-12-31": "27.00000", "2017-12-31": "154.40200", "2016-12-31": "-220.44700", "2015-12-31": "0.00000", "2014-12-31": "0.00000", "2013-12-31": "0.00000", "2012-12-31": "", "2011-12-31": "0.00000", "2010-12-31": "", "2009-12-31": "", "2008-12-31": "", "2007-12-31": "", "2006-12-31": "", "2005-12-31": ""}, "Net Change In Long-Term Investments": {"2019-12-31": "31.77000", "2018-12-31": "-1.79100", "2017-12-31": "8.79400", "2016-12-31": "-8.51000", "2015-12-31": "-8.02900", "2014-12-31": "-18.11600", "2013-12-31": "56.07300", "2012-12-31": "45.56800", "2011-12-31": "-102.80500", "2010-12-31": "18.75800", "2009-12-31": "36.23000", "2008-12-31": "18.08300", "2007-12-31": "13.84500", "2006-12-31": "13.28600", "2005-12-31": "6.16400"}, "Net Change In Investments - Total": {"2019-12-31": "41.59900", "2018-12-31": "25.20900", "2017-12-31": "163.19600", "2016-12-31": "-228.95700", "2015-12-31": "-8.02900", "2014-12-31": "-18.11600", "2013-12-31": "56.07300", "2012-12-31": "45.56800", "2011-12-31": "-102.80500", "2010-12-31": "18.75800", "2009-12-31": "36.23000", "2008-12-31": "18.08300", "2007-12-31": "13.84500", "2006-12-31": "13.28600", "2005-12-31": "6.16400"}, "Investing Activities - Other": {"2019-12-31": "10.82500", "2018-12-31": "105.95300", "2017-12-31": "1.31800", "2016-12-31": "-2.07100", "2015-12-31": "38.87100", "2014-12-31": "36.31400", "2013-12-31": "45.67500", "2012-12-31": "-8.74700", "2011-12-31": "1.75900", "2010-12-31": "30.82700", "2009-12-31": "-14.20400", "2008-12-31": "3.70500", "2007-12-31": "-0.62900", "2006-12-31": "-0.76400", "2005-12-31": "-0.52400"}, "Cash Flow From Investing Activities": {"2019-12-31": "-522.77300", "2018-12-31": "-266.13200", "2017-12-31": "214.23800", "2016-12-31": "-284.74100", "2015-12-31": "-645.18500", "2014-12-31": "-640.22600", "2013-12-31": "-6.37400", "2012-12-31": "126.46600", "2011-12-31": "-126.08400", "2010-12-31": "-37.84300", "2009-12-31": "18.10600", "2008-12-31": "12.59800", "2007-12-31": "-41.04800", "2006-12-31": "-44.56100", "2005-12-31": "47.74200"}, "Net Long-Term Debt": {"2019-12-31": "769.89210", "2018-12-31": "378.87700", "2017-12-31": "-187.63590", "2016-12-31": "378.05900", "2015-12-31": "669.28710", "2014-12-31": "655.67590", "2013-12-31": "-69.76400", "2012-12-31": "-35.12400", "2011-12-31": "66.08300", "2010-12-31": "16.42600", "2009-12-31": "-7.69700", "2008-12-31": "10.61800", "2007-12-31": "65.79000", "2006-12-31": "-3.90100", "2005-12-31": "-39.35800"}, "Net Current Debt": {"2019-12-31": "-1028.79500", "2018-12-31": "-207.45000", "2017-12-31": "-193.43400", "2016-12-31": "-293.54200", "2015-12-31": "-91.56000", "2014-12-31": "-220.78600", "2013-12-31": "115.56700", "2012-12-31": "23.75000", "2011-12-31": "45.49100", "2010-12-31": "56.84100", "2009-12-31": "28.52100", "2008-12-31": "", "2007-12-31": "", "2006-12-31": "", "2005-12-31": ""}, "Debt Issuance/Retirement Net - Total": {"2019-12-31": "-258.90300", "2018-12-31": "171.42700", "2017-12-31": "-381.06990", "2016-12-31": "84.51700", "2015-12-31": "577.72710", "2014-12-31": "434.88990", "2013-12-31": "45.80300", "2012-12-31": "-11.37400", "2011-12-31": "111.57400", "2010-12-31": "73.26700", "2009-12-31": "20.82400", "2008-12-31": "10.61800", "2007-12-31": "65.79000", "2006-12-31": "-3.90100", "2005-12-31": "-39.35800"}, "Net Common Equity Issued/Repurchased": {"2019-12-31": "523.28700", "2018-12-31": "286.36600", "2017-12-31": "22.82400", "2016-12-31": "84.06300", "2015-12-31": "0.51500", "2014-12-31": "283.37300", "2013-12-31": "-37.68800", "2012-12-31": "6.37400", "2011-12-31": "1.48800", "2010-12-31": "3.72400", "2009-12-31": "-9.17900", "2008-12-31": "7.93700", "2007-12-31": "-4.84300", "2006-12-31": "6.72300", "2005-12-31": "2.19400"}, "Net Total Equity Issued/Repurchased": {"2019-12-31": "523.28700", "2018-12-31": "286.36600", "2017-12-31": "22.82400", "2016-12-31": "84.06300", "2015-12-31": "0.51500", "2014-12-31": "283.37300", "2013-12-31": "-37.68800", "2012-12-31": "6.37400", "2011-12-31": "1.48800", "2010-12-31": "3.72400", "2009-12-31": "-9.17900", "2008-12-31": "7.93700", "2007-12-31": "-4.84300", "2006-12-31": "6.72300", "2005-12-31": "2.19400"}, "Total Common And Preferred Stock Dividends Paid": {"2019-12-31": "-704.39600", "2018-12-31": "-440.43100", "2017-12-31": "-431.18200", "2016-12-31": "-416.65500", "2015-12-31": "-403.55500", "2014-12-31": "-347.90200", "2013-12-31": "-220.39500", "2012-12-31": "-113.86700", "2011-12-31": "-85.81400", "2010-12-31": "-92.59100", "2009-12-31": "-78.61800", "2008-12-31": "-87.70000", "2007-12-31": "-71.60800", "2006-12-31": "-68.61500", "2005-12-31": "-67.00400"}, "Financial Activities - Other": {"2019-12-31": "-17.76600", "2018-12-31": "-41.65400", "2017-12-31": "43.96200", "2016-12-31": "-33.94800", "2015-12-31": "-53.41400", "2014-12-31": "-27.22100", "2013-12-31": "1.69200", "2012-12-31": "5.57500", "2011-12-31": "-16.74600", "2010-12-31": "14.05200", "2009-12-31": "-24.30200", "2008-12-31": "-1.64400", "2007-12-31": "-5.87600", "2006-12-31": "-0.82500", "2005-12-31": "0.38700"}, "Cash Flow From Financial Activities": {"2019-12-31": "-457.77800", "2018-12-31": "-24.29200", "2017-12-31": "-745.46600", "2016-12-31": "-282.02300", "2015-12-31": "121.27300", "2014-12-31": "343.14000", "2013-12-31": "-210.58800", "2012-12-31": "-113.29200", "2011-12-31": "10.50200", "2010-12-31": "-1.54800", "2009-12-31": "-91.27500", "2008-12-31": "-70.78900", "2007-12-31": "-16.53700", "2006-12-31": "-66.61800", "2005-12-31": "-103.78100"}, "Net Cash Flow": {"2019-12-31": "-172.54500", "2018-12-31": "214.38700", "2017-12-31": "-1.05500", "2016-12-31": "-27.30300", "2015-12-31": "-41.45600", "2014-12-31": "81.16400", "2013-12-31": "-6.38500", "2012-12-31": "94.60700", "2011-12-31": "-35.39600", "2010-12-31": "46.24300", "2009-12-31": "1.65100", "2008-12-31": "4.66200", "2007-12-31": "-9.97100", "2006-12-31": "9.09400", "2005-12-31": "-3.70100"}, "Stock-Based Compensation": {"2019-12-31": "18.78700", "2018-12-31": "18.29400", "2017-12-31": "18.91700", "2016-12-31": "21.22200", "2015-12-31": "21.62600", "2014-12-31": "31.07500", "2013-12-31": "37.19500", "2012-12-31": "26.03800", "2011-12-31": "17.71600", "2010-12-31": "7.08200", "2009-12-31": "9.33600", "2008-12-31": "7.27800", "2007-12-31": "5.55100", "2006-12-31": "3.45300", "2005-12-31": "3.93600"}, "Common Stock Dividends Paid": {"2019-12-31": "-704.39600", "2018-12-31": "-440.43100", "2017-12-31": "-431.18200", "2016-12-31": "-416.65500", "2015-12-31": "-403.55500", "2014-12-31": "-347.90200", "2013-12-31": "-220.39500", "2012-12-31": "-113.86700", "2011-12-31": "-85.81400", "2010-12-31": "-92.59100", "2009-12-31": "-78.61800", "2008-12-31": "-87.70000", "2007-12-31": "-71.60800", "2006-12-31": "-68.61500", "2005-12-31": "-67.00400"}}, "cash flow statement, quarterly": {"Net Income/Loss": {"2020-09-30": 149.434, "2020-06-30": 115.204, "2020-03-31": "66.70200", "2019-12-31": 129.792, "2019-09-30": 41.835, "2019-06-30": 66.121, "2019-03-31": "68.79600", "2018-12-31": 195.278, "2018-09-30": 81.573, "2018-06-30": 79.424, "2018-03-31": "68.06600", "2017-12-31": 74.473, "2017-09-30": 83.654, "2017-06-30": 67.131, "2017-03-31": "59.82500", "2016-12-31": 48.47, "2016-09-30": 112.302, "2016-06-30": 53.171, "2016-03-31": "60.86400", "2015-12-31": 56.144, "2015-09-30": 23.578, "2015-06-30": 66.923, "2015-03-31": "38.58200", "2014-12-31": 33.464, "2014-09-30": 28.316, "2014-06-30": 66.971, "2014-03-31": "117.31800", "2013-12-31": 48.86, "2013-09-30": 21.65, "2013-06-30": 45.816, "2013-03-31": "15.83900", "2012-12-31": 17.654, "2012-09-30": 2.226, "2012-06-30": 31.23, "2012-03-31": "11.66900", "2011-12-31": 9.204, "2011-09-30": 25.258, "2011-06-30": 81.06, "2011-03-31": "23.61600", "2010-12-31": 20.557, "2010-09-30": 16.371, "2010-06-30": 23.721, "2010-03-31": "14.30200", "2009-12-31": 23.733, "2009-09-30": 14.184, "2009-06-30": 14.877, "2009-03-31": "17.77400", "2008-12-31": 21.962, "2008-09-30": 19.301, "2008-06-30": 20.152, "2008-03-31": "17.19000", "2007-12-31": 15.55, "2007-09-30": 20.409, "2007-06-30": 42.03, "2007-03-31": "10.80000", "2006-12-31": 43.629, "2006-09-30": 14.305, "2006-06-30": 17.304, "2006-03-31": "11.06500", "2005-12-31": 11.488, "2005-09-30": 14.328, "2005-06-30": 16.933, "2005-03-31": "5.85500"}, "Total Depreciation And Amortization - Cash Flow": {"2020-09-30": 125.038, "2020-06-30": 124.777, "2020-03-31": "132.27700", "2019-12-31": 137.447, "2019-09-30": 142.986, "2019-06-30": 133.15, "2019-03-31": "131.32500", "2018-12-31": 110.91, "2018-09-30": 82.868, "2018-06-30": 78.228, "2018-03-31": "77.29200", "2017-12-31": 83.958, "2017-09-30": 78.577, "2017-06-30": 77.575, "2017-03-31": "76.35600", "2016-12-31": 75.809, "2016-09-30": 75.945, "2016-06-30": 80.314, "2016-03-31": "50.94700", "2015-12-31": 104.976, "2015-09-30": 78.144, "2015-06-30": 67.135, "2015-03-31": "66.99400", "2014-12-31": 63.741, "2014-09-30": 60.9, "2014-06-30": 66.351, "2014-03-31": "56.77100", "2013-12-31": 35.278, "2013-09-30": 32.662, "2013-06-30": 31.496, "2013-03-31": "31.44400", "2012-12-31": 30.223, "2012-09-30": 5.119, "2012-06-30": 4.814, "2012-03-31": "5.52200", "2011-12-31": 7.097, "2011-09-30": 5.019, "2011-06-30": 5.752, "2011-03-31": "5.45700", "2010-12-31": 5.947, "2010-09-30": 6.119, "2010-06-30": 5.974, "2010-03-31": "6.40300", "2009-12-31": 6.091, "2009-09-30": 5.628, "2009-06-30": 7.234, "2009-03-31": "5.52300", "2008-12-31": 6.785, "2008-09-30": 6.906, "2008-06-30": 6.918, "2008-03-31": "6.58800", "2007-12-31": 6.181, "2007-09-30": 6.631, "2007-06-30": 7.201, "2007-03-31": "7.30800", "2006-12-31": 8.144, "2006-09-30": 6.438, "2006-06-30": 6.396, "2006-03-31": "6.22900", "2005-12-31": 5.863, "2005-09-30": 5.303, "2005-06-30": 5.255, "2005-03-31": "5.52100"}, "Other Non-Cash Items": {"2020-09-30": -80.175, "2020-06-30": -53.047, "2020-03-31": "11.38800", "2019-12-31": -49.393, "2019-09-30": 40.335, "2019-06-30": -5.449, "2019-03-31": "-8.37700", "2018-12-31": -172.376, "2018-09-30": -12.441, "2018-06-30": -31.17, "2018-03-31": "-21.87400", "2017-12-31": -34.292, "2017-09-30": -33.097, "2017-06-30": -18.603, "2017-03-31": "-14.46300", "2016-12-31": 2.741, "2016-09-30": -51.206, "2016-06-30": -2.441, "2016-03-31": "0.50000", "2015-12-31": -2.745, "2015-09-30": 15.408, "2015-06-30": -0.412, "2015-03-31": "4.84600", "2014-12-31": -0.752, "2014-09-30": 17.997, "2014-06-30": -11.172, "2014-03-31": "-116.17600", "2013-12-31": -29.605, "2013-09-30": 5.19, "2013-06-30": -20.554, "2013-03-31": "-3.34900", "2012-12-31": 17.848, "2012-09-30": -15.293, "2012-06-30": -23.033, "2012-03-31": "1.13900", "2011-12-31": -2.46, "2011-09-30": -3.024, "2011-06-30": -69.576, "2011-03-31": "-8.94400", "2010-12-31": -1.978, "2010-09-30": -7.486, "2010-06-30": -6.67, "2010-03-31": "-2.94400", "2009-12-31": -5.597, "2009-09-30": -3.934, "2009-06-30": -4.232, "2009-03-31": "-9.45600", "2008-12-31": -8.373, "2008-09-30": -6.086, "2008-06-30": -8.113, "2008-03-31": "-11.45800", "2007-12-31": -21.946, "2007-09-30": -15.394, "2007-06-30": -20.871, "2007-03-31": "-6.58100", "2006-12-31": -14.854, "2006-09-30": -6.515, "2006-06-30": -11.561, "2006-03-31": "-2.71900", "2005-12-31": -5.987, "2005-09-30": -4.892, "2005-06-30": -7.69, "2005-03-31": "5.36500"}, "Total Non-Cash Items": {"2020-09-30": 44.863, "2020-06-30": 71.73, "2020-03-31": "143.66500", "2019-12-31": 88.054, "2019-09-30": 183.321, "2019-06-30": 127.701, "2019-03-31": "122.94800", "2018-12-31": -61.466, "2018-09-30": 70.427, "2018-06-30": 47.058, "2018-03-31": "55.41800", "2017-12-31": 49.666, "2017-09-30": 45.48, "2017-06-30": 58.972, "2017-03-31": "61.89300", "2016-12-31": 78.55, "2016-09-30": 24.739, "2016-06-30": 77.873, "2016-03-31": "51.44700", "2015-12-31": 102.231, "2015-09-30": 93.552, "2015-06-30": 66.723, "2015-03-31": "71.84000", "2014-12-31": 62.989, "2014-09-30": 78.897, "2014-06-30": 55.179, "2014-03-31": "-59.40500", "2013-12-31": 5.673, "2013-09-30": 37.852, "2013-06-30": 10.942, "2013-03-31": "28.09500", "2012-12-31": 48.071, "2012-09-30": -10.174, "2012-06-30": -18.219, "2012-03-31": "6.66100", "2011-12-31": 4.637, "2011-09-30": 1.995, "2011-06-30": -63.824, "2011-03-31": "-3.48700", "2010-12-31": 3.969, "2010-09-30": -1.367, "2010-06-30": -0.696, "2010-03-31": "3.45900", "2009-12-31": 0.494, "2009-09-30": 1.694, "2009-06-30": 3.002, "2009-03-31": "-3.93300", "2008-12-31": -1.588, "2008-09-30": 0.82, "2008-06-30": -1.195, "2008-03-31": "-4.87000", "2007-12-31": -15.765, "2007-09-30": -8.763, "2007-06-30": -13.67, "2007-03-31": "0.72700", "2006-12-31": -6.71, "2006-09-30": -0.077, "2006-06-30": -5.165, "2006-03-31": "3.51000", "2005-12-31": -0.124, "2005-09-30": 0.411, "2005-06-30": -2.435, "2005-03-31": "10.88600"}, "Change In Accounts Receivable": {"2020-09-30": 0, "2020-06-30": 0, "2020-03-31": "", "2019-12-31": 0, "2019-09-30": 0, "2019-06-30": 0, "2019-03-31": "", "2018-12-31": 0, "2018-09-30": 0, "2018-06-30": 0, "2018-03-31": "", "2017-12-31": 0, "2017-09-30": 0, "2017-06-30": 0, "2017-03-31": "", "2016-12-31": 0, "2016-09-30": 0, "2016-06-30": 0, "2016-03-31": "", "2015-12-31": 0, "2015-09-30": 0, "2015-06-30": 0, "2015-03-31": "", "2014-12-31": 0, "2014-09-30": 0, "2014-06-30": 0, "2014-03-31": "", "2013-12-31": 0, "2013-09-30": 0, "2013-06-30": 0, "2013-03-31": "", "2012-12-31": 0, "2012-09-30": 0, "2012-06-30": 0, "2012-03-31": "", "2011-12-31": 0, "2011-09-30": 0, "2011-06-30": 0, "2011-03-31": "", "2010-12-31": 0, "2010-09-30": 0, "2010-06-30": 0, "2010-03-31": "", "2009-12-31": 0, "2009-09-30": 0, "2009-06-30": 0, "2009-03-31": "", "2008-12-31": 0, "2008-09-30": 0, "2008-06-30": 0, "2008-03-31": "", "2007-12-31": 0, "2007-09-30": 0, "2007-06-30": 0, "2007-03-31": "", "2006-12-31": 0, "2006-09-30": 0, "2006-06-30": 0, "2006-03-31": "", "2005-12-31": 0, "2005-09-30": 0, "2005-06-30": 0, "2005-03-31": ""}, "Change In Inventories": {"2020-09-30": 0, "2020-06-30": 0, "2020-03-31": "", "2019-12-31": 0, "2019-09-30": 0, "2019-06-30": 0, "2019-03-31": "", "2018-12-31": 0, "2018-09-30": 0, "2018-06-30": 0, "2018-03-31": "", "2017-12-31": 0, "2017-09-30": 0, "2017-06-30": 0, "2017-03-31": "", "2016-12-31": 0, "2016-09-30": 0, "2016-06-30": 0, "2016-03-31": "", "2015-12-31": 0, "2015-09-30": 0, "2015-06-30": 0, "2015-03-31": "", "2014-12-31": 0, "2014-09-30": 0, "2014-06-30": 0, "2014-03-31": "", "2013-12-31": 0, "2013-09-30": 0, "2013-06-30": 0, "2013-03-31": "", "2012-12-31": 0, "2012-09-30": 0, "2012-06-30": 0, "2012-03-31": "", "2011-12-31": 0, "2011-09-30": 0, "2011-06-30": 0, "2011-03-31": "", "2010-12-31": 0, "2010-09-30": 0, "2010-06-30": 0, "2010-03-31": "", "2009-12-31": 0, "2009-09-30": 0, "2009-06-30": 0, "2009-03-31": "", "2008-12-31": 0, "2008-09-30": 0, "2008-06-30": 0, "2008-03-31": "", "2007-12-31": 0, "2007-09-30": 0, "2007-06-30": 0, "2007-03-31": "", "2006-12-31": 0, "2006-09-30": 0, "2006-06-30": 0, "2006-03-31": "", "2005-12-31": 0, "2005-09-30": 0, "2005-06-30": 0, "2005-03-31": ""}, "Change In Accounts Payable": {"2020-09-30": 0, "2020-06-30": 0, "2020-03-31": "", "2019-12-31": 0, "2019-09-30": 0, "2019-06-30": 0, "2019-03-31": "", "2018-12-31": 0, "2018-09-30": 0, "2018-06-30": 0, "2018-03-31": "", "2017-12-31": 0, "2017-09-30": 0, "2017-06-30": 0, "2017-03-31": "", "2016-12-31": 0, "2016-09-30": 0, "2016-06-30": 0, "2016-03-31": "", "2015-12-31": 0, "2015-09-30": 0, "2015-06-30": 0, "2015-03-31": "", "2014-12-31": 0, "2014-09-30": 0, "2014-06-30": 0, "2014-03-31": "", "2013-12-31": 0, "2013-09-30": 0, "2013-06-30": 0, "2013-03-31": "", "2012-12-31": 0, "2012-09-30": 0, "2012-06-30": 0, "2012-03-31": "", "2011-12-31": 0, "2011-09-30": 0, "2011-06-30": 0, "2011-03-31": "", "2010-12-31": 0, "2010-09-30": 0, "2010-06-30": 0, "2010-03-31": "", "2009-12-31": 0, "2009-09-30": 0, "2009-06-30": 0, "2009-03-31": "", "2008-12-31": 0, "2008-09-30": 0, "2008-06-30": 0, "2008-03-31": "", "2007-12-31": 0, "2007-09-30": 0, "2007-06-30": 0, "2007-03-31": "", "2006-12-31": 0, "2006-09-30": 0, "2006-06-30": 0, "2006-03-31": "", "2005-12-31": 0, "2005-09-30": 0, "2005-06-30": 0, "2005-03-31": ""}, "Change In Assets/Liabilities": {"2020-09-30": 22.236, "2020-06-30": -26.58, "2020-03-31": "-30.67000", "2019-12-31": 16.746, "2019-09-30": 24.169, "2019-06-30": -8.508, "2019-03-31": "-48.89800", "2018-12-31": 5.595, "2018-09-30": -11.155, "2018-06-30": -0.514, "2018-03-31": "-20.53800", "2017-12-31": 10.554, "2017-09-30": 9.075, "2017-06-30": 9.918, "2017-03-31": "-9.98200", "2016-12-31": 42.301, "2016-09-30": -4.229, "2016-06-30": -6.804, "2016-03-31": "8.11300", "2015-12-31": 19.263, "2015-09-30": -2.279, "2015-06-30": 1.477, "2015-03-31": "-29.49300", "2014-12-31": 25.485, "2014-09-30": 1.304, "2014-06-30": 2.791, "2014-03-31": "-14.21700", "2013-12-31": -15.882, "2013-09-30": 10.652, "2013-06-30": 5.005, "2013-03-31": "-6.59400", "2012-12-31": -13.429, "2012-09-30": 30.561, "2012-06-30": 9.397, "2012-03-31": "-16.72700", "2011-12-31": 9.286, "2011-09-30": -2.57, "2011-06-30": 6.184, "2011-03-31": "-11.48700", "2010-12-31": 1.45, "2010-09-30": 4.318, "2010-06-30": -0.923, "2010-03-31": "2.54400", "2009-12-31": -0.927, "2009-09-30": 1.505, "2009-06-30": 1.947, "2009-03-31": "9.47000", "2008-12-31": -3.067, "2008-09-30": 2.716, "2008-06-30": 0.858, "2008-03-31": "-0.95300", "2007-12-31": 29.462, "2007-09-30": -4.064, "2007-06-30": -37.021, "2007-03-31": "5.98000", "2006-12-31": 10.295, "2006-09-30": -1.371, "2006-06-30": 2.401, "2006-03-31": "6.44300", "2005-12-31": -5.225, "2005-09-30": -0.081, "2005-06-30": -5.99, "2005-03-31": "8.38600"}, "Total Change In Assets/Liabilities": {"2020-09-30": 22.236, "2020-06-30": -26.58, "2020-03-31": "-30.67000", "2019-12-31": 16.746, "2019-09-30": 24.169, "2019-06-30": -8.508, "2019-03-31": "-48.89800", "2018-12-31": 5.595, "2018-09-30": -11.155, "2018-06-30": -0.514, "2018-03-31": "-20.53800", "2017-12-31": 10.554, "2017-09-30": 9.075, "2017-06-30": 9.918, "2017-03-31": "-9.98200", "2016-12-31": 42.301, "2016-09-30": -4.229, "2016-06-30": -6.804, "2016-03-31": "8.11300", "2015-12-31": 19.263, "2015-09-30": -2.279, "2015-06-30": 1.477, "2015-03-31": "-29.49300", "2014-12-31": 25.485, "2014-09-30": 1.304, "2014-06-30": 2.791, "2014-03-31": "-14.21700", "2013-12-31": 7.048, "2013-09-30": 15.372, "2013-06-30": -2.78, "2013-03-31": "-26.45900", "2012-12-31": -16.821, "2012-09-30": 27.882, "2012-06-30": 2.854, "2012-03-31": "-22.39000", "2011-12-31": 3.623, "2011-09-30": -13.195, "2011-06-30": 24.672, "2011-03-31": "-13.44300", "2010-12-31": 9.623, "2010-09-30": 0.973, "2010-06-30": -0.357, "2010-03-31": "-4.13800", "2009-12-31": 0.934, "2009-09-30": -1.178, "2009-06-30": -7.478, "2009-03-31": "10.44100", "2008-12-31": -4.619, "2008-09-30": 0.152, "2008-06-30": -2.497, "2008-03-31": "-1.56100", "2007-12-31": 22.793, "2007-09-30": 1.599, "2007-06-30": -16.433, "2007-03-31": "-11.80600", "2006-12-31": 34.161, "2006-09-30": -0.933, "2006-06-30": -1.921, "2006-03-31": "10.77200", "2005-12-31": -4.507, "2005-09-30": 0.86, "2005-06-30": -11.748, "2005-03-31": "10.76000"}, "Cash Flow From Operating Activities": {"2020-09-30": 216.533, "2020-06-30": 160.354, "2020-03-31": "179.69700", "2019-12-31": 234.592, "2019-09-30": 249.325, "2019-06-30": 185.314, "2019-03-31": "142.84600", "2018-12-31": 139.407, "2018-09-30": 140.845, "2018-06-30": 125.968, "2018-03-31": "102.94600", "2017-12-31": 134.693, "2017-09-30": 138.209, "2017-06-30": 136.021, "2017-03-31": "111.73600", "2016-12-31": 169.321, "2016-09-30": 132.812, "2016-06-30": 124.24, "2016-03-31": "120.42400", "2015-12-31": 177.638, "2015-09-30": 114.851, "2015-06-30": 135.123, "2015-03-31": "80.92900", "2014-12-31": 121.938, "2014-09-30": 108.517, "2014-06-30": 124.941, "2014-03-31": "43.69600", "2013-12-31": 61.581, "2013-09-30": 74.874, "2013-06-30": 53.978, "2013-03-31": "17.47500", "2012-12-31": 48.904, "2012-09-30": 19.934, "2012-06-30": 15.865, "2012-03-31": "-4.06000", "2011-12-31": 17.464, "2011-09-30": 14.058, "2011-06-30": 41.908, "2011-03-31": "6.68600", "2010-12-31": 34.149, "2010-09-30": 15.977, "2010-06-30": 22.668, "2010-03-31": "13.62300", "2009-12-31": 25.161, "2009-09-30": 14.7, "2009-06-30": 10.401, "2009-03-31": "24.28200", "2008-12-31": 15.755, "2008-09-30": 20.273, "2008-06-30": 16.46, "2008-03-31": "10.75900", "2007-12-31": 22.578, "2007-09-30": 13.245, "2007-06-30": 11.927, "2007-03-31": "-0.27900", "2006-12-31": 71.08, "2006-09-30": 13.295, "2006-06-30": 10.218, "2006-03-31": "25.34700", "2005-12-31": 6.857, "2005-09-30": 15.599, "2005-06-30": 2.75, "2005-03-31": "27.50100"}, "Net Change In Property, Plant, And Equipment": {"2020-09-30": -190.935, "2020-06-30": -265.868, "2020-03-31": "105.15400", "2019-12-31": -117.8, "2019-09-30": -180.22, "2019-06-30": -282.028, "2019-03-31": "4.85100", "2018-12-31": 103.388, "2018-09-30": -257.953, "2018-06-30": -170.987, "2018-03-31": "-70.05400", "2017-12-31": 1.055, "2017-09-30": 39.632, "2017-06-30": -0.689, "2017-03-31": "9.72600", "2016-12-31": -10.921, "2016-09-30": 147.824, "2016-06-30": -286.89, "2016-03-31": "96.27400", "2015-12-31": -140.2899, "2015-09-30": -119.5001, "2015-06-30": -32.082, "2015-03-31": "-384.15500", "2014-12-31": -663.943, "2014-09-30": -174.962, "2014-06-30": 123.204, "2014-03-31": "58.61500", "2013-12-31": 94.836, "2013-09-30": -62.5, "2013-06-30": -78.566, "2013-03-31": "-61.89200", "2012-12-31": 36.079, "2012-09-30": 3.594, "2012-06-30": 22.442, "2012-03-31": "0.94100", "2011-12-31": -4.982, "2011-09-30": -5.001, "2011-06-30": -23.362, "2011-03-31": "8.30700", "2010-12-31": -6.952, "2010-09-30": -13.12, "2010-06-30": -25.785, "2010-03-31": "-41.57100", "2009-12-31": 34.895, "2009-09-30": 3.956, "2009-06-30": -1.007, "2009-03-31": "-41.76400", "2008-12-31": -5.713, "2008-09-30": 3.162, "2008-06-30": -3.807, "2008-03-31": "-2.83200", "2007-12-31": -7.665, "2007-09-30": -4.871, "2007-06-30": -10.137, "2007-03-31": "-31.59100", "2006-12-31": -85.089, "2006-09-30": 9.559, "2006-06-30": 19.121, "2006-03-31": "-0.67400", "2005-12-31": 10.806, "2005-09-30": -0.332, "2005-06-30": 28.327, "2005-03-31": "3.30100"}, "Net Change In Intangible Assets": {"2020-09-30": 0, "2020-06-30": 0, "2020-03-31": "", "2019-12-31": 0, "2019-09-30": 0, "2019-06-30": 0, "2019-03-31": "", "2018-12-31": 0, "2018-09-30": 0, "2018-06-30": 0, "2018-03-31": "", "2017-12-31": 0, "2017-09-30": 0, "2017-06-30": 0, "2017-03-31": "", "2016-12-31": 0, "2016-09-30": 0, "2016-06-30": 0, "2016-03-31": "", "2015-12-31": 0, "2015-09-30": 0, "2015-06-30": 0, "2015-03-31": "", "2014-12-31": 0, "2014-09-30": 0, "2014-06-30": 0, "2014-03-31": "", "2013-12-31": 0, "2013-09-30": 0, "2013-06-30": 0, "2013-03-31": "", "2012-12-31": 0, "2012-09-30": 0, "2012-06-30": 0, "2012-03-31": "", "2011-12-31": 0, "2011-09-30": 0, "2011-06-30": 0, "2011-03-31": "", "2010-12-31": 0, "2010-09-30": 0, "2010-06-30": 0, "2010-03-31": "", "2009-12-31": 0, "2009-09-30": 0, "2009-06-30": 0, "2009-03-31": "", "2008-12-31": 0, "2008-09-30": 0, "2008-06-30": 0, "2008-03-31": "", "2007-12-31": 0, "2007-09-30": 0, "2007-06-30": 0, "2007-03-31": "", "2006-12-31": 0, "2006-09-30": 0, "2006-06-30": 0, "2006-03-31": "", "2005-12-31": 0, "2005-09-30": 0, "2005-06-30": 0, "2005-03-31": ""}, "Net Acquisitions/Divestitures": {"2020-09-30": 0, "2020-06-30": 0, "2020-03-31": "", "2019-12-31": 0, "2019-09-30": 0, "2019-06-30": 0, "2019-03-31": "", "2018-12-31": -1.688, "2018-09-30": 0, "2018-06-30": 0, "2018-03-31": "", "2017-12-31": 0, "2017-09-30": 0, "2017-06-30": 0, "2017-03-31": "", "2016-12-31": 0, "2016-09-30": 0, "2016-06-30": 0, "2016-03-31": "", "2015-12-31": 0, "2015-09-30": 0, "2015-06-30": 0, "2015-03-31": "", "2014-12-31": -65.429, "2014-09-30": 0, "2014-06-30": 0, "2014-03-31": "64.09100", "2013-12-31": 0, "2013-09-30": 0, "2013-06-30": 0, "2013-03-31": "", "2012-12-31": 0, "2012-09-30": 26.589, "2012-06-30": 0, "2012-03-31": "", "2011-12-31": 0, "2011-09-30": 0, "2011-06-30": 0, "2011-03-31": "", "2010-12-31": 0, "2010-09-30": 0, "2010-06-30": 0, "2010-03-31": "", "2009-12-31": 0, "2009-09-30": 0, "2009-06-30": 0, "2009-03-31": "", "2008-12-31": 0, "2008-09-30": 0, "2008-06-30": 0, "2008-03-31": "", "2007-12-31": 0, "2007-09-30": 0, "2007-06-30": 0, "2007-03-31": "", "2006-12-31": 0, "2006-09-30": 0, "2006-06-30": 0, "2006-03-31": "", "2005-12-31": 0, "2005-09-30": 0, "2005-06-30": 0, "2005-03-31": ""}, "Net Change In Short-term Investments": {"2020-09-30": 0, "2020-06-30": 30.729, "2020-03-31": "15.54000", "2019-12-31": 27.642, "2019-09-30": -7.217, "2019-06-30": -10.596, "2019-03-31": "", "2018-12-31": 0, "2018-09-30": 37, "2018-06-30": -37, "2018-03-31": "27.00000", "2017-12-31": 48.198, "2017-09-30": 154.696, "2017-06-30": -235.657, "2017-03-31": "187.16500", "2016-12-31": -200.447, "2016-09-30": -20, "2016-06-30": 0, "2016-03-31": "0.00000", "2015-12-31": 155.447, "2015-09-30": -33, "2015-06-30": -122.447, "2015-03-31": "", "2014-12-31": 0, "2014-09-30": 9.845, "2014-06-30": -9.845, "2014-03-31": "", "2013-12-31": 15, "2013-09-30": -15, "2013-06-30": 0, "2013-03-31": "", "2012-12-31": 0, "2012-09-30": 0, "2012-06-30": 0, "2012-03-31": "", "2011-12-31": 1, "2011-09-30": -1, "2011-06-30": 0, "2011-03-31": "", "2010-12-31": 0, "2010-09-30": 0, "2010-06-30": 0, "2010-03-31": "", "2009-12-31": 0, "2009-09-30": 0, "2009-06-30": 0, "2009-03-31": "", "2008-12-31": 0, "2008-09-30": 0, "2008-06-30": 0, "2008-03-31": "", "2007-12-31": 0, "2007-09-30": 0, "2007-06-30": 0, "2007-03-31": "", "2006-12-31": 0, "2006-09-30": 0, "2006-06-30": 0, "2006-03-31": "", "2005-12-31": 0, "2005-09-30": 0, "2005-06-30": 0, "2005-03-31": ""}, "Net Change In Long-Term Investments": {"2020-09-30": 119.479, "2020-06-30": 87.173, "2020-03-31": "-194.72500", "2019-12-31": 3.711, "2019-09-30": 80.358, "2019-06-30": 96.474, "2019-03-31": "-148.77300", "2018-12-31": -13.205, "2018-09-30": -31.828, "2018-06-30": 40.713, "2018-03-31": "2.52900", "2017-12-31": 3.603, "2017-09-30": 2.645, "2017-06-30": 1.034, "2017-03-31": "1.51200", "2016-12-31": 2.835, "2016-09-30": 19.778, "2016-06-30": -33.248, "2016-03-31": "2.12500", "2015-12-31": 2.076, "2015-09-30": 16.793, "2015-06-30": -28.371, "2015-03-31": "1.47300", "2014-12-31": -20.041, "2014-09-30": 3.994, "2014-06-30": -1.922, "2014-03-31": "-0.14700", "2013-12-31": 25.036, "2013-09-30": 10.585, "2013-06-30": 9.915, "2013-03-31": "10.53700", "2012-12-31": 18.704, "2012-09-30": 11.135, "2012-06-30": 8.449, "2012-03-31": "7.28000", "2011-12-31": 6.16, "2011-09-30": 1.979, "2011-06-30": -111.562, "2011-03-31": "0.61800", "2010-12-31": 8.794, "2010-09-30": 2.202, "2010-06-30": 2.206, "2010-03-31": "5.55600", "2009-12-31": 6.022, "2009-09-30": 22.602, "2009-06-30": 1.945, "2009-03-31": "5.66100", "2008-12-31": 11.878, "2008-09-30": 3.617, "2008-06-30": 1.275, "2008-03-31": "1.31300", "2007-12-31": -10.513, "2007-09-30": 2.642, "2007-06-30": 20.623, "2007-03-31": "1.09300", "2006-12-31": 8.617, "2006-09-30": 1.563, "2006-06-30": 1.706, "2006-03-31": "1.40000", "2005-12-31": 2.526, "2005-09-30": 0.589, "2005-06-30": 1.112, "2005-03-31": "1.93700"}, "Net Change In Investments - Total": {"2020-09-30": 119.479, "2020-06-30": 117.902, "2020-03-31": "-179.18500", "2019-12-31": 31.353, "2019-09-30": 73.141, "2019-06-30": 85.878, "2019-03-31": "-148.77300", "2018-12-31": -13.205, "2018-09-30": 5.172, "2018-06-30": 3.713, "2018-03-31": "29.52900", "2017-12-31": 51.801, "2017-09-30": 157.341, "2017-06-30": -234.623, "2017-03-31": "188.67700", "2016-12-31": -197.612, "2016-09-30": -0.222, "2016-06-30": -33.248, "2016-03-31": "2.12500", "2015-12-31": 157.523, "2015-09-30": -16.207, "2015-06-30": -150.818, "2015-03-31": "1.47300", "2014-12-31": -20.041, "2014-09-30": 13.839, "2014-06-30": -11.767, "2014-03-31": "-0.14700", "2013-12-31": 40.036, "2013-09-30": -4.415, "2013-06-30": 9.915, "2013-03-31": "10.53700", "2012-12-31": 18.704, "2012-09-30": 11.135, "2012-06-30": 8.449, "2012-03-31": "7.28000", "2011-12-31": 7.16, "2011-09-30": 0.979, "2011-06-30": -111.562, "2011-03-31": "0.61800", "2010-12-31": 8.794, "2010-09-30": 2.202, "2010-06-30": 2.206, "2010-03-31": "5.55600", "2009-12-31": 6.022, "2009-09-30": 22.602, "2009-06-30": 1.945, "2009-03-31": "5.66100", "2008-12-31": 11.878, "2008-09-30": 3.617, "2008-06-30": 1.275, "2008-03-31": "1.31300", "2007-12-31": -10.513, "2007-09-30": 2.642, "2007-06-30": 20.623, "2007-03-31": "1.09300", "2006-12-31": 8.617, "2006-09-30": 1.563, "2006-06-30": 1.706, "2006-03-31": "1.40000", "2005-12-31": 2.526, "2005-09-30": 0.589, "2005-06-30": 1.112, "2005-03-31": "1.93700"}, "Investing Activities - Other": {"2020-09-30": -4.024, "2020-06-30": 55.427, "2020-03-31": "-35.80100", "2019-12-31": -15.068, "2019-09-30": -6.824, "2019-06-30": 42.958, "2019-03-31": "-10.24100", "2018-12-31": 106.917, "2018-09-30": 2.684, "2018-06-30": -4.028, "2018-03-31": "0.38000", "2017-12-31": -4.41, "2017-09-30": -210.626, "2017-06-30": 216.84, "2017-03-31": "-0.48600", "2016-12-31": -48.224, "2016-09-30": 39.042, "2016-06-30": 11.315, "2016-03-31": "-4.20400", "2015-12-31": -37.217, "2015-09-30": 33.455, "2015-06-30": 25.322, "2015-03-31": "17.31100", "2014-12-31": 63.106, "2014-09-30": 75.584, "2014-06-30": -107.436, "2014-03-31": "5.06000", "2013-12-31": 18.007, "2013-09-30": 6.301, "2013-06-30": -2.254, "2013-03-31": "23.62100", "2012-12-31": -10.885, "2012-09-30": -0.13, "2012-06-30": 1.025, "2012-03-31": "1.24300", "2011-12-31": -0.377, "2011-09-30": 3.948, "2011-06-30": -2.027, "2011-03-31": "0.21500", "2010-12-31": -1.083, "2010-09-30": 0, "2010-06-30": -4.222, "2010-03-31": "36.13200", "2009-12-31": -36.132, "2009-09-30": 0, "2009-06-30": 0, "2009-03-31": "21.92800", "2008-12-31": 0, "2008-09-30": 0, "2008-06-30": -0.12, "2008-03-31": "3.82500", "2007-12-31": 3.21, "2007-09-30": 0.025, "2007-06-30": -3.793, "2007-03-31": "-0.07100", "2006-12-31": 9.074, "2006-09-30": -0.151, "2006-06-30": -9.163, "2006-03-31": "-0.52400", "2005-12-31": 0, "2005-09-30": 0, "2005-06-30": 0, "2005-03-31": "-0.52400"}, "Cash Flow From Investing Activities": {"2020-09-30": -75.48, "2020-06-30": -92.539, "2020-03-31": "-109.83200", "2019-12-31": -101.515, "2019-09-30": -113.903, "2019-06-30": -153.192, "2019-03-31": "-154.16300", "2018-12-31": 195.412, "2018-09-30": -250.097, "2018-06-30": -171.302, "2018-03-31": "-40.14500", "2017-12-31": 48.446, "2017-09-30": -13.653, "2017-06-30": -18.472, "2017-03-31": "197.91700", "2016-12-31": -256.757, "2016-09-30": 186.644, "2016-06-30": -308.823, "2016-03-31": "94.19500", "2015-12-31": -19.984, "2015-09-30": -102.252, "2015-06-30": -157.578, "2015-03-31": "-365.37100", "2014-12-31": -686.307, "2014-09-30": -85.539, "2014-06-30": 4.001, "2014-03-31": "127.61900", "2013-12-31": 152.879, "2013-09-30": -60.614, "2013-06-30": -70.905, "2013-03-31": "-27.73400", "2012-12-31": 43.898, "2012-09-30": 41.188, "2012-06-30": 31.916, "2012-03-31": "9.46400", "2011-12-31": 1.801, "2011-09-30": -0.074, "2011-06-30": -136.951, "2011-03-31": "9.14000", "2010-12-31": 0.759, "2010-09-30": -10.918, "2010-06-30": -27.801, "2010-03-31": "0.11700", "2009-12-31": 4.785, "2009-09-30": 26.558, "2009-06-30": 0.938, "2009-03-31": "-14.17500", "2008-12-31": 6.165, "2008-09-30": 6.779, "2008-06-30": -2.652, "2008-03-31": "2.30600", "2007-12-31": -14.968, "2007-09-30": -2.204, "2007-06-30": 6.693, "2007-03-31": "-30.56900", "2006-12-31": -67.398, "2006-09-30": 10.971, "2006-06-30": 11.664, "2006-03-31": "0.20200", "2005-12-31": 13.332, "2005-09-30": 0.257, "2005-06-30": 29.439, "2005-03-31": "4.71400"}, "Net Long-Term Debt": {"2020-09-30": -32.106, "2020-06-30": -537.086, "2020-03-31": "626.83400", "2019-12-31": -6.8709, "2019-09-30": 493.401, "2019-06-30": 178.497, "2019-03-31": "104.86500", "2018-12-31": -1161.825, "2018-09-30": 1183.733, "2018-06-30": 119.9869, "2018-03-31": "236.98210", "2017-12-31": -1605.1139, "2017-09-30": 1598.3349, "2017-06-30": 35.3999, "2017-03-31": "-216.25680", "2016-12-31": 225.664, "2016-09-30": -104.301, "2016-06-30": 214.069, "2016-03-31": "42.62700", "2015-12-31": 24.5961, "2015-09-30": 70.4509, "2015-06-30": 156.6631, "2015-03-31": "417.57700", "2014-12-31": 363.9919, "2014-09-30": 122.4701, "2014-06-30": 66.347, "2014-03-31": "102.86690", "2013-12-31": -306.764, "2013-09-30": 186.344, "2013-06-30": 72.848, "2013-03-31": "-22.19200", "2012-12-31": -207.669, "2012-09-30": 182.807, "2012-06-30": -22.905, "2012-03-31": "12.64300", "2011-12-31": -22.434, "2011-09-30": 7.004, "2011-06-30": 107.672, "2011-03-31": "-26.15900", "2010-12-31": -2.106, "2010-09-30": -38.211, "2010-06-30": 21.802, "2010-03-31": "34.94100", "2009-12-31": -35.271, "2009-09-30": -24.291, "2009-06-30": -37.166, "2009-03-31": "89.03100", "2008-12-31": 25.383, "2008-09-30": -2.498, "2008-06-30": -2.403, "2008-03-31": "-9.86400", "2007-12-31": 79.644, "2007-09-30": -6.135, "2007-06-30": -5.101, "2007-03-31": "-2.61800", "2006-12-31": 5.29, "2006-09-30": -3.486, "2006-06-30": -2.789, "2006-03-31": "-2.91600", "2005-12-31": -32.425, "2005-09-30": -2.317, "2005-06-30": -2.331, "2005-03-31": "-2.28500"}, "Net Current Debt": {"2020-09-30": -12.893, "2020-06-30": 466.643, "2020-03-31": "-466.64300", "2019-12-31": -90.1601, "2019-09-30": -445.3179, "2019-06-30": -165.286, "2019-03-31": "-328.03100", "2018-12-31": 862.326, "2018-09-30": -904.868, "2018-06-30": 0, "2018-03-31": "-164.90800", "2017-12-31": 1523.861, "2017-09-30": -1616.648, "2017-06-30": -58.208, "2017-03-31": "-42.43900", "2016-12-31": -100.512, "2016-09-30": -125.534, "2016-06-30": -30.602, "2016-03-31": "-36.89400", "2015-12-31": -81.882, "2015-09-30": -9.678, "2015-06-30": -8.277, "2015-03-31": "8.27700", "2014-12-31": -17.051, "2014-09-30": -8.465, "2014-06-30": -83.564, "2014-03-31": "-111.70600", "2013-12-31": 163.33, "2013-09-30": -106.271, "2013-06-30": -5.072, "2013-03-31": "63.58000", "2012-12-31": 22.5, "2012-09-30": 0, "2012-06-30": 1.25, "2012-03-31": "", "2011-12-31": 24.643, "2011-09-30": 13.41, "2011-06-30": 7.438, "2011-03-31": "", "2010-12-31": 4.025, "2010-09-30": 52.816, "2010-06-30": 0, "2010-03-31": "", "2009-12-31": 40.439, "2009-09-30": 0, "2009-06-30": -11.918, "2009-03-31": "", "2008-12-31": -20.541, "2008-09-30": -7.667, "2008-06-30": 2.034, "2008-03-31": "26.17400", "2007-12-31": -79.793, "2007-09-30": 29.433, "2007-06-30": 9.301, "2007-03-31": "41.05900", "2006-12-31": 9.971, "2006-09-30": -2, "2006-06-30": 1.029, "2006-03-31": "-9.00000", "2005-12-31": 28.789, "2005-09-30": 1.104, "2005-06-30": -23, "2005-03-31": "-6.89300"}, "Debt Issuance/Retirement Net - Total": {"2020-09-30": -44.999, "2020-06-30": -70.443, "2020-03-31": "160.19100", "2019-12-31": -97.0311, "2019-09-30": 48.0831, "2019-06-30": 13.211, "2019-03-31": "-223.16600", "2018-12-31": -299.499, "2018-09-30": 278.865, "2018-06-30": 119.9869, "2018-03-31": "72.07410", "2017-12-31": -81.2531, "2017-09-30": -18.3129, "2017-06-30": -22.8081, "2017-03-31": "-258.69580", "2016-12-31": 125.152, "2016-09-30": -229.835, "2016-06-30": 183.467, "2016-03-31": "5.73300", "2015-12-31": -57.286, "2015-09-30": 60.773, "2015-06-30": 148.3861, "2015-03-31": "425.85400", "2014-12-31": 346.9409, "2014-09-30": 114.0051, "2014-06-30": -17.217, "2014-03-31": "-8.83910", "2013-12-31": -143.434, "2013-09-30": 80.073, "2013-06-30": 67.776, "2013-03-31": "41.38800", "2012-12-31": -185.169, "2012-09-30": 182.807, "2012-06-30": -21.655, "2012-03-31": "12.64300", "2011-12-31": 2.209, "2011-09-30": 20.414, "2011-06-30": 115.11, "2011-03-31": "-26.15900", "2010-12-31": 1.919, "2010-09-30": 14.605, "2010-06-30": 21.802, "2010-03-31": "34.94100", "2009-12-31": 5.168, "2009-09-30": -24.291, "2009-06-30": -49.084, "2009-03-31": "89.03100", "2008-12-31": 4.842, "2008-09-30": -10.165, "2008-06-30": -0.369, "2008-03-31": "16.31000", "2007-12-31": -0.149, "2007-09-30": 23.298, "2007-06-30": 4.2, "2007-03-31": "38.44100", "2006-12-31": 15.261, "2006-09-30": -5.486, "2006-06-30": -1.76, "2006-03-31": "-11.91600", "2005-12-31": -3.636, "2005-09-30": -1.213, "2005-06-30": -25.331, "2005-03-31": "-9.17800"}, "Net Common Equity Issued/Repurchased": {"2020-09-30": 99.829, "2020-06-30": 99.887, "2020-03-31": "", "2019-12-31": -0.244, "2019-09-30": 131.397, "2019-06-30": 88.303, "2019-03-31": "303.83100", "2018-12-31": 286.366, "2018-09-30": 0, "2018-06-30": 0, "2018-03-31": "", "2017-12-31": -0.009, "2017-09-30": 0.969, "2017-06-30": 21.864, "2017-03-31": "", "2016-12-31": -0.234, "2016-09-30": 65.271, "2016-06-30": 19.02, "2016-03-31": "0.00600", "2015-12-31": 0.155, "2015-09-30": 0.104, "2015-06-30": 0.256, "2015-03-31": "", "2014-12-31": 0.246, "2014-09-30": 282.62, "2014-06-30": 1.094, "2014-03-31": "-0.58700", "2013-12-31": 0.342, "2013-09-30": 0, "2013-06-30": -38.055, "2013-03-31": "0.02500", "2012-12-31": 25.41, "2012-09-30": -24.728, "2012-06-30": 1.443, "2012-03-31": "4.24900", "2011-12-31": 0.454, "2011-09-30": 0.016, "2011-06-30": 1.018, "2011-03-31": "", "2010-12-31": 0.187, "2010-09-30": 2.738, "2010-06-30": 0.799, "2010-03-31": "", "2009-12-31": 0.151, "2009-09-30": 0.482, "2009-06-30": 0.674, "2009-03-31": "-10.48600", "2008-12-31": -8.171, "2008-09-30": 8.499, "2008-06-30": 1.833, "2008-03-31": "5.77600", "2007-12-31": 11.729, "2007-09-30": -18.451, "2007-06-30": 0.879, "2007-03-31": "1.00000", "2006-12-31": 2.407, "2006-09-30": 1.146, "2006-06-30": 2.329, "2006-03-31": "0.84100", "2005-12-31": -1.335, "2005-09-30": 1.109, "2005-06-30": 0.999, "2005-03-31": "1.42100"}, "Net Total Equity Issued/Repurchased": {"2020-09-30": 99.829, "2020-06-30": 99.887, "2020-03-31": "", "2019-12-31": -0.244, "2019-09-30": 131.397, "2019-06-30": 88.303, "2019-03-31": "303.83100", "2018-12-31": 286.366, "2018-09-30": 0, "2018-06-30": 0, "2018-03-31": "", "2017-12-31": -0.009, "2017-09-30": 0.969, "2017-06-30": 21.864, "2017-03-31": "", "2016-12-31": -0.234, "2016-09-30": 65.271, "2016-06-30": 19.02, "2016-03-31": "0.00600", "2015-12-31": 0.155, "2015-09-30": 0.104, "2015-06-30": 0.256, "2015-03-31": "", "2014-12-31": 0.246, "2014-09-30": 282.62, "2014-06-30": 1.094, "2014-03-31": "-0.58700", "2013-12-31": 0.342, "2013-09-30": 0, "2013-06-30": -38.055, "2013-03-31": "0.02500", "2012-12-31": 25.41, "2012-09-30": -24.728, "2012-06-30": 1.443, "2012-03-31": "4.24900", "2011-12-31": 0.454, "2011-09-30": 0.016, "2011-06-30": 1.018, "2011-03-31": "", "2010-12-31": 0.187, "2010-09-30": 2.738, "2010-06-30": 0.799, "2010-03-31": "", "2009-12-31": 0.151, "2009-09-30": 0.482, "2009-06-30": 0.674, "2009-03-31": "-10.48600", "2008-12-31": -8.171, "2008-09-30": 8.499, "2008-06-30": 1.833, "2008-03-31": "5.77600", "2007-12-31": 11.729, "2007-09-30": -18.451, "2007-06-30": 0.879, "2007-03-31": "1.00000", "2006-12-31": 2.407, "2006-09-30": 1.146, "2006-06-30": 2.329, "2006-03-31": "0.84100", "2005-12-31": -1.335, "2005-09-30": 1.109, "2005-06-30": 0.999, "2005-03-31": "1.42100"}, "Total Common And Preferred Stock Dividends Paid": {"2020-09-30": -182.241, "2020-06-30": -180.342, "2020-03-31": "-180.27400", "2019-12-31": -179.402, "2019-09-30": -177.545, "2019-06-30": -176.041, "2019-03-31": "-171.40800", "2018-12-31": -110.879, "2018-09-30": -110.36, "2018-06-30": -109.785, "2018-03-31": "-109.40700", "2017-12-31": -108.793, "2017-09-30": -108.272, "2017-06-30": -107.366, "2017-03-31": "-106.75100", "2016-12-31": -106.146, "2016-09-30": -104.587, "2016-06-30": -103.683, "2016-03-31": "-102.23900", "2015-12-31": -101.35, "2015-09-30": -101.29, "2015-06-30": -101.055, "2015-03-31": "-99.86000", "2014-12-31": -98.984, "2014-09-30": -90.606, "2014-06-30": -90.153, "2014-03-31": "-68.15900", "2013-12-31": -59.442, "2013-09-30": -58.03, "2013-06-30": -57.177, "2013-03-31": "-45.74600", "2012-12-31": -44.687, "2012-09-30": -23.167, "2012-06-30": -23.221, "2012-03-31": "-22.79200", "2011-12-31": -22.754, "2011-09-30": -22.211, "2011-06-30": -20.59, "2011-03-31": "-20.25900", "2010-12-31": -19.966, "2010-09-30": -20.135, "2010-06-30": -20.008, "2010-03-31": "-32.48200", "2009-12-31": -19.831, "2009-09-30": -19.727, "2009-06-30": -19.473, "2009-03-31": "-19.58700", "2008-12-31": -19.713, "2008-09-30": -19.319, "2008-06-30": -19.087, "2008-03-31": "-29.58100", "2007-12-31": -18.176, "2007-09-30": -18.23, "2007-06-30": -17.718, "2007-03-31": "-17.48400", "2006-12-31": -17.025, "2006-09-30": -17.234, "2006-06-30": -17.391, "2006-03-31": "-16.96500", "2005-12-31": -16.903, "2005-09-30": -16.807, "2005-06-30": -16.71, "2005-03-31": "-16.58400"}, "Financial Activities - Other": {"2020-09-30": -0.433, "2020-06-30": -0.115, "2020-03-31": "-12.46000", "2019-12-31": -0.371, "2019-09-30": -1.014, "2019-06-30": -2.407, "2019-03-31": "-13.97400", "2018-12-31": -5.142, "2018-09-30": -5.31, "2018-06-30": -8.368, "2018-03-31": "-22.83400", "2017-12-31": -4.069, "2017-09-30": -7.802, "2017-06-30": 4.467, "2017-03-31": "51.36600", "2016-12-31": -2.699, "2016-09-30": -14.135, "2016-06-30": -4.151, "2016-03-31": "-12.96300", "2015-12-31": -29.628, "2015-09-30": -12.913, "2015-06-30": -3.677, "2015-03-31": "-7.19600", "2014-12-31": -4.202, "2014-09-30": -3.976, "2014-06-30": -6.162, "2014-03-31": "-12.88100", "2013-12-31": 10.931, "2013-09-30": -7.629, "2013-06-30": -5.078, "2013-03-31": "3.46800", "2012-12-31": -2.056, "2012-09-30": 0.832, "2012-06-30": 5.072, "2012-03-31": "1.72700", "2011-12-31": -6.764, "2011-09-30": -1.158, "2011-06-30": -8.362, "2011-03-31": "-0.46200", "2010-12-31": 1.527, "2010-09-30": 3.942, "2010-06-30": 9.473, "2010-03-31": "-0.89000", "2009-12-31": -15.904, "2009-09-30": -2.509, "2009-06-30": 0.326, "2009-03-31": "-6.21500", "2008-12-31": -2.264, "2008-09-30": 0.391, "2008-06-30": 0.539, "2008-03-31": "-0.31000", "2007-12-31": -5.797, "2007-09-30": 0.143, "2007-06-30": -0.269, "2007-03-31": "0.04700", "2006-12-31": -0.465, "2006-09-30": -0.276, "2006-06-30": -4.345, "2006-03-31": "4.26100", "2005-12-31": 2.064, "2005-09-30": -1.321, "2005-06-30": -0.356, "2005-03-31": ""}, "Cash Flow From Financial Activities": {"2020-09-30": -127.844, "2020-06-30": -151.013, "2020-03-31": "-32.54300", "2019-12-31": -277.048, "2019-09-30": 0.921, "2019-06-30": -76.934, "2019-03-31": "-104.71700", "2018-12-31": -129.154, "2018-09-30": 163.195, "2018-06-30": 1.834, "2018-03-31": "-60.16700", "2017-12-31": -194.124, "2017-09-30": -133.418, "2017-06-30": -103.843, "2017-03-31": "-314.08100", "2016-12-31": 16.073, "2016-09-30": -283.286, "2016-06-30": 94.653, "2016-03-31": "-109.46300", "2015-12-31": -188.109, "2015-09-30": -53.326, "2015-06-30": 43.91, "2015-03-31": "318.79800", "2014-12-31": 244.001, "2014-09-30": 302.043, "2014-06-30": -112.438, "2014-03-31": "-90.46600", "2013-12-31": -191.603, "2013-09-30": 14.414, "2013-06-30": -32.534, "2013-03-31": "-0.86500", "2012-12-31": -206.502, "2012-09-30": 135.744, "2012-06-30": -38.361, "2012-03-31": "-4.17300", "2011-12-31": -26.855, "2011-09-30": -2.939, "2011-06-30": 87.176, "2011-03-31": "-46.88000", "2010-12-31": -16.333, "2010-09-30": 1.15, "2010-06-30": 12.066, "2010-03-31": "1.56900", "2009-12-31": -30.416, "2009-09-30": -46.045, "2009-06-30": -67.557, "2009-03-31": "52.74300", "2008-12-31": -25.306, "2008-09-30": -20.594, "2008-06-30": -17.084, "2008-03-31": "-7.80500", "2007-12-31": -12.393, "2007-09-30": -13.24, "2007-06-30": -12.908, "2007-03-31": "22.00400", "2006-12-31": 0.178, "2006-09-30": -21.85, "2006-06-30": -21.167, "2006-03-31": "-23.77900", "2005-12-31": -19.81, "2005-09-30": -18.232, "2005-06-30": -41.398, "2005-03-31": "-24.34100"}, "Net Cash Flow": {"2020-09-30": 18.777, "2020-06-30": -80.298, "2020-03-31": "32.77200", "2019-12-31": -137.211, "2019-09-30": 127.118, "2019-06-30": -44.068, "2019-03-31": "-118.38400", "2018-12-31": 209.263, "2018-09-30": 50.982, "2018-06-30": -51.565, "2018-03-31": "5.70700", "2017-12-31": -9.468, "2017-09-30": -6.082, "2017-06-30": 18.645, "2017-03-31": "-4.15000", "2016-12-31": -79.559, "2016-09-30": 36.178, "2016-06-30": -93.759, "2016-03-31": "109.83700", "2015-12-31": -34.091, "2015-09-30": -42.311, "2015-06-30": 26.238, "2015-03-31": "8.70800", "2014-12-31": -331.593, "2014-09-30": 315.305, "2014-06-30": 16.024, "2014-03-31": "81.42800", "2013-12-31": 23.899, "2013-09-30": 30.855, "2013-06-30": -48.799, "2013-03-31": "-12.34000", "2012-12-31": -112.84, "2012-09-30": 196.944, "2012-06-30": 9.087, "2012-03-31": "1.41600", "2011-12-31": -7.798, "2011-09-30": 10.634, "2011-06-30": -7.617, "2011-03-31": "-30.61500", "2010-12-31": 18.443, "2010-09-30": 6.801, "2010-06-30": 6.353, "2010-03-31": "14.64600", "2009-12-31": -0.558, "2009-09-30": -4.461, "2009-06-30": -55.634, "2009-03-31": "62.30400", "2008-12-31": -3.686, "2008-09-30": 6.066, "2008-06-30": -3.206, "2008-03-31": "5.48800", "2007-12-31": -4.931, "2007-09-30": -1.982, "2007-06-30": 5.75, "2007-03-31": "-8.80800", "2006-12-31": 4.109, "2006-09-30": 2.406, "2006-06-30": 0.76, "2006-03-31": "1.81900", "2005-12-31": 0.638, "2005-09-30": -2.736, "2005-06-30": -9.316, "2005-03-31": "7.71300"}, "Stock-Based Compensation": {"2020-09-30": 4.564, "2020-06-30": 2.918, "2020-03-31": "2.66100", "2019-12-31": 4.939, "2019-09-30": 4.747, "2019-06-30": 4.936, "2019-03-31": "4.16500", "2018-12-31": 3.902, "2018-09-30": 2.475, "2018-06-30": 3.698, "2018-03-31": "8.21900", "2017-12-31": 4.268, "2017-09-30": 4.635, "2017-06-30": 3.104, "2017-03-31": "6.91000", "2016-12-31": 3.052, "2016-09-30": 4.355, "2016-06-30": 4.001, "2016-03-31": "9.81400", "2015-12-31": 5.563, "2015-09-30": 3.965, "2015-06-30": 5.089, "2015-03-31": "7.00900", "2014-12-31": 8.096, "2014-09-30": 7.979, "2014-06-30": 7.957, "2014-03-31": "7.04300", "2013-12-31": 11.765, "2013-09-30": 7.852, "2013-06-30": 8.429, "2013-03-31": "9.14900", "2012-12-31": 6.478, "2012-09-30": 9.805, "2012-06-30": 4.494, "2012-03-31": "5.26100", "2011-12-31": 4.69, "2011-09-30": 4.398, "2011-06-30": 6.177, "2011-03-31": "2.45100", "2010-12-31": 0.387, "2010-09-30": 1.759, "2010-06-30": 2.475, "2010-03-31": "2.46100", "2009-12-31": 1.559, "2009-09-30": 2.517, "2009-06-30": 3.535, "2009-03-31": "1.72500", "2008-12-31": 1.384, "2008-09-30": 1.972, "2008-06-30": 1.816, "2008-03-31": "2.10600", "2007-12-31": 1.756, "2007-09-30": 1.467, "2007-06-30": 1.405, "2007-03-31": "0.92300", "2006-12-31": 0.933, "2006-09-30": 0.881, "2006-06-30": 0.92, "2006-03-31": "0.71900", "2005-12-31": 0.895, "2005-09-30": 1.345, "2005-06-30": 0.866, "2005-03-31": "0.83000"}, "Common Stock Dividends Paid": {"2020-09-30": -182.241, "2020-06-30": -180.342, "2020-03-31": "-180.27400", "2019-12-31": -179.402, "2019-09-30": -177.545, "2019-06-30": -176.041, "2019-03-31": "-171.40800", "2018-12-31": -110.879, "2018-09-30": -110.36, "2018-06-30": -109.785, "2018-03-31": "-109.40700", "2017-12-31": -108.793, "2017-09-30": -108.272, "2017-06-30": -107.366, "2017-03-31": "-106.75100", "2016-12-31": -106.146, "2016-09-30": -104.587, "2016-06-30": -103.683, "2016-03-31": "-102.23900", "2015-12-31": -101.35, "2015-09-30": -101.29, "2015-06-30": -101.055, "2015-03-31": "-99.86000", "2014-12-31": -98.984, "2014-09-30": -90.606, "2014-06-30": -90.153, "2014-03-31": "-68.15900", "2013-12-31": -59.442, "2013-09-30": -58.03, "2013-06-30": -57.177, "2013-03-31": "-45.74600", "2012-12-31": -44.687, "2012-09-30": -23.167, "2012-06-30": -23.221, "2012-03-31": "-22.79200", "2011-12-31": -22.754, "2011-09-30": -22.211, "2011-06-30": -20.59, "2011-03-31": "-20.25900", "2010-12-31": -19.966, "2010-09-30": -20.135, "2010-06-30": -20.008, "2010-03-31": "-32.48200", "2009-12-31": -19.831, "2009-09-30": -19.727, "2009-06-30": -19.473, "2009-03-31": "-19.58700", "2008-12-31": -19.713, "2008-09-30": -19.319, "2008-06-30": -19.087, "2008-03-31": "-29.58100", "2007-12-31": -18.176, "2007-09-30": -18.23, "2007-06-30": -17.718, "2007-03-31": "-17.48400", "2006-12-31": -17.025, "2006-09-30": -17.234, "2006-06-30": -17.391, "2006-03-31": "-16.96500", "2005-12-31": -16.903, "2005-09-30": -16.807, "2005-06-30": -16.71, "2005-03-31": "-16.58400"}}, "financial ratios": {"Current Ratio": {"2019-12-31": "", "2018-12-31": "", "2017-12-31": "", "2016-12-31": "", "2015-12-31": "", "2014-12-31": "", "2013-12-31": "", "2012-12-31": "", "2011-12-31": "", "2010-12-31": "", "2009-12-31": "", "2008-12-31": "", "2007-12-31": "", "2006-12-31": "", "2005-12-31": ""}, "Long-term Debt / Capital": {"2019-12-31": "0.45720", "2018-12-31": "0.47930", "2017-12-31": "0.54270", "2016-12-31": "0.52360", "2015-12-31": "0.55710", "2014-12-31": "0.51240", "2013-12-31": "0.48420", "2012-12-31": "0.46580", "2011-12-31": "0.45140", "2010-12-31": "0.37360", "2009-12-31": "0.34040", "2008-12-31": "0.33590", "2007-12-31": "0.33310", "2006-12-31": "0.30450", "2005-12-31": "0.27560"}, "Debt/Equity Ratio": {"2019-12-31": "0.87130", "2018-12-31": "0.93390", "2017-12-31": "1.25030", "2016-12-31": "1.29650", "2015-12-31": "1.25800", "2014-12-31": "1.05080", "2013-12-31": "0.93860", "2012-12-31": "0.87200", "2011-12-31": "0.82270", "2010-12-31": "0.59650", "2009-12-31": "0.51600", "2008-12-31": "0.50570", "2007-12-31": "0.49940", "2006-12-31": "0.44090", "2005-12-31": "0.40510"}, "Gross Margin": {"2019-12-31": "", "2018-12-31": "", "2017-12-31": "", "2016-12-31": "", "2015-12-31": "", "2014-12-31": "", "2013-12-31": "", "2012-12-31": "", "2011-12-31": "", "2010-12-31": "", "2009-12-31": "", "2008-12-31": "", "2007-12-31": "", "2006-12-31": "", "2005-12-31": ""}, "Operating Margin": {"2019-12-31": "40.69300", "2018-12-31": "40.56320", "2017-12-31": "42.26730", "2016-12-31": "33.96590", "2015-12-31": "38.10320", "2014-12-31": "29.83870", "2013-12-31": "27.99730", "2012-12-31": "15.00450", "2011-12-31": "39.65080", "2010-12-31": "35.14970", "2009-12-31": "34.42800", "2008-12-31": "39.49040", "2007-12-31": "44.22620", "2006-12-31": "46.48150", "2005-12-31": "42.91840"}, "EBIT Margin": {"2019-12-31": "40.69300", "2018-12-31": "40.56320", "2017-12-31": "42.26730", "2016-12-31": "33.96590", "2015-12-31": "38.10320", "2014-12-31": "29.83870", "2013-12-31": "27.99730", "2012-12-31": "15.00450", "2011-12-31": "39.65080", "2010-12-31": "35.14970", "2009-12-31": "34.42800", "2008-12-31": "39.49040", "2007-12-31": "44.22620", "2006-12-31": "46.48150", "2005-12-31": "42.91840"}, "EBITDA Margin": {"2019-12-31": "84.89500", "2018-12-31": "79.99930", "2017-12-31": "79.57310", "2016-12-31": "64.02480", "2015-12-31": "71.91130", "2014-12-31": "57.11190", "2013-12-31": "54.71560", "2012-12-31": "27.96790", "2011-12-31": "47.18210", "2010-12-31": "44.52760", "2009-12-31": "45.14520", "2008-12-31": "51.07840", "2007-12-31": "54.81750", "2006-12-31": "56.65290", "2005-12-31": "56.36000"}, "Pre-Tax Profit Margin": {"2019-12-31": "26.99260", "2018-12-31": "49.53550", "2017-12-31": "33.92590", "2016-12-31": "29.53640", "2015-12-31": "23.05680", "2014-12-31": "25.18360", "2013-12-31": "19.50980", "2012-12-31": "26.09450", "2011-12-31": "61.42990", "2010-12-31": "42.06830", "2009-12-31": "37.94540", "2008-12-31": "39.92930", "2007-12-31": "47.34570", "2006-12-31": "48.94560", "2005-12-31": "39.25260"}, "Net Profit Margin": {"2019-12-31": "24.76080", "2018-12-31": "46.46620", "2017-12-31": "32.68750", "2016-12-31": "28.43740", "2015-12-31": "18.35690", "2014-12-31": "26.39960", "2013-12-31": "20.18490", "2012-12-31": "17.63310", "2011-12-31": "44.21830", "2010-12-31": "28.21160", "2009-12-31": "30.22270", "2008-12-31": "33.25390", "2007-12-31": "30.72310", "2006-12-31": "32.26440", "2005-12-31": "29.77460"}, "Asset Turnover": {"2019-12-31": "0.08770", "2018-12-31": "0.06250", "2017-12-31": "0.10310", "2016-12-31": "0.11140", "2015-12-31": "0.10730", "2014-12-31": "0.10500", "2013-12-31": "0.10470", "2012-12-31": "0.07640", "2011-12-31": "0.21180", "2010-12-31": "0.22230", "2009-12-31": "0.20890", "2008-12-31": "0.21120", "2007-12-31": "0.22370", "2006-12-31": "0.24470", "2005-12-31": "0.16600"}, "Inventory Turnover Ratio": {"2019-12-31": "", "2018-12-31": "", "2017-12-31": "", "2016-12-31": "", "2015-12-31": "", "2014-12-31": "", "2013-12-31": "", "2012-12-31": "", "2011-12-31": "", "2010-12-31": "", "2009-12-31": "", "2008-12-31": "", "2007-12-31": "", "2006-12-31": "", "2005-12-31": ""}, "Receiveable Turnover": {"2019-12-31": "", "2018-12-31": "", "2017-12-31": "", "2016-12-31": "", "2015-12-31": "", "2014-12-31": "", "2013-12-31": "", "2012-12-31": "", "2011-12-31": "", "2010-12-31": "", "2009-12-31": "", "2008-12-31": "", "2007-12-31": "", "2006-12-31": "", "2005-12-31": ""}, "Days Sales In Receivables": {"2019-12-31": "", "2018-12-31": "", "2017-12-31": "", "2016-12-31": "", "2015-12-31": "", "2014-12-31": "", "2013-12-31": "", "2012-12-31": "", "2011-12-31": "", "2010-12-31": "", "2009-12-31": "", "2008-12-31": "", "2007-12-31": "", "2006-12-31": "", "2005-12-31": ""}, "ROE - Return On Equity": {"2019-12-31": "4.41190", "2018-12-31": "6.21280", "2017-12-31": "8.35680", "2016-12-31": "8.02320", "2015-12-31": "5.01880", "2014-12-31": "5.42750", "2013-12-31": "4.28180", "2012-12-31": "3.77330", "2011-12-31": "21.36250", "2010-12-31": "12.59780", "2009-12-31": "10.09900", "2008-12-31": "10.86020", "2007-12-31": "11.09810", "2006-12-31": "13.53940", "2005-12-31": "7.38610"}, "Return On Tangible Equity": {"2019-12-31": "5.09760", "2018-12-31": "7.18110", "2017-12-31": "10.30140", "2016-12-31": "9.85250", "2015-12-31": "11.90250", "2014-12-31": "12.55690", "2013-12-31": "8.28190", "2012-12-31": "7.09180", "2011-12-31": "25.91960", "2010-12-31": "14.51170", "2009-12-31": "11.67120", "2008-12-31": "12.69260", "2007-12-31": "13.17220", "2006-12-31": "16.30980", "2005-12-31": "8.91720"}, "ROA - Return On Assets": {"2019-12-31": "2.18010", "2018-12-31": "2.99190", "2017-12-31": "3.46340", "2016-12-31": "3.25060", "2015-12-31": "2.04460", "2014-12-31": "2.44170", "2013-12-31": "2.01580", "2012-12-31": "1.84800", "2011-12-31": "10.46350", "2010-12-31": "7.15120", "2009-12-31": "5.84150", "2008-12-31": "6.31720", "2007-12-31": "6.10360", "2006-12-31": "7.82860", "2005-12-31": "4.56320"}, "ROI - Return On Investment": {"2019-12-31": "2.39470", "2018-12-31": "3.23500", "2017-12-31": "3.82160", "2016-12-31": "3.82250", "2015-12-31": "2.22270", "2014-12-31": "2.64650", "2013-12-31": "2.20880", "2012-12-31": "2.01560", "2011-12-31": "11.72040", "2010-12-31": "7.89070", "2009-12-31": "6.66160", "2008-12-31": "7.21250", "2007-12-31": "7.40170", "2006-12-31": "9.41710", "2005-12-31": "5.35050"}, "Book Value Per Share": {"2019-12-31": "40.33120", "2018-12-31": "41.32420", "2017-12-31": "31.90510", "2016-12-31": "32.22330", "2015-12-31": "34.09730", "2014-12-31": "37.39620", "2013-12-31": "32.26640", "2012-12-31": "32.96040", "2011-12-31": "18.03220", "2010-12-31": "16.86670", "2009-12-31": "16.13080", "2008-12-31": "16.32570", "2007-12-31": "16.17380", "2006-12-31": "16.51730", "2005-12-31": "16.11070"}, "Operating Cash Flow Per Share": {"2019-12-31": 0.415, "2018-12-31": -0.4936, "2017-12-31": -0.2875, "2016-12-31": 0.3321, "2015-12-31": 0.7769, "2014-12-31": 1.0152, "2013-12-31": 1.3053, "2012-12-31": -0.3207, "2011-12-31": -0.162, "2010-12-31": 0.2829, "2009-12-31": 0.3046, "2008-12-31": 0.3818, "2007-12-31": -1.8773, "2006-12-31": 1.7173, "2005-12-31": 1.3507}, "Free Cash Flow Per Share": {"2019-12-31": 0.418, "2018-12-31": -4.3148, "2017-12-31": 0.6745, "2016-12-31": 6.1776, "2015-12-31": 1.0119, "2014-12-31": -4.0159, "2013-12-31": -1.5574, "2012-12-31": 1.6153, "2011-12-31": 1.3989, "2010-12-31": -1.8037, "2009-12-31": 0.4344, "2008-12-31": 1.5144, "2007-12-31": -1.7782, "2006-12-31": -0.8219, "2005-12-31": 2.4297}}, "financial ratios, quarterly": {"Current Ratio": {"2020-09-30": "", "2020-06-30": "", "2020-03-31": "", "2019-12-31": "", "2019-09-30": "", "2019-06-30": "", "2019-03-31": "", "2018-12-31": "", "2018-09-30": "", "2018-06-30": "", "2018-03-31": "", "2017-12-31": "", "2017-09-30": "", "2017-06-30": "", "2017-03-31": "", "2016-12-31": "", "2016-09-30": "", "2016-06-30": "", "2016-03-31": "", "2015-12-31": "", "2015-09-30": "", "2015-06-30": "", "2015-03-31": "", "2014-12-31": "", "2014-09-30": "", "2014-06-30": "", "2014-03-31": "", "2013-12-31": "", "2013-09-30": "", "2013-06-30": "", "2013-03-31": "", "2012-12-31": "", "2012-09-30": "", "2012-06-30": "", "2012-03-31": "", "2011-12-31": "", "2011-09-30": "", "2011-06-30": "", "2011-03-31": "", "2010-12-31": "", "2010-09-30": "", "2010-06-30": "", "2010-03-31": "", "2009-12-31": "", "2009-09-30": "", "2009-06-30": "", "2009-03-31": "", "2008-12-31": "", "2008-09-30": "", "2008-06-30": "", "2008-03-31": "", "2007-12-31": "", "2007-09-30": "", "2007-06-30": "", "2007-03-31": "", "2006-12-31": "", "2006-09-30": "", "2006-06-30": "", "2006-03-31": "", "2005-12-31": "", "2005-09-30": "", "2005-06-30": "", "2005-03-31": ""}, "Long-term Debt / Capital": {"2020-09-30": "0.46760", "2020-06-30": "0.47280", "2020-03-31": "0.47160", "2019-12-31": "0.45720", "2019-09-30": "0.46590", "2019-06-30": "0.46460", "2019-03-31": "0.46160", "2018-12-31": "0.47930", "2018-09-30": "0.54810", "2018-06-30": "0.54730", "2018-03-31": "0.55020", "2017-12-31": "0.54270", "2017-09-30": "0.54250", "2017-06-30": "0.54250", "2017-03-31": "0.54700", "2016-12-31": "0.52360", "2016-09-30": "0.54110", "2016-06-30": "0.57270", "2016-03-31": "0.56380", "2015-12-31": "0.55710", "2015-09-30": "0.55960", "2015-06-30": "0.54890", "2015-03-31": "0.53880", "2014-12-31": "0.51240", "2014-09-30": "0.48800", "2014-06-30": "0.49780", "2014-03-31": "0.49830", "2013-12-31": "0.48420", "2013-09-30": "0.49830", "2013-06-30": "0.48340", "2013-03-31": "0.47380", "2012-12-31": "0.46580", "2012-09-30": "0.48880", "2012-06-30": "0.44310", "2012-03-31": "0.45640", "2011-12-31": "0.45140", "2011-09-30": "0.44600", "2011-06-30": "0.44040", "2011-03-31": "0.35570", "2010-12-31": "0.37360", "2010-09-30": "0.37350", "2010-06-30": "0.37380", "2010-03-31": "0.36570", "2009-12-31": "0.34040", "2009-09-30": "0.33200", "2009-06-30": "0.35700", "2009-03-31": "0.35480", "2008-12-31": "0.33590", "2008-09-30": "0.33530", "2008-06-30": "0.34580", "2008-03-31": "0.29110", "2007-12-31": "0.33310", "2007-09-30": "0.31070", "2007-06-30": "0.30970", "2007-03-31": "0.31670", "2006-12-31": "0.30450", "2006-09-30": "0.29500", "2006-06-30": "0.29650", "2006-03-31": "0.29290", "2005-12-31": "0.27560", "2005-09-30": "0.21950", "2005-06-30": "0.22170", "2005-03-31": "0.22830"}, "Debt/Equity Ratio": {"2020-09-30": "0.90490", "2020-06-30": "0.90000", "2020-03-31": "0.90380", "2019-12-31": "0.87130", "2019-09-30": "0.87550", "2019-06-30": "0.88360", "2019-03-31": "0.87260", "2018-12-31": "0.93390", "2018-09-30": "1.42550", "2018-06-30": "1.32880", "2018-03-31": "1.30260", "2017-12-31": "1.25030", "2017-09-30": "1.25070", "2017-06-30": "1.23390", "2017-03-31": "1.20730", "2016-12-31": "1.29650", "2016-09-30": "1.25050", "2016-06-30": "1.34040", "2016-03-31": "1.29230", "2015-12-31": "1.25800", "2015-09-30": "1.27060", "2015-06-30": "1.21670", "2015-03-31": "1.16840", "2014-12-31": "1.05080", "2014-09-30": "0.95300", "2014-06-30": "0.99130", "2014-03-31": "0.99320", "2013-12-31": "0.93860", "2013-09-30": "0.99330", "2013-06-30": "0.93590", "2013-03-31": "0.90060", "2012-12-31": "0.87200", "2012-09-30": "0.95620", "2012-06-30": "0.79570", "2012-03-31": "0.83970", "2011-12-31": "0.82270", "2011-09-30": "0.80490", "2011-06-30": "0.78700", "2011-03-31": "0.55220", "2010-12-31": "0.59650", "2010-09-30": "0.59620", "2010-06-30": "0.59710", "2010-03-31": "0.57650", "2009-12-31": "0.51600", "2009-09-30": "0.49700", "2009-06-30": "0.55520", "2009-03-31": "0.54990", "2008-12-31": "0.50570", "2008-09-30": "0.50450", "2008-06-30": "0.52850", "2008-03-31": "0.53300", "2007-12-31": "0.49940", "2007-09-30": "0.54210", "2007-06-30": "0.49120", "2007-03-31": "0.50490", "2006-12-31": "0.44090", "2006-09-30": "0.41840", "2006-06-30": "0.42490", "2006-03-31": "0.42420", "2005-12-31": "0.40510", "2005-09-30": "0.40840", "2005-06-30": "0.41030", "2005-03-31": "0.45970"}, "Gross Margin": {"2020-09-30": "", "2020-06-30": "", "2020-03-31": "", "2019-12-31": "", "2019-09-30": "", "2019-06-30": "", "2019-03-31": "", "2018-12-31": "", "2018-09-30": "", "2018-06-30": "", "2018-03-31": "", "2017-12-31": "", "2017-09-30": "", "2017-06-30": "", "2017-03-31": "", "2016-12-31": "", "2016-09-30": "", "2016-06-30": "", "2016-03-31": "", "2015-12-31": "", "2015-09-30": "", "2015-06-30": "", "2015-03-31": "", "2014-12-31": "", "2014-09-30": "", "2014-06-30": "", "2014-03-31": "", "2013-12-31": "", "2013-09-30": "", "2013-06-30": "", "2013-03-31": "", "2012-12-31": "", "2012-09-30": "", "2012-06-30": "", "2012-03-31": "", "2011-12-31": "", "2011-09-30": "", "2011-06-30": "", "2011-03-31": "", "2010-12-31": "", "2010-09-30": "", "2010-06-30": "", "2010-03-31": "", "2009-12-31": "", "2009-09-30": "", "2009-06-30": "", "2009-03-31": "", "2008-12-31": "", "2008-09-30": "", "2008-06-30": "", "2008-03-31": "", "2007-12-31": "", "2007-09-30": "", "2007-06-30": "", "2007-03-31": "", "2006-12-31": "", "2006-09-30": "", "2006-06-30": "", "2006-03-31": "", "2005-12-31": "", "2005-09-30": "", "2005-06-30": "", "2005-03-31": ""}, "Operating Margin": {"2020-09-30": "46.35290", "2020-06-30": "45.48620", "2020-03-31": "36.11310", "2019-12-31": "43.20190", "2019-09-30": "37.60820", "2019-06-30": "41.29640", "2019-03-31": "40.74640", "2018-12-31": "32.20580", "2018-09-30": "47.01750", "2018-06-30": "45.70930", "2018-03-31": "40.05950", "2017-12-31": "43.28270", "2017-09-30": "45.35620", "2017-06-30": "42.22360", "2017-03-31": "38.42660", "2016-12-31": "36.81090", "2016-09-30": "39.41230", "2016-06-30": "26.03680", "2016-03-31": "33.39250", "2015-12-31": "43.10950", "2015-09-30": "25.90070", "2015-06-30": "45.23580", "2015-03-31": "36.25830", "2014-12-31": "29.17320", "2014-09-30": "34.93900", "2014-06-30": "36.32550", "2014-03-31": "17.96890", "2013-12-31": "24.40960", "2013-09-30": "30.89700", "2013-06-30": "27.98940", "2013-03-31": "29.08300", "2012-12-31": "32.67830", "2012-09-30": "-21.90310", "2012-06-30": "12.15220", "2012-03-31": "17.03020", "2011-12-31": "20.43470", "2011-09-30": "31.94060", "2011-06-30": "54.36050", "2011-03-31": "35.02550", "2010-12-31": "41.25900", "2010-09-30": "28.27840", "2010-06-30": "38.12800", "2010-03-31": "31.31780", "2009-12-31": "32.38820", "2009-09-30": "36.51830", "2009-06-30": "31.34030", "2009-03-31": "36.97130", "2008-12-31": "41.15810", "2008-09-30": "42.35180", "2008-06-30": "37.53530", "2008-03-31": "36.62850", "2007-12-31": "-11.56910", "2007-09-30": "51.69210", "2007-06-30": "66.90760", "2007-03-31": "41.76500", "2006-12-31": "55.40040", "2006-09-30": "38.41390", "2006-06-30": "32.94810", "2006-03-31": "51.08870", "2005-12-31": "18.29300", "2005-09-30": "50.05070", "2005-06-30": "48.21380", "2005-03-31": "48.94170"}, "EBIT Margin": {"2020-09-30": "46.35290", "2020-06-30": "45.48620", "2020-03-31": "36.11310", "2019-12-31": "43.20190", "2019-09-30": "37.60820", "2019-06-30": "41.29640", "2019-03-31": "40.74640", "2018-12-31": "32.20580", "2018-09-30": "47.01750", "2018-06-30": "45.70930", "2018-03-31": "40.05950", "2017-12-31": "43.28270", "2017-09-30": "45.35620", "2017-06-30": "42.22360", "2017-03-31": "38.42660", "2016-12-31": "36.81090", "2016-09-30": "39.41230", "2016-06-30": "26.03680", "2016-03-31": "33.39250", "2015-12-31": "43.10950", "2015-09-30": "25.90070", "2015-06-30": "45.23580", "2015-03-31": "36.25830", "2014-12-31": "29.17320", "2014-09-30": "34.93900", "2014-06-30": "36.32550", "2014-03-31": "17.96890", "2013-12-31": "24.40960", "2013-09-30": "30.89700", "2013-06-30": "27.98940", "2013-03-31": "29.08300", "2012-12-31": "32.67830", "2012-09-30": "-21.90310", "2012-06-30": "12.15220", "2012-03-31": "17.03020", "2011-12-31": "20.43460", "2011-09-30": "31.94060", "2011-06-30": "54.36050", "2011-03-31": "35.02550", "2010-12-31": "41.25900", "2010-09-30": "28.27840", "2010-06-30": "38.12800", "2010-03-31": "31.31780", "2009-12-31": "32.38820", "2009-09-30": "36.51830", "2009-06-30": "31.34030", "2009-03-31": "36.97130", "2008-12-31": "41.15810", "2008-09-30": "42.35180", "2008-06-30": "37.53530", "2008-03-31": "36.62850", "2007-12-31": "-11.56910", "2007-09-30": "51.69210", "2007-06-30": "66.90760", "2007-03-31": "41.76500", "2006-12-31": "55.40040", "2006-09-30": "38.41390", "2006-06-30": "32.94810", "2006-03-31": "51.08870", "2005-12-31": "18.29300", "2005-09-30": "50.05070", "2005-06-30": "48.21380", "2005-03-31": "48.94170"}, "EBITDA Margin": {"2020-09-30": "", "2020-06-30": "", "2020-03-31": "", "2019-12-31": "", "2019-09-30": "", "2019-06-30": "", "2019-03-31": "", "2018-12-31": "", "2018-09-30": "", "2018-06-30": "", "2018-03-31": "", "2017-12-31": "", "2017-09-30": "", "2017-06-30": "", "2017-03-31": "", "2016-12-31": "", "2016-09-30": "", "2016-06-30": "", "2016-03-31": "", "2015-12-31": "", "2015-09-30": "", "2015-06-30": "", "2015-03-31": "", "2014-12-31": "", "2014-09-30": "", "2014-06-30": "", "2014-03-31": "", "2013-12-31": "", "2013-09-30": "", "2013-06-30": "", "2013-03-31": "", "2012-12-31": "", "2012-09-30": "", "2012-06-30": "", "2012-03-31": "", "2011-12-31": "", "2011-09-30": "", "2011-06-30": "", "2011-03-31": "", "2010-12-31": "", "2010-09-30": "", "2010-06-30": "", "2010-03-31": "", "2009-12-31": "", "2009-09-30": "", "2009-06-30": "", "2009-03-31": "", "2008-12-31": "", "2008-09-30": "", "2008-06-30": "", "2008-03-31": "", "2007-12-31": "", "2007-09-30": "", "2007-06-30": "", "2007-03-31": "", "2006-12-31": "", "2006-09-30": "", "2006-06-30": "", "2006-03-31": "", "2005-12-31": "", "2005-09-30": "", "2005-06-30": "", "2005-03-31": ""}, "Pre-Tax Profit Margin": {"2020-09-30": "51.38860", "2020-06-30": "42.26720", "2020-03-31": "8.09390", "2019-12-31": "48.47140", "2019-09-30": "14.46270", "2019-06-30": "22.68600", "2019-03-31": "22.34730", "2018-12-31": "75.61000", "2018-09-30": "40.25520", "2018-06-30": "42.59950", "2018-03-31": "30.75370", "2017-12-31": "49.25500", "2017-09-30": "31.39060", "2017-06-30": "29.84450", "2017-03-31": "26.70970", "2016-12-31": "54.36050", "2016-09-30": "29.44770", "2016-06-30": "12.27620", "2016-03-31": "22.47150", "2015-12-31": "26.35510", "2015-09-30": "11.72050", "2015-06-30": "34.40750", "2015-03-31": "17.86710", "2014-12-31": "13.87810", "2014-09-30": "14.60210", "2014-06-30": "20.67570", "2014-03-31": "54.05670", "2013-12-31": "7.87510", "2013-09-30": "20.10910", "2013-06-30": "36.22410", "2013-03-31": "16.32350", "2012-12-31": "22.38030", "2012-09-30": "13.00120", "2012-06-30": "45.81590", "2012-03-31": "28.03090", "2011-12-31": "48.66690", "2011-09-30": "45.12640", "2011-06-30": "91.09240", "2011-03-31": "39.05080", "2010-12-31": "48.82040", "2010-09-30": "34.15780", "2010-06-30": "44.20790", "2010-03-31": "39.42340", "2009-12-31": "42.84790", "2009-09-30": "36.28850", "2009-06-30": "34.37030", "2009-03-31": "38.21630", "2008-12-31": "37.93290", "2008-09-30": "38.67780", "2008-06-30": "40.83970", "2008-03-31": "42.28840", "2007-12-31": "2.53330", "2007-09-30": "61.74760", "2007-06-30": "64.36170", "2007-03-31": "38.03180", "2006-12-31": "61.46400", "2006-09-30": "37.74990", "2006-06-30": "38.15470", "2006-03-31": "45.38760", "2005-12-31": "26.93860", "2005-09-30": "43.70540", "2005-06-30": "41.00530", "2005-03-31": "42.32240"}, "Net Profit Margin": {"2020-09-30": "49.40070", "2020-06-30": "36.24410", "2020-03-31": "21.38840", "2019-12-31": "41.56840", "2019-09-30": "12.99950", "2019-06-30": "21.63680", "2019-03-31": "22.95970", "2018-12-31": "70.69000", "2018-09-30": "36.94070", "2018-06-30": "37.62550", "2018-03-31": "32.34430", "2017-12-31": "38.18470", "2017-09-30": "38.09090", "2017-06-30": "29.03380", "2017-03-31": "26.24130", "2016-12-31": "20.85150", "2016-09-30": "49.25390", "2016-06-30": "23.77780", "2016-03-31": "21.25480", "2015-12-31": "19.24560", "2015-09-30": "10.12970", "2015-06-30": "26.60800", "2015-03-31": "16.38750", "2014-12-31": "12.96950", "2014-09-30": "13.87620", "2014-06-30": "25.54670", "2014-03-31": "55.20110", "2013-12-31": "16.56180", "2013-09-30": "13.95710", "2013-06-30": "38.46610", "2013-03-31": "13.37440", "2012-12-31": "10.48080", "2012-09-30": "3.73570", "2012-06-30": "47.35840", "2012-03-31": "17.99050", "2011-12-31": "17.24810", "2011-09-30": "32.87590", "2011-06-30": "69.74290", "2011-03-31": "30.74720", "2010-12-31": "27.52070", "2010-09-30": "28.13380", "2010-06-30": "33.47380", "2010-03-31": "23.14780", "2009-12-31": "41.43120", "2009-09-30": "22.55850", "2009-06-30": "28.13380", "2009-03-31": "29.27980", "2008-12-31": "41.64690", "2008-09-30": "28.87220", "2008-06-30": "33.99970", "2008-03-31": "29.87340", "2007-12-31": "12.10880", "2007-09-30": "37.39490", "2007-06-30": "38.54550", "2007-03-31": "24.17140", "2006-12-31": "39.69230", "2006-09-30": "27.37010", "2006-06-30": "30.07200", "2006-03-31": "23.16700", "2005-12-31": "35.30750", "2005-09-30": "34.56860", "2005-06-30": "38.52960", "2005-03-31": "12.92300"}, "Asset Turnover": {"2020-09-30": "0.02130", "2020-06-30": "0.02080", "2020-03-31": "0.02220", "2019-12-31": "0.02210", "2019-09-30": "0.02260", "2019-06-30": "0.02150", "2019-03-31": "0.02110", "2018-12-31": "0.01930", "2018-09-30": "0.02460", "2018-06-30": "0.02430", "2018-03-31": "0.02440", "2017-12-31": "0.02390", "2017-09-30": "0.02530", "2017-06-30": "0.02660", "2017-03-31": "0.02670", "2016-12-31": "0.02710", "2016-09-30": "0.02660", "2016-06-30": "0.02500", "2016-03-31": "0.03110", "2015-12-31": "0.03030", "2015-09-30": "0.02420", "2015-06-30": "0.02650", "2015-03-31": "0.02520", "2014-12-31": "0.02880", "2014-09-30": "0.02320", "2014-06-30": "0.03060", "2014-03-31": "0.02510", "2013-12-31": "0.02970", "2013-09-30": "0.02810", "2013-06-30": "0.02420", "2013-03-31": "0.02300", "2012-12-31": "0.03200", "2012-09-30": "0.01450", "2012-06-30": "0.04660", "2012-03-31": "0.04680", "2011-12-31": "0.02760", "2011-09-30": "0.05220", "2011-06-30": "0.08000", "2011-03-31": "0.06640", "2010-12-31": "0.05990", "2010-09-30": "0.05020", "2010-06-30": "0.06230", "2010-03-31": "0.05710", "2009-12-31": "0.05070", "2009-09-30": "0.05400", "2009-06-30": "0.04680", "2009-03-31": "0.05360", "2008-12-31": "0.04730", "2008-09-30": "0.05910", "2008-06-30": "0.05160", "2008-03-31": "0.05080", "2007-12-31": "0.04310", "2007-09-30": "0.04740", "2007-06-30": "0.09700", "2007-03-31": "0.04030", "2006-12-31": "0.10060", "2006-09-30": "0.05240", "2006-06-30": "0.05770", "2006-03-31": "0.04780", "2005-12-31": "0.03310", "2005-09-30": "0.04280", "2005-06-30": "0.04570", "2005-03-31": "0.04560"}, "Inventory Turnover Ratio": {"2020-09-30": "", "2020-06-30": "", "2020-03-31": "", "2019-12-31": "", "2019-09-30": "", "2019-06-30": "", "2019-03-31": "", "2018-12-31": "", "2018-09-30": "", "2018-06-30": "", "2018-03-31": "", "2017-12-31": "", "2017-09-30": "", "2017-06-30": "", "2017-03-31": "", "2016-12-31": "", "2016-09-30": "", "2016-06-30": "", "2016-03-31": "", "2015-12-31": "", "2015-09-30": "", "2015-06-30": "", "2015-03-31": "", "2014-12-31": "", "2014-09-30": "", "2014-06-30": "", "2014-03-31": "", "2013-12-31": "", "2013-09-30": "", "2013-06-30": "", "2013-03-31": "", "2012-12-31": "", "2012-09-30": "", "2012-06-30": "", "2012-03-31": "", "2011-12-31": "", "2011-09-30": "", "2011-06-30": "", "2011-03-31": "", "2010-12-31": "", "2010-09-30": "", "2010-06-30": "", "2010-03-31": "", "2009-12-31": "", "2009-09-30": "", "2009-06-30": "", "2009-03-31": "", "2008-12-31": "", "2008-09-30": "", "2008-06-30": "", "2008-03-31": "", "2007-12-31": "", "2007-09-30": "", "2007-06-30": "", "2007-03-31": "", "2006-12-31": "", "2006-09-30": "", "2006-06-30": "", "2006-03-31": "", "2005-12-31": "", "2005-09-30": "", "2005-06-30": "", "2005-03-31": ""}, "Receiveable Turnover": {"2020-09-30": "", "2020-06-30": "", "2020-03-31": "", "2019-12-31": "", "2019-09-30": "", "2019-06-30": "", "2019-03-31": "", "2018-12-31": "", "2018-09-30": "", "2018-06-30": "", "2018-03-31": "", "2017-12-31": "", "2017-09-30": "", "2017-06-30": "", "2017-03-31": "", "2016-12-31": "", "2016-09-30": "", "2016-06-30": "", "2016-03-31": "", "2015-12-31": "", "2015-09-30": "", "2015-06-30": "", "2015-03-31": "", "2014-12-31": "", "2014-09-30": "", "2014-06-30": "", "2014-03-31": "", "2013-12-31": "", "2013-09-30": "", "2013-06-30": "", "2013-03-31": "", "2012-12-31": "", "2012-09-30": "", "2012-06-30": "", "2012-03-31": "", "2011-12-31": "", "2011-09-30": "", "2011-06-30": "", "2011-03-31": "", "2010-12-31": "", "2010-09-30": "", "2010-06-30": "", "2010-03-31": "", "2009-12-31": "", "2009-09-30": "", "2009-06-30": "", "2009-03-31": "", "2008-12-31": "", "2008-09-30": "", "2008-06-30": "", "2008-03-31": "", "2007-12-31": "", "2007-09-30": "", "2007-06-30": "", "2007-03-31": "", "2006-12-31": "", "2006-09-30": "", "2006-06-30": "", "2006-03-31": "", "2005-12-31": "", "2005-09-30": "", "2005-06-30": "", "2005-03-31": ""}, "Days Sales In Receivables": {"2020-09-30": "", "2020-06-30": "", "2020-03-31": "", "2019-12-31": "", "2019-09-30": "", "2019-06-30": "", "2019-03-31": "", "2018-12-31": "", "2018-09-30": "", "2018-06-30": "", "2018-03-31": "", "2017-12-31": "", "2017-09-30": "", "2017-06-30": "", "2017-03-31": "", "2016-12-31": "", "2016-09-30": "", "2016-06-30": "", "2016-03-31": "", "2015-12-31": "", "2015-09-30": "", "2015-06-30": "", "2015-03-31": "", "2014-12-31": "", "2014-09-30": "", "2014-06-30": "", "2014-03-31": "", "2013-12-31": "", "2013-09-30": "", "2013-06-30": "", "2013-03-31": "", "2012-12-31": "", "2012-09-30": "", "2012-06-30": "", "2012-03-31": "", "2011-12-31": "", "2011-09-30": "", "2011-06-30": "", "2011-03-31": "", "2010-12-31": "", "2010-09-30": "", "2010-06-30": "", "2010-03-31": "", "2009-12-31": "", "2009-09-30": "", "2009-06-30": "", "2009-03-31": "", "2008-12-31": "", "2008-09-30": "", "2008-06-30": "", "2008-03-31": "", "2007-12-31": "", "2007-09-30": "", "2007-06-30": "", "2007-03-31": "", "2006-12-31": "", "2006-09-30": "", "2006-06-30": "", "2006-03-31": "", "2005-12-31": "", "2005-09-30": "", "2005-06-30": "", "2005-03-31": ""}, "ROE - Return On Equity": {"2020-09-30": "2.16910", "2020-06-30": "1.69360", "2020-03-31": "0.98480", "2019-12-31": "1.86800", "2019-09-30": "0.60070", "2019-06-30": "0.94580", "2019-03-31": "0.98030", "2018-12-31": "2.85910", "2018-09-30": "2.49330", "2018-06-30": "2.39810", "2018-03-31": "2.02010", "2017-12-31": "2.84940", "2017-09-30": "1.86660", "2017-06-30": "1.84210", "2017-03-31": "1.73040", "2016-12-31": "3.40250", "2016-09-30": "1.79880", "2016-06-30": "1.00750", "2016-03-31": "1.70470", "2015-12-31": "1.47800", "2015-09-30": "0.60210", "2015-06-30": "1.79130", "2015-03-31": "1.00770", "2014-12-31": "0.72220", "2014-09-30": "0.69530", "2014-06-30": "1.15810", "2014-03-31": "2.87680", "2013-12-31": "0.57860", "2013-09-30": "0.97120", "2013-06-30": "1.88810", "2013-03-31": "0.83650", "2012-12-31": "1.17260", "2012-09-30": "0.38630", "2012-06-30": "4.47780", "2012-03-31": "2.43100", "2011-12-31": "2.92480", "2011-09-30": "3.92050", "2011-06-30": "11.11230", "2011-03-31": "3.27090", "2010-12-31": "3.41650", "2010-09-30": "2.48030", "2010-06-30": "3.82170", "2010-03-31": "3.28000", "2009-12-31": "2.67500", "2009-09-30": "2.40080", "2009-06-30": "2.26010", "2009-03-31": "2.67670", "2008-12-31": "2.60410", "2008-09-30": "3.04860", "2008-06-30": "2.53210", "2008-03-31": "2.65110", "2007-12-31": "-0.26300", "2007-09-30": "3.47040", "2007-06-30": "5.96690", "2007-03-31": "1.68760", "2006-12-31": "6.09250", "2006-09-30": "2.35280", "2006-06-30": "2.98140", "2006-03-31": "2.47910", "2005-12-31": "0.83820", "2005-09-30": "2.20550", "2005-06-30": "2.10520", "2005-03-31": "2.18270"}, "Return On Tangible Equity": {"2020-09-30": "2.49670", "2020-06-30": "1.95140", "2020-03-31": "1.14150", "2019-12-31": "2.15840", "2019-09-30": "0.69340", "2019-06-30": "1.08920", "2019-03-31": "1.12800", "2018-12-31": "3.30470", "2018-09-30": "3.10170", "2018-06-30": "2.97470", "2018-03-31": "2.49900", "2017-12-31": "3.51250", "2017-09-30": "2.29450", "2017-06-30": "2.26130", "2017-03-31": "3.72170", "2016-12-31": "4.17820", "2016-09-30": "3.83260", "2016-06-30": "2.24150", "2016-03-31": "3.92320", "2015-12-31": "3.50520", "2015-09-30": "1.43980", "2015-06-30": "4.17980", "2015-03-31": "2.39040", "2014-12-31": "1.67090", "2014-09-30": "1.52720", "2014-06-30": "2.78070", "2014-03-31": "7.10640", "2013-12-31": "1.11900", "2013-09-30": "1.93840", "2013-06-30": "3.67350", "2013-03-31": "1.62640", "2012-12-31": "2.20390", "2012-09-30": "0.75590", "2012-06-30": "5.37310", "2012-03-31": "2.93490", "2011-12-31": "3.54870", "2011-09-30": "4.75440", "2011-06-30": "13.51470", "2011-03-31": "3.75170", "2010-12-31": "3.93560", "2010-09-30": "2.86420", "2010-06-30": "4.44970", "2010-03-31": "3.82480", "2009-12-31": "3.09140", "2009-09-30": "2.77580", "2009-06-30": "2.61960", "2009-03-31": "3.12800", "2008-12-31": "3.04340", "2008-09-30": "3.56970", "2008-06-30": "2.97300", "2008-03-31": "3.29200", "2007-12-31": "-0.31210", "2007-09-30": "4.12290", "2007-06-30": "7.08760", "2007-03-31": "2.02530", "2006-12-31": "7.33920", "2006-09-30": "2.80580", "2006-06-30": "3.57090", "2006-03-31": "2.98270", "2005-12-31": "1.01200", "2005-09-30": "2.67010", "2005-06-30": "2.56080", "2005-03-31": "2.67140"}, "ROA - Return On Assets": {"2020-09-30": "1.05310", "2020-06-30": "0.82550", "2020-03-31": "0.48020", "2019-12-31": "0.92310", "2019-09-30": "0.29700", "2019-06-30": "0.46590", "2019-03-31": "0.48600", "2018-12-31": "1.37680", "2018-09-30": "0.95750", "2018-06-30": "0.96080", "2018-03-31": "0.82130", "2017-12-31": "1.18090", "2017-09-30": "0.77270", "2017-06-30": "0.76550", "2017-03-31": "0.72960", "2016-12-31": "1.37850", "2016-09-30": "0.74600", "2016-06-30": "0.40180", "2016-03-31": "0.69170", "2015-12-31": "0.60210", "2015-09-30": "0.24530", "2015-06-30": "0.74610", "2015-03-31": "0.42830", "2014-12-31": "0.32490", "2014-09-30": "0.32780", "2014-06-30": "0.53500", "2014-03-31": "1.32900", "2013-12-31": "0.27240", "2013-09-30": "0.45010", "2013-06-30": "0.90140", "2013-03-31": "0.40170", "2012-12-31": "0.57430", "2012-09-30": "0.18040", "2012-06-30": "2.26770", "2012-03-31": "1.19630", "2011-12-31": "1.43260", "2011-09-30": "1.95140", "2011-06-30": "5.57260", "2011-03-31": "1.92970", "2010-12-31": "1.93940", "2010-09-30": "1.42250", "2010-06-30": "2.15180", "2010-03-31": "1.87450", "2009-12-31": "1.54730", "2009-09-30": "1.40950", "2009-06-30": "1.28200", "2009-03-31": "1.49780", "2008-12-31": "1.51480", "2008-09-30": "1.76730", "2008-06-30": "1.45160", "2008-03-31": "1.51530", "2007-12-31": "-0.14460", "2007-09-30": "1.93900", "2007-06-30": "3.48330", "2007-03-31": "0.95840", "2006-12-31": "3.52270", "2006-09-30": "1.41980", "2006-06-30": "1.79940", "2006-03-31": "1.49550", "2005-12-31": "0.51790", "2005-09-30": "1.39870", "2005-06-30": "1.34270", "2005-03-31": "1.34160"}, "ROI - Return On Investment": {"2020-09-30": "1.15470", "2020-06-30": "0.89290", "2020-03-31": "0.52030", "2019-12-31": "1.01390", "2019-09-30": "0.32080", "2019-06-30": "0.50640", "2019-03-31": "0.52780", "2018-12-31": "1.48870", "2018-09-30": "1.12680", "2018-06-30": "1.08560", "2018-03-31": "0.90860", "2017-12-31": "1.30300", "2017-09-30": "0.85400", "2017-06-30": "0.84270", "2017-03-31": "0.78390", "2016-12-31": "1.62100", "2016-09-30": "0.82540", "2016-06-30": "0.43050", "2016-03-31": "0.74370", "2015-12-31": "0.65460", "2015-09-30": "0.26520", "2015-06-30": "0.80810", "2015-03-31": "0.46470", "2014-12-31": "0.35210", "2014-09-30": "0.35600", "2014-06-30": "0.58160", "2014-03-31": "1.44330", "2013-12-31": "0.29840", "2013-09-30": "0.48720", "2013-06-30": "0.97530", "2013-03-31": "0.44020", "2012-12-31": "0.62640", "2012-09-30": "0.19750", "2012-06-30": "2.49370", "2012-03-31": "1.32140", "2011-12-31": "1.60460", "2011-09-30": "2.17210", "2011-06-30": "6.21840", "2011-03-31": "2.10730", "2010-12-31": "2.13990", "2010-09-30": "1.55380", "2010-06-30": "2.39290", "2010-03-31": "2.08060", "2009-12-31": "1.76450", "2009-09-30": "1.60380", "2009-06-30": "1.45330", "2009-03-31": "1.72700", "2008-12-31": "1.72940", "2008-09-30": "2.02630", "2008-06-30": "1.65660", "2008-03-31": "1.87950", "2007-12-31": "-0.17540", "2007-09-30": "2.39210", "2007-06-30": "4.11920", "2007-03-31": "1.15310", "2006-12-31": "4.23760", "2006-09-30": "1.65870", "2006-06-30": "2.09730", "2006-03-31": "1.75300", "2005-12-31": "0.60720", "2005-09-30": "1.72130", "2005-06-30": "1.63840", "2005-03-31": "1.68430"}, "Book Value Per Share": {"2020-09-30": "39.27890", "2020-06-30": "39.11930", "2020-03-31": "39.28630", "2019-12-31": "40.33120", "2019-09-30": "40.42600", "2019-06-30": "40.94000", "2019-03-31": "41.36910", "2018-12-31": "41.32420", "2018-09-30": "30.51570", "2018-06-30": "30.89530", "2018-03-31": "31.43370", "2017-12-31": "31.90510", "2017-09-30": "32.27330", "2017-06-30": "32.34150", "2017-03-31": "32.45350", "2016-12-31": "32.22330", "2016-09-30": "33.04710", "2016-06-30": "32.92830", "2016-03-31": "33.67620", "2015-12-31": "34.09730", "2015-09-30": "34.67680", "2015-06-30": "35.78480", "2015-03-31": "35.56990", "2014-12-31": "37.39620", "2014-09-30": "38.53250", "2014-06-30": "38.55470", "2014-03-31": "38.77850", "2013-12-31": "32.26640", "2013-09-30": "32.09080", "2013-06-30": "32.44110", "2013-03-31": "31.99500", "2012-12-31": "32.96040", "2012-09-30": "32.57660", "2012-06-30": "18.05280", "2012-03-31": "17.81080", "2011-12-31": "18.03220", "2011-09-30": "18.40870", "2011-06-30": "18.43540", "2011-03-31": "17.04070", "2010-12-31": "16.86670", "2010-09-30": "16.81810", "2010-06-30": "16.09970", "2010-03-31": "15.88520", "2009-12-31": "16.13080", "2009-09-30": "16.42910", "2009-06-30": "16.47120", "2009-03-31": "16.15370", "2008-12-31": "16.32570", "2008-09-30": "16.29180", "2008-06-30": "16.35130", "2008-03-31": "16.27990", "2007-12-31": "16.17380", "2007-09-30": "16.65760", "2007-06-30": "16.76430", "2007-03-31": "16.36050", "2006-12-31": "16.51730", "2006-09-30": "15.77760", "2006-06-30": "15.82740", "2006-03-31": "15.96900", "2005-12-31": "16.11070", "2005-09-30": "16.25810", "2005-06-30": "16.28370", "2005-03-31": "16.21260"}, "Operating Cash Flow Per Share": {"2020-09-30": 1.2154, "2020-06-30": 0.9243, "2020-03-31": "1.03600", "2019-12-31": 1.3927, "2019-09-30": 1.4344, "2019-06-30": 1.0605, "2019-03-31": "0.85310", "2018-12-31": 0.911, "2018-09-30": 1.2997, "2018-06-30": 1.1637, "2018-03-31": "0.95130", "2017-12-31": 1.2503, "2017-09-30": 1.2703, "2017-06-30": 1.2618, "2017-03-31": "1.03690", "2016-12-31": 1.5943, "2016-09-30": 1.2158, "2016-06-30": 1.1649, "2016-03-31": "1.13180", "2015-12-31": 1.6629, "2015-09-30": 1.079, "2015-06-30": 1.2701, "2015-03-31": "0.76270", "2014-12-31": 1.2572, "2014-09-30": 1.0708, "2014-06-30": 1.1863, "2014-03-31": "0.48350", "2013-12-31": 0.8742, "2013-09-30": 1.0802, "2013-06-30": 0.7785, "2013-03-31": "0.24970", "2012-12-31": 0.9056, "2012-09-30": 0.4821, "2012-06-30": 0.3899, "2012-03-31": "-0.10030", "2011-12-31": 0.4474, "2011-09-30": 0.3431, "2011-06-30": 1.0414, "2011-03-31": "0.16610", "2010-12-31": 0.844, "2010-09-30": 0.3975, "2010-06-30": 0.5736, "2010-03-31": "0.34490", "2009-12-31": 0.6538, "2009-09-30": 0.3576, "2009-06-30": 0.2576, "2009-03-31": "0.60810", "2008-12-31": 0.394, "2008-09-30": 0.5024, "2008-06-30": 0.4085, "2008-03-31": "0.26760", "2007-12-31": 0.5621, "2007-09-30": 0.3374, "2007-06-30": 0.2982, "2007-03-31": "-0.00700", "2006-12-31": 1.8249, "2006-09-30": 0.3392, "2006-06-30": 0.2477, "2006-03-31": "0.65620", "2005-12-31": 0.1735, "2005-09-30": 0.4019, "2005-06-30": 0.0769, "2005-03-31": "0.69840"}, "Free Cash Flow Per Share": {"2020-09-30": 0.1355, "2020-06-30": -0.6084, "2020-03-31": "1.64220", "2019-12-31": 0.6866, "2019-09-30": 0.3989, "2019-06-30": -0.5848, "2019-03-31": "0.88210", "2018-12-31": 2.1583, "2018-09-30": -1.0815, "2018-06-30": -0.416, "2018-03-31": "0.30400", "2017-12-31": 1.2606, "2017-09-30": 1.6365, "2017-06-30": 1.2554, "2017-03-31": "1.12710", "2016-12-31": 1.4908, "2016-09-30": 2.6069, "2016-06-30": -1.5291, "2016-03-31": "2.03650", "2015-12-31": 0.3538, "2015-09-30": -0.0428, "2015-06-30": 0.9742, "2015-03-31": "-2.85770", "2014-12-31": -5.3928, "2014-09-30": -0.6616, "2014-06-30": 2.3379, "2014-03-31": "1.13210", "2013-12-31": 2.2475, "2013-09-30": 0.177, "2013-06-30": -0.3582, "2013-03-31": "-0.63480", "2012-12-31": 1.5612, "2012-09-30": 0.5643, "2012-06-30": 0.9404, "2012-03-31": "-0.07700", "2011-12-31": 0.3194, "2011-09-30": 0.2208, "2011-06-30": 0.4608, "2011-03-31": "0.37260", "2010-12-31": 0.6849, "2010-09-30": 0.0761, "2010-06-30": -0.0787, "2010-03-31": "-0.70760", "2009-12-31": 1.5166, "2009-09-30": 0.4637, "2009-06-30": 0.2359, "2009-03-31": "-0.43780", "2008-12-31": 0.2518, "2008-09-30": 0.581, "2008-06-30": 0.314, "2008-03-31": "0.19720", "2007-12-31": 0.3777, "2007-09-30": 0.2038, "2007-06-30": 0.0478, "2007-03-31": "-0.79970", "2006-12-31": -0.3479, "2006-09-30": 0.583, "2006-06-30": 0.7339, "2006-03-31": "0.63880", "2005-12-31": 0.449, "2005-09-30": 0.3948, "2005-06-30": 0.8037, "2005-03-31": "0.78220"}}, "revenue": {"W.P Carey Annual Revenue (Millions of US $)": {"2019": "$1,233", "2018": "$886", "2017": "$848", "2016": "$942", "2015": "$938", "2014": "$908", "2013": "$490", "2012": "$352", "2011": "$310", "2010": "$261", "2009": "$228", "2008": "$235", "2007": "$258", "2006": "$267", "2005": "$163"}, "W.P Carey Quarterly Revenue (Millions of US $)": {"2020-09-30": "$302", "2020-06-30": "$291", "2020-03-31": "$309", "2019-12-31": "$311", "2019-09-30": "$318", "2019-06-30": "$305", "2019-03-31": "$298", "2018-12-31": "$273", "2018-09-30": "$209", "2018-06-30": "$201", "2018-03-31": "$202", "2017-12-31": "$197", "2017-09-30": "$211", "2017-06-30": "$222", "2017-03-31": "$219", "2016-12-31": "$229", "2016-09-30": "$225", "2016-06-30": "$217", "2016-03-31": "$270", "2015-12-31": "$265", "2015-09-30": "$215", "2015-06-30": "$238", "2015-03-31": "$220", "2014-12-31": "$249", "2014-09-30": "$197", "2014-06-30": "$253", "2014-03-31": "$209", "2013-12-31": "$139", "2013-09-30": "$133", "2013-06-30": "$112", "2013-03-31": "$106", "2012-12-31": "$148", "2012-09-30": "$69", "2012-06-30": "$67", "2012-03-31": "$68", "2011-12-31": "$40", "2011-09-30": "$77", "2011-06-30": "$117", "2011-03-31": "$76", "2010-12-31": "$70", "2010-09-30": "$58", "2010-06-30": "$70", "2010-03-31": "$62", "2009-12-31": "$55", "2009-09-30": "$59", "2009-06-30": "$53", "2009-03-31": "$60", "2008-12-31": "$53", "2008-09-30": "$66", "2008-06-30": "$58", "2008-03-31": "$57", "2007-12-31": "$50", "2007-09-30": "$55", "2007-06-30": "$109", "2007-03-31": "$45", "2006-12-31": "$110", "2006-09-30": "$52", "2006-06-30": "$58", "2006-03-31": "$48", "2005-12-31": "$33", "2005-09-30": "$41", "2005-06-30": "$44", "2005-03-31": "$45"}}, "gross-profit": {"W.P Carey Annual Gross Profit (Millions of US $)": {"2019": "$1,083", "2018": "$793", "2017": "$735", "2016": "$800", "2015": "$808", "2014": "$716", "2013": "$395", "2012": "$242", "2011": "$236", "2010": "$184", "2009": "$167", "2008": "$179", "2007": "$231", "2006": "$192", "2005": "$141"}, "W.P Carey Quarterly Gross Profit (Millions of US $)": {"2020-09-30": "$272", "2020-06-30": "$261", "2020-03-31": "$276", "2019-12-31": "$277", "2019-09-30": "$279", "2019-06-30": "$267", "2019-03-31": "$261", "2018-12-31": "$236", "2018-09-30": "$189", "2018-06-30": "$181", "2018-03-31": "$186", "2017-12-31": "$176", "2017-09-30": "$189", "2017-06-30": "$192", "2017-03-31": "$178", "2016-12-31": "$192", "2016-09-30": "$194", "2016-06-30": "$188", "2016-03-31": "$226", "2015-12-31": "$212", "2015-09-30": "$187", "2015-06-30": "$213", "2015-03-31": "$195", "2014-12-31": "$200", "2014-09-30": "$166", "2014-06-30": "$195", "2014-03-31": "$155", "2013-12-31": "$110", "2013-09-30": "$104", "2013-06-30": "$91", "2013-03-31": "$89", "2012-12-31": "$110", "2012-09-30": "$46", "2012-06-30": "$41", "2012-03-31": "$45", "2011-12-31": "$33", "2011-09-30": "$56", "2011-06-30": "$94", "2011-03-31": "$53", "2010-12-31": "$52", "2010-09-30": "$38", "2010-06-30": "$51", "2010-03-31": "$44", "2009-12-31": "$40", "2009-09-30": "$42", "2009-06-30": "$38", "2009-03-31": "$47", "2008-12-31": "$41", "2008-09-30": "$51", "2008-06-30": "$44", "2008-03-31": "$42", "2007-12-31": "$44", "2007-09-30": "$47", "2007-06-30": "$103", "2007-03-31": "$38", "2006-12-31": "$81", "2006-09-30": "$35", "2006-06-30": "$35", "2006-03-31": "$42", "2005-12-31": "$25", "2005-09-30": "$35", "2005-06-30": "$39", "2005-03-31": "$42"}}, "operating-income": {"W.P Carey Annual Operating Income (Millions of US $)": {"2019": "$502", "2018": "$359", "2017": "$359", "2016": "$320", "2015": "$358", "2014": "$271", "2013": "$137", "2012": "$53", "2011": "$123", "2010": "$92", "2009": "$79", "2008": "$93", "2007": "$114", "2006": "$124", "2005": "$70"}, "W.P Carey Quarterly Operating Income (Millions of US $)": {"2020-09-30": "$140", "2020-06-30": "$132", "2020-03-31": "$112", "2019-12-31": "$134", "2019-09-30": "$120", "2019-06-30": "$126", "2019-03-31": "$122", "2018-12-31": "$88", "2018-09-30": "$98", "2018-06-30": "$92", "2018-03-31": "$81", "2017-12-31": "$85", "2017-09-30": "$96", "2017-06-30": "$94", "2017-03-31": "$84", "2016-12-31": "$84", "2016-09-30": "$89", "2016-06-30": "$57", "2016-03-31": "$90", "2015-12-31": "$114", "2015-09-30": "$56", "2015-06-30": "$108", "2015-03-31": "$80", "2014-12-31": "$73", "2014-09-30": "$69", "2014-06-30": "$92", "2014-03-31": "$38", "2013-12-31": "$34", "2013-09-30": "$41", "2013-06-30": "$31", "2013-03-31": "$31", "2012-12-31": "$48", "2012-09-30": "$-15", "2012-06-30": "$8", "2012-03-31": "$12", "2011-12-31": "$8", "2011-09-30": "$24", "2011-06-30": "$63", "2011-03-31": "$27", "2010-12-31": "$29", "2010-09-30": "$16", "2010-06-30": "$27", "2010-03-31": "$20", "2009-12-31": "$18", "2009-09-30": "$22", "2009-06-30": "$17", "2009-03-31": "$22", "2008-12-31": "$22", "2008-09-30": "$28", "2008-06-30": "$22", "2008-03-31": "$21", "2007-12-31": "$-6", "2007-09-30": "$28", "2007-06-30": "$73", "2007-03-31": "$19", "2006-12-31": "$61", "2006-09-30": "$20", "2006-06-30": "$19", "2006-03-31": "$24", "2005-12-31": "$6", "2005-09-30": "$21", "2005-06-30": "$21", "2005-03-31": "$22"}}, "ebitda": {"W.P Carey Annual EBITDA (Millions of US $)": {"2019": "$1,047", "2018": "$709", "2017": "$675", "2016": "$603", "2015": "$675", "2014": "$519", "2013": "$268", "2012": "$99", "2011": "$146", "2010": "$116", "2009": "$103", "2008": "$120", "2007": "$141", "2006": "$152", "2005": "$92"}, "W.P Carey Quarterly EBITDA (Millions of US $)": {"2020-09-30": "$265", "2020-06-30": "$257", "2020-03-31": "$244", "2019-12-31": "$272", "2019-09-30": "$263", "2019-06-30": "$259", "2019-03-31": "$253", "2018-12-31": "$199", "2018-09-30": "$181", "2018-06-30": "$170", "2018-03-31": "$158", "2017-12-31": "$169", "2017-09-30": "$174", "2017-06-30": "$171", "2017-03-31": "$161", "2016-12-31": "$160", "2016-09-30": "$165", "2016-06-30": "$137", "2016-03-31": "$141", "2015-12-31": "$219", "2015-09-30": "$134", "2015-06-30": "$175", "2015-03-31": "$147", "2014-12-31": "$136", "2014-09-30": "$130", "2014-06-30": "$158", "2014-03-31": "$94", "2013-12-31": "$69", "2013-09-30": "$74", "2013-06-30": "$63", "2013-03-31": "$62", "2012-12-31": "$78", "2012-09-30": "$-10", "2012-06-30": "$13", "2012-03-31": "$17", "2011-12-31": "$15", "2011-09-30": "$30", "2011-06-30": "$69", "2011-03-31": "$32", "2010-12-31": "$35", "2010-09-30": "$23", "2010-06-30": "$33", "2010-03-31": "$26", "2009-12-31": "$24", "2009-09-30": "$27", "2009-06-30": "$24", "2009-03-31": "$28", "2008-12-31": "$28", "2008-09-30": "$35", "2008-06-30": "$29", "2008-03-31": "$28", "2007-12-31": "$0", "2007-09-30": "$35", "2007-06-30": "$80", "2007-03-31": "$26", "2006-12-31": "$69", "2006-09-30": "$27", "2006-06-30": "$25", "2006-03-31": "$31", "2005-12-31": "$12", "2005-09-30": "$26", "2005-06-30": "$26", "2005-03-31": "$28"}}, "net-income": {"W.P Carey Annual Net Income (Millions of US $)": {"2019": "$305", "2018": "$412", "2017": "$277", "2016": "$268", "2015": "$172", "2014": "$240", "2013": "$99", "2012": "$62", "2011": "$137", "2010": "$74", "2009": "$69", "2008": "$78", "2007": "$79", "2006": "$86", "2005": "$49"}, "W.P Carey Quarterly Net Income (Millions of US $)": {"2020-09-30": "$149", "2020-06-30": "$105", "2020-03-31": "$66", "2019-12-31": "$129", "2019-09-30": "$41", "2019-06-30": "$66", "2019-03-31": "$68", "2018-12-31": "$193", "2018-09-30": "$77", "2018-06-30": "$76", "2018-03-31": "$65", "2017-12-31": "$75", "2017-09-30": "$80", "2017-06-30": "$64", "2017-03-31": "$57", "2016-12-31": "$48", "2016-09-30": "$111", "2016-06-30": "$52", "2016-03-31": "$57", "2015-12-31": "$51", "2015-09-30": "$22", "2015-06-30": "$63", "2015-03-31": "$36", "2014-12-31": "$32", "2014-09-30": "$27", "2014-06-30": "$65", "2014-03-31": "$115", "2013-12-31": "$23", "2013-09-30": "$19", "2013-06-30": "$43", "2013-03-31": "$14", "2012-12-31": "$15", "2012-09-30": "$3", "2012-06-30": "$32", "2012-03-31": "$12", "2011-12-31": "$7", "2011-09-30": "$25", "2011-06-30": "$81", "2011-03-31": "$23", "2010-12-31": "$19", "2010-09-30": "$16", "2010-06-30": "$23", "2010-03-31": "$14", "2009-12-31": "$23", "2009-09-30": "$13", "2009-06-30": "$15", "2009-03-31": "$18", "2008-12-31": "$22", "2008-09-30": "$19", "2008-06-30": "$20", "2008-03-31": "$17", "2007-12-31": "$6", "2007-09-30": "$20", "2007-06-30": "$42", "2007-03-31": "$11", "2006-12-31": "$44", "2006-09-30": "$14", "2006-06-30": "$17", "2006-03-31": "$11", "2005-12-31": "$11", "2005-09-30": "$14", "2005-06-30": "$17", "2005-03-31": "$6"}}, "eps-earnings-per-share-diluted": {"W.P Carey Annual EPS": {"2019": "$1.78", "2018": "$3.49", "2017": "$2.56", "2016": "$2.49", "2015": "$1.61", "2014": "$2.39", "2013": "$1.41", "2012": "$1.28", "2011": "$3.42", "2010": "$1.86", "2009": "$1.74", "2008": "$1.95", "2007": "$2.05", "2006": "$2.22", "2005": "$1.25"}, "W.P Carey Quarterly EPS": {"2020-09-30": "$0.85", "2020-06-30": "$0.61", "2020-03-31": "$0.38", "2019-12-31": "$0.75", "2019-09-30": "$0.24", "2019-06-30": "$0.38", "2019-03-31": "$0.41", "2018-12-31": "$1.48", "2018-09-30": "$0.71", "2018-06-30": "$0.70", "2018-03-31": "$0.60", "2017-12-31": "$0.70", "2017-09-30": "$0.74", "2017-06-30": "$0.59", "2017-03-31": "$0.53", "2016-12-31": "$0.44", "2016-09-30": "$1.03", "2016-06-30": "$0.48", "2016-03-31": "$0.54", "2015-12-31": "$0.48", "2015-09-30": "$0.20", "2015-06-30": "$0.59", "2015-03-31": "$0.34", "2014-12-31": "$0.21", "2014-09-30": "$0.27", "2014-06-30": "$0.64", "2014-03-31": "$1.27", "2013-12-31": "$0.32", "2013-09-30": "$0.27", "2013-06-30": "$0.62", "2013-03-31": "$0.20", "2012-12-31": "$0.15", "2012-09-30": "$0.06", "2012-06-30": "$0.77", "2012-03-31": "$0.30", "2011-12-31": "$0.23", "2011-09-30": "$0.62", "2011-06-30": "$1.99", "2011-03-31": "$0.58", "2010-12-31": "$0.50", "2010-09-30": "$0.41", "2010-06-30": "$0.59", "2010-03-31": "$0.36", "2009-12-31": "$0.60", "2009-09-30": "$0.33", "2009-06-30": "$0.37", "2009-03-31": "$0.44", "2008-12-31": "$0.54", "2008-09-30": "$0.48", "2008-06-30": "$0.50", "2008-03-31": "$0.43", "2007-12-31": "$0.15", "2007-09-30": "$0.53", "2007-06-30": "$1.10", "2007-03-31": "$0.27", "2006-12-31": "$1.12", "2006-09-30": "$0.37", "2006-06-30": "$0.44", "2006-03-31": "$0.29", "2005-12-31": "$0.30", "2005-09-30": "$0.37", "2005-06-30": "$0.43", "2005-03-31": "$0.15"}}, "shares-outstanding": {"W.P Carey Annual Shares Outstanding (Millions of Shares)": {"2019": "171", "2018": "118", "2017": "108", "2016": "107", "2015": "107", "2014": "100", "2013": "70", "2012": "48", "2011": "40", "2010": "40", "2009": "40", "2008": "40", "2007": "40", "2006": "39", "2005": "39"}, "W.P Carey Quarterly Shares Outstanding (Millions of Shares)": {"2020-09-30": "175", "2020-06-30": "173", "2020-03-31": "173", "2019-12-31": "171", "2019-09-30": "172", "2019-06-30": "171", "2019-03-31": "167", "2018-12-31": "118", "2018-09-30": "108", "2018-06-30": "108", "2018-03-31": "108", "2017-12-31": "108", "2017-09-30": "108", "2017-06-30": "108", "2017-03-31": "108", "2016-12-31": "107", "2016-09-30": "107", "2016-06-30": "107", "2016-03-31": "106", "2015-12-31": "107", "2015-09-30": "106", "2015-06-30": "106", "2015-03-31": "106", "2014-12-31": "100", "2014-09-30": "101", "2014-06-30": "101", "2014-03-31": "90", "2013-12-31": "70", "2013-09-30": "69", "2013-06-30": "69", "2013-03-31": "70", "2012-12-31": "48", "2012-09-30": "41", "2012-06-30": "41", "2012-03-31": "40", "2011-12-31": "40", "2011-09-30": "40", "2011-06-30": "40", "2011-03-31": "40", "2010-12-31": "40", "2010-09-30": "40", "2010-06-30": "40", "2010-03-31": "39", "2009-12-31": "40", "2009-09-30": "40", "2009-06-30": "40", "2009-03-31": "40", "2008-12-31": "40", "2008-09-30": "40", "2008-06-30": "40", "2008-03-31": "40", "2007-12-31": "40", "2007-09-30": "40", "2007-06-30": "40", "2007-03-31": "40", "2006-12-31": "39", "2006-09-30": "39", "2006-06-30": "39", "2006-03-31": "39", "2005-12-31": "39", "2005-09-30": "39", "2005-06-30": "39", "2005-03-31": "39"}}, "total-assets": {"W.P Carey Annual Total Assets (Millions of US $)": {"2019": "$14,061", "2018": "$14,183", "2017": "$8,231", "2016": "$8,454", "2015": "$8,742", "2014": "$8,648", "2013": "$4,679", "2012": "$4,609", "2011": "$1,463", "2010": "$1,172", "2009": "$1,093", "2008": "$1,111", "2007": "$1,153", "2006": "$1,093", "2005": "$983"}, "W.P Carey Quarterly Total Assets (Millions of US $)": {"2020-09-30": "$14,190", "2020-06-30": "$13,956", "2020-03-31": "$13,890", "2019-12-31": "$14,061", "2019-09-30": "$14,084", "2019-06-30": "$14,192", "2019-03-31": "$14,156", "2018-12-31": "$14,183", "2018-09-30": "$8,519", "2018-06-30": "$8,267", "2018-03-31": "$8,288", "2017-12-31": "$8,231", "2017-09-30": "$8,334", "2017-06-30": "$8,317", "2017-03-31": "$8,198", "2016-12-31": "$8,454", "2016-09-30": "$8,468", "2016-06-30": "$8,683", "2016-03-31": "$8,703", "2015-12-31": "$8,742", "2015-09-30": "$8,888", "2015-06-30": "$8,968", "2015-03-31": "$8,731", "2014-12-31": "$8,648", "2014-09-30": "$8,501", "2014-06-30": "$8,294", "2014-03-31": "$8,339", "2013-12-31": "$4,679", "2013-09-30": "$4,726", "2013-06-30": "$4,635", "2013-03-31": "$4,610", "2012-12-31": "$4,609", "2012-09-30": "$4,782", "2012-06-30": "$1,439", "2012-03-31": "$1,459", "2011-12-31": "$1,463", "2011-09-30": "$1,469", "2011-06-30": "$1,460", "2011-03-31": "$1,144", "2010-12-31": "$1,172", "2010-09-30": "$1,158", "2010-06-30": "$1,124", "2010-03-31": "$1,090", "2009-12-31": "$1,093", "2009-09-30": "$1,097", "2009-06-30": "$1,137", "2009-03-31": "$1,129", "2008-12-31": "$1,111", "2008-09-30": "$1,125", "2008-06-30": "$1,131", "2008-03-31": "$1,126", "2007-12-31": "$1,153", "2007-09-30": "$1,150", "2007-06-30": "$1,124", "2007-03-31": "$1,107", "2006-12-31": "$1,093", "2006-09-30": "$997", "2006-06-30": "$998", "2006-03-31": "$1,000", "2005-12-31": "$983", "2005-09-30": "$967", "2005-06-30": "$962", "2005-03-31": "$993"}}, "cash-on-hand": {"W.P Carey Annual Cash on Hand (Millions of US $)": {"2019": "$196", "2018": "$218", "2017": "$162", "2016": "$155", "2015": "$157", "2014": "$199", "2013": "$118", "2012": "$124", "2011": "$29", "2010": "$65", "2009": "$18", "2008": "$17", "2007": "$12", "2006": "$22", "2005": "$13"}, "W.P Carey Quarterly Cash on Hand (Millions of US $)": {"2020-09-30": "$152", "2020-06-30": "$137", "2020-03-31": "$221", "2019-12-31": "$196", "2019-09-30": "$332", "2019-06-30": "$202", "2019-03-31": "$243", "2018-12-31": "$218", "2018-09-30": "$177", "2018-06-30": "$122", "2018-03-31": "$171", "2017-12-31": "$162", "2017-09-30": "$170", "2017-06-30": "$172", "2017-03-31": "$153", "2016-12-31": "$155", "2016-09-30": "$209", "2016-06-30": "$173", "2016-03-31": "$267", "2015-12-31": "$157", "2015-09-30": "$191", "2015-06-30": "$234", "2015-03-31": "$207", "2014-12-31": "$199", "2014-09-30": "$530", "2014-06-30": "$215", "2014-03-31": "$199", "2013-12-31": "$118", "2013-09-30": "$94", "2013-06-30": "$63", "2013-03-31": "$112", "2012-12-31": "$124", "2012-09-30": "$237", "2012-06-30": "$40", "2012-03-31": "$31", "2011-12-31": "$29", "2011-09-30": "$37", "2011-06-30": "$26", "2011-03-31": "$34", "2010-12-31": "$65", "2010-09-30": "$46", "2010-06-30": "$39", "2010-03-31": "$33", "2009-12-31": "$18", "2009-09-30": "$19", "2009-06-30": "$23", "2009-03-31": "$22", "2008-12-31": "$17", "2008-09-30": "$20", "2008-06-30": "$14", "2008-03-31": "$18", "2007-12-31": "$12", "2007-09-30": "$17", "2007-06-30": "$19", "2007-03-31": "$13", "2006-12-31": "$22", "2006-09-30": "$18", "2006-06-30": "$16", "2006-03-31": "$15", "2005-12-31": "$13", "2005-09-30": "$12", "2005-06-30": "$15", "2005-03-31": "$24"}}, "long-term-debt": {"W.P Carey Annual Long Term Debt (Millions of US $)": {"2019": "$5,853", "2018": "$6,287", "2017": "$4,048", "2016": "$3,764", "2015": "$4,480", "2014": "$4,089", "2013": "$2,067", "2012": "$1,968", "2011": "$589", "2010": "$397", "2009": "$326", "2008": "$327", "2007": "$317", "2006": "$277", "2005": "$231"}, "W.P Carey Quarterly Long Term Debt (Millions of US $)": {"2020-09-30": "$6,052", "2020-06-30": "$6,100", "2020-03-31": "$6,046", "2019-12-31": "$5,853", "2019-09-30": "$6,075", "2019-06-30": "$6,066", "2019-03-31": "$6,017", "2018-12-31": "$6,287", "2018-09-30": "$3,967", "2018-06-30": "$4,004", "2018-03-31": "$4,122", "2017-12-31": "$4,048", "2017-09-30": "$4,091", "2017-06-30": "$4,099", "2017-03-31": "$4,173", "2016-12-31": "$3,764", "2016-09-30": "$4,142", "2016-06-30": "$4,642", "2016-03-31": "$4,564", "2015-12-31": "$4,480", "2015-09-30": "$4,600", "2015-06-30": "$4,545", "2015-03-31": "$4,336", "2014-12-31": "$4,089", "2014-09-30": "$3,819", "2014-06-30": "$3,798", "2014-03-31": "$3,826", "2013-12-31": "$2,067", "2013-09-30": "$2,176", "2013-06-30": "$2,071", "2013-03-31": "$1,993", "2012-12-31": "$1,968", "2012-09-30": "$2,136", "2012-06-30": "$580", "2012-03-31": "$603", "2011-12-31": "$589", "2011-09-30": "$589", "2011-06-30": "$576", "2011-03-31": "$373", "2010-12-31": "$397", "2010-09-30": "$396", "2010-06-30": "$378", "2010-03-31": "$359", "2009-12-31": "$326", "2009-09-30": "$320", "2009-06-30": "$358", "2009-03-31": "$348", "2008-12-31": "$327", "2008-09-30": "$329", "2008-06-30": "$343", "2008-03-31": "$264", "2007-12-31": "$317", "2007-09-30": "$290", "2007-06-30": "$294", "2007-03-31": "$292", "2006-12-31": "$277", "2006-09-30": "$252", "2006-06-30": "$254", "2006-03-31": "$250", "2005-12-31": "$231", "2005-09-30": "$173", "2005-06-30": "$175", "2005-03-31": "$181"}}, "total-liabilities": {"W.P Carey Annual Total Liabilities (Millions of US $)": {"2019": "$7,113", "2018": "$7,353", "2017": "$4,820", "2016": "$5,029", "2015": "$5,181", "2014": "$4,758", "2013": "$2,476", "2012": "$2,352", "2011": "$746", "2010": "$507", "2009": "$461", "2008": "$465", "2007": "$519", "2006": "$461", "2005": "$376"}, "W.P Carey Quarterly Total Liabilities (Millions of US $)": {"2020-09-30": "$7,300", "2020-06-30": "$7,154", "2020-03-31": "$7,117", "2019-12-31": "$7,113", "2019-09-30": "$7,119", "2019-06-30": "$7,201", "2019-03-31": "$7,138", "2018-12-31": "$7,353", "2018-09-30": "$5,247", "2018-06-30": "$4,955", "2018-03-31": "$4,918", "2017-12-31": "$4,820", "2017-09-30": "$4,884", "2017-06-30": "$4,861", "2017-03-31": "$4,741", "2016-12-31": "$5,029", "2016-09-30": "$4,956", "2016-06-30": "$5,220", "2016-03-31": "$5,172", "2015-12-31": "$5,181", "2015-09-30": "$5,268", "2015-06-30": "$5,232", "2015-03-31": "$5,019", "2014-12-31": "$4,758", "2014-09-30": "$4,494", "2014-06-30": "$4,462", "2014-03-31": "$4,487", "2013-12-31": "$2,476", "2013-09-30": "$2,536", "2013-06-30": "$2,422", "2013-03-31": "$2,396", "2012-12-31": "$2,352", "2012-09-30": "$2,549", "2012-06-30": "$710", "2012-03-31": "$741", "2011-12-31": "$746", "2011-09-30": "$738", "2011-06-30": "$728", "2011-03-31": "$469", "2010-12-31": "$507", "2010-09-30": "$494", "2010-06-30": "$491", "2010-03-31": "$467", "2009-12-31": "$461", "2009-09-30": "$453", "2009-06-30": "$492", "2009-03-31": "$497", "2008-12-31": "$465", "2008-09-30": "$473", "2008-06-30": "$483", "2008-03-31": "$482", "2007-12-31": "$519", "2007-09-30": "$508", "2007-06-30": "$468", "2007-03-31": "$479", "2006-12-31": "$461", "2006-09-30": "$395", "2006-06-30": "$396", "2006-03-31": "$397", "2005-12-31": "$376", "2005-09-30": "$354", "2005-06-30": "$349", "2005-03-31": "$383"}}, "total-share-holder-equity": {"W.P Carey Annual Share Holder Equity (Millions of US $)": {"2019": "$6,948", "2018": "$6,830", "2017": "$3,411", "2016": "$3,425", "2015": "$3,561", "2014": "$3,891", "2013": "$2,203", "2012": "$2,257", "2011": "$716", "2010": "$665", "2009": "$632", "2008": "$646", "2007": "$634", "2006": "$632", "2005": "$607"}, "W.P Carey Quarterly Share Holder Equity (Millions of US $)": {"2020-09-30": "$6,889", "2020-06-30": "$6,802", "2020-03-31": "$6,773", "2019-12-31": "$6,948", "2019-09-30": "$6,964", "2019-06-30": "$6,991", "2019-03-31": "$7,018", "2018-12-31": "$6,830", "2018-09-30": "$3,272", "2018-06-30": "$3,312", "2018-03-31": "$3,370", "2017-12-31": "$3,411", "2017-09-30": "$3,450", "2017-06-30": "$3,456", "2017-03-31": "$3,457", "2016-12-31": "$3,425", "2016-09-30": "$3,512", "2016-06-30": "$3,463", "2016-03-31": "$3,531", "2015-12-31": "$3,561", "2015-09-30": "$3,620", "2015-06-30": "$3,735", "2015-03-31": "$3,711", "2014-12-31": "$3,891", "2014-09-30": "$4,008", "2014-06-30": "$3,832", "2014-03-31": "$3,853", "2013-12-31": "$2,203", "2013-09-30": "$2,190", "2013-06-30": "$2,213", "2013-03-31": "$2,213", "2012-12-31": "$2,257", "2012-09-30": "$2,234", "2012-06-30": "$729", "2012-03-31": "$718", "2011-12-31": "$716", "2011-09-30": "$731", "2011-06-30": "$732", "2011-03-31": "$675", "2010-12-31": "$665", "2010-09-30": "$664", "2010-06-30": "$633", "2010-03-31": "$623", "2009-12-31": "$632", "2009-09-30": "$644", "2009-06-30": "$645", "2009-03-31": "$632", "2008-12-31": "$646", "2008-09-30": "$652", "2008-06-30": "$648", "2008-03-31": "$644", "2007-12-31": "$634", "2007-09-30": "$643", "2007-06-30": "$656", "2007-03-31": "$629", "2006-12-31": "$632", "2006-09-30": "$601", "2006-06-30": "$602", "2006-03-31": "$603", "2005-12-31": "$607", "2005-09-30": "$614", "2005-06-30": "$614", "2005-03-31": "$610"}}, "profit-margins": {"current": "37.55%"}, "gross margin": {"2020-09-30": "89.53%", "2020-06-30": "88.93%", "2020-03-31": "88.42%", "2019-12-31": "87.99%", "2019-09-30": "87.35%", "2019-06-30": "87.83%", "2019-03-31": "88.38%", "2018-12-31": "89.49%", "2018-09-30": "90.48%", "2018-06-30": "90.26%", "2018-03-31": "89.30%", "2017-12-31": "86.57%", "2017-09-30": "85.24%", "2017-06-30": "84.47%", "2017-03-31": "84.49%", "2016-12-31": "85.02%", "2016-09-30": "83.93%", "2016-06-30": "84.07%", "2016-03-31": "84.82%", "2015-12-31": "86.03%", "2015-09-30": "86.23%", "2015-06-30": "85.62%", "2015-03-31": "82.26%", "2014-12-31": "78.85%", "2014-09-30": "78.45%", "2014-06-30": "76.84%", "2014-03-31": "77.57%", "2013-12-31": "80.41%", "2013-09-30": "78.96%", "2013-06-30": "77.24%", "2013-03-31": "73.33%", "2012-12-31": "68.75%", "2012-09-30": "67.62%", "2012-06-30": "69.44%", "2012-03-31": "75.50%", "2011-12-31": "76.13%", "2011-09-30": "75.00%", "2011-06-30": "73.83%", "2011-03-31": "70.80%", "2010-12-31": "71.15%", "2010-09-30": "70.61%", "2010-06-30": "71.95%", "2010-03-31": "71.62%", "2009-12-31": "73.57%", "2009-09-30": "74.67%", "2009-06-30": "76.29%", "2009-03-31": "77.22%", "2008-12-31": "76.07%", "2008-09-30": "78.35%", "2008-06-30": "80.45%", "2008-03-31": "87.08%", "2007-12-31": "89.58%", "2007-09-30": "84.33%", "2007-06-30": "81.33%", "2007-03-31": "71.32%", "2006-12-31": "72.01%", "2006-09-30": "71.73%", "2006-06-30": "76.11%", "2006-03-31": "84.94%", "2005-12-31": "86.50%"}, "operating margin": {"2020-09-30": "42.70%", "2020-06-30": "40.52%", "2020-03-31": "39.58%", "2019-12-31": "40.75%", "2019-09-30": "38.19%", "2019-06-30": "40.00%", "2019-03-31": "40.77%", "2018-12-31": "40.56%", "2018-09-30": "44.00%", "2018-06-30": "43.65%", "2018-03-31": "42.79%", "2017-12-31": "42.29%", "2017-09-30": "40.64%", "2017-06-30": "39.22%", "2017-03-31": "35.28%", "2016-12-31": "34.01%", "2016-09-30": "35.82%", "2016-06-30": "32.78%", "2016-03-31": "37.25%", "2015-12-31": "38.17%", "2015-09-30": "34.38%", "2015-06-30": "36.50%", "2015-03-31": "34.17%", "2014-12-31": "29.96%", "2014-09-30": "29.20%", "2014-06-30": "27.93%", "2014-03-31": "24.28%", "2013-12-31": "27.96%", "2013-09-30": "30.26%", "2013-06-30": "21.84%", "2013-03-31": "18.46%", "2012-12-31": "15.06%", "2012-09-30": "5.33%", "2012-06-30": "20.63%", "2012-03-31": "35.43%", "2011-12-31": "39.35%", "2011-09-30": "42.06%", "2011-06-30": "42.06%", "2011-03-31": "36.13%", "2010-12-31": "35.38%", "2010-09-30": "33.06%", "2010-06-30": "35.37%", "2010-03-31": "33.62%", "2009-12-31": "34.80%", "2009-09-30": "36.89%", "2009-06-30": "38.36%", "2009-03-31": "39.66%", "2008-12-31": "39.74%", "2008-09-30": "28.14%", "2008-06-30": "29.55%", "2008-03-31": "42.80%", "2007-12-31": "44.02%", "2007-09-30": "56.74%", "2007-06-30": "54.75%", "2007-03-31": "44.91%", "2006-12-31": "46.27%", "2006-09-30": "36.13%", "2006-06-30": "38.89%", "2006-03-31": "43.37%", "2005-12-31": "42.94%"}, "ebitda margin": {"2020-09-30": "85.57%", "2020-06-30": "84.30%", "2020-03-31": "83.51%", "2019-12-31": "84.98%", "2019-09-30": "81.57%", "2019-06-30": "82.21%", "2019-03-31": "81.86%", "2018-12-31": "80.00%", "2018-09-30": "83.81%", "2018-06-30": "82.74%", "2018-03-31": "80.77%", "2017-12-31": "79.51%", "2017-09-30": "75.60%", "2017-06-30": "73.41%", "2017-03-31": "70.00%", "2016-12-31": "64.08%", "2016-09-30": "67.76%", "2016-06-30": "65.25%", "2016-03-31": "67.71%", "2015-12-31": "71.96%", "2015-09-30": "64.21%", "2015-06-30": "65.04%", "2015-03-31": "62.13%", "2014-12-31": "57.05%", "2014-09-30": "56.52%", "2014-06-30": "53.81%", "2014-03-31": "50.59%", "2013-12-31": "54.69%", "2013-09-30": "55.51%", "2013-06-30": "44.37%", "2013-03-31": "36.67%", "2012-12-31": "27.84%", "2012-09-30": "14.34%", "2012-06-30": "29.76%", "2012-03-31": "43.38%", "2011-12-31": "47.10%", "2011-09-30": "48.82%", "2011-06-30": "49.53%", "2011-03-31": "44.89%", "2010-12-31": "45.00%", "2010-09-30": "43.27%", "2010-06-30": "44.72%", "2010-03-31": "44.10%", "2009-12-31": "45.37%", "2009-09-30": "47.56%", "2009-06-30": "49.57%", "2009-03-31": "50.63%", "2008-12-31": "51.28%", "2008-09-30": "39.83%", "2008-06-30": "41.82%", "2008-03-31": "52.77%", "2007-12-31": "54.44%", "2007-09-30": "65.83%", "2007-06-30": "63.92%", "2007-03-31": "55.47%", "2006-12-31": "56.72%", "2006-09-30": "49.74%", "2006-06-30": "52.22%", "2006-03-31": "57.23%", "2005-12-31": "56.44%"}, "pre tax profit margin": {"2020-09-30": "37.43%", "2020-06-30": "28.07%", "2020-03-31": "23.41%", "2019-12-31": "27.03%", "2019-09-30": "32.58%", "2019-06-30": "39.35%", "2019-03-31": "45.26%", "2018-12-31": "49.60%", "2018-09-30": "40.67%", "2018-06-30": "38.35%", "2018-03-31": "34.98%", "2017-12-31": "33.92%", "2017-09-30": "35.75%", "2017-06-30": "35.20%", "2017-03-31": "31.01%", "2016-12-31": "29.54%", "2016-09-30": "22.93%", "2016-06-30": "18.92%", "2016-03-31": "24.09%", "2015-12-31": "23.03%", "2015-09-30": "19.63%", "2015-06-30": "20.46%", "2015-03-31": "16.87%", "2014-12-31": "25.22%", "2014-09-30": "25.69%", "2014-06-30": "27.66%", "2014-03-31": "32.38%", "2013-12-31": "19.59%", "2013-09-30": "23.65%", "2013-06-30": "22.99%", "2013-03-31": "23.08%", "2012-12-31": "26.14%", "2012-09-30": "32.38%", "2012-06-30": "41.67%", "2012-03-31": "59.60%", "2011-12-31": "61.61%", "2011-09-30": "60.29%", "2011-06-30": "59.19%", "2011-03-31": "41.97%", "2010-12-31": "42.31%", "2010-09-30": "40.82%", "2010-06-30": "41.06%", "2010-03-31": "38.43%", "2009-12-31": "37.89%", "2009-09-30": "36.44%", "2009-06-30": "37.50%", "2009-03-31": "39.24%", "2008-12-31": "40.17%", "2008-09-30": "32.47%", "2008-06-30": "37.73%", "2008-03-31": "47.60%", "2007-12-31": "47.10%", "2007-09-30": "59.25%", "2007-06-30": "55.38%", "2007-03-31": "47.92%", "2006-12-31": "49.25%", "2006-09-30": "38.22%", "2006-06-30": "39.44%", "2006-03-31": "40.36%", "2005-12-31": "39.26%"}, "net profit margin": {"2020-09-30": "37.02%", "2020-06-30": "27.75%", "2020-03-31": "24.30%", "2019-12-31": "24.68%", "2019-09-30": "30.82%", "2019-06-30": "37.24%", "2019-03-31": "42.20%", "2018-12-31": "46.44%", "2018-09-30": "36.22%", "2018-06-30": "36.50%", "2018-03-31": "34.13%", "2017-12-31": "32.51%", "2017-09-30": "28.26%", "2017-06-30": "31.28%", "2017-03-31": "30.11%", "2016-12-31": "28.48%", "2016-09-30": "27.74%", "2016-06-30": "18.82%", "2016-03-31": "19.53%", "2015-12-31": "18.34%", "2015-09-30": "16.59%", "2015-06-30": "17.48%", "2015-03-31": "17.41%", "2014-12-31": "26.32%", "2014-09-30": "28.82%", "2014-06-30": "30.25%", "2014-03-31": "33.73%", "2013-12-31": "20.20%", "2013-09-30": "18.24%", "2013-06-30": "17.24%", "2013-03-31": "16.41%", "2012-12-31": "17.61%", "2012-09-30": "22.13%", "2012-06-30": "30.16%", "2012-03-31": "41.39%", "2011-12-31": "43.87%", "2011-09-30": "43.53%", "2011-06-30": "43.30%", "2011-03-31": "29.56%", "2010-12-31": "27.69%", "2010-09-30": "31.02%", "2010-06-30": "29.67%", "2010-03-31": "28.38%", "2009-12-31": "30.40%", "2009-09-30": "30.22%", "2009-06-30": "31.90%", "2009-03-31": "33.33%", "2008-12-31": "33.33%", "2008-09-30": "26.84%", "2008-06-30": "28.64%", "2008-03-31": "31.37%", "2007-12-31": "30.50%", "2007-09-30": "36.68%", "2007-06-30": "35.13%", "2007-03-31": "32.45%", "2006-12-31": "32.09%", "2006-09-30": "27.75%", "2006-06-30": "29.44%", "2006-03-31": "31.93%", "2005-12-31": "29.45%"}, "pe ratio": {"current": "14.08", "2021-02-05": "26.20", "2020-09-30": "24.79", "2020-06-30": "33.13", "2020-03-31": "31.69", "2019-12-31": "42.19", "2019-09-30": "35.12", "2019-06-30": "26.27", "2019-03-31": "22.48", "2018-12-31": "17.46", "2018-09-30": "20.93", "2018-06-30": "21.02", "2018-03-31": "20.15", "2017-12-31": "22.64", "2017-09-30": "24.20", "2017-06-30": "20.74", "2017-03-31": "20.12", "2016-12-31": "18.72", "2016-09-30": "19.79", "2016-06-30": "31.21", "2016-03-31": "25.91", "2015-12-31": "27.18", "2015-09-30": "29.51", "2015-06-30": "28.21", "2015-03-31": "31.00", "2014-12-31": "19.86", "2014-09-30": "17.61", "2014-06-30": "17.53", "2014-03-31": "16.26", "2013-12-31": "28.45", "2013-09-30": "32.47", "2013-06-30": "39.03", "2013-03-31": "34.55", "2012-12-31": "24.46", "2012-09-30": "22.53", "2012-06-30": "14.79", "2012-03-31": "9.17", "2011-12-31": "7.32", "2011-09-30": "5.97", "2011-06-30": "6.94", "2011-03-31": "9.96", "2010-12-31": "9.63", "2010-09-30": "8.32", "2010-06-30": "8.18", "2010-03-31": "9.69", "2009-12-31": "8.56", "2009-09-30": "8.86", "2009-06-30": "7.02", "2009-03-31": "5.71", "2008-12-31": "5.93", "2008-09-30": "8.12", "2008-06-30": "8.49", "2008-03-31": "6.35", "2007-12-31": "7.47", "2007-09-30": "4.77", "2007-06-30": "4.96", "2007-03-31": "6.73", "2006-12-31": "5.93"}, "price sales": {"2021-02-05": "9.70", "2020-09-30": "9.17", "2020-06-30": "9.22", "2020-03-31": "7.68", "2019-12-31": "10.40", "2019-09-30": "10.73", "2019-06-30": "9.51", "2019-03-31": "8.97", "2018-12-31": "7.31", "2018-09-30": "7.55", "2018-06-30": "7.65", "2018-03-31": "6.86", "2017-12-31": "7.35", "2017-09-30": "6.81", "2017-06-30": "6.46", "2017-03-31": "6.01", "2016-12-31": "5.29", "2016-09-30": "5.46", "2016-06-30": "5.84", "2016-03-31": "5.05", "2015-12-31": "4.96", "2015-09-30": "4.78", "2015-06-30": "4.83", "2015-03-31": "5.32", "2014-12-31": "5.27", "2014-09-30": "5.00", "2014-06-30": "5.00", "2014-03-31": "5.13", "2013-12-31": "5.74", "2013-09-30": "5.24", "2013-06-30": "5.44", "2013-03-31": "5.46", "2012-12-31": "4.08", "2012-09-30": "5.09", "2012-06-30": "4.55", "2012-03-31": "3.78", "2011-12-31": "3.21", "2011-09-30": "2.57", "2011-06-30": "2.96", "2011-03-31": "3.00", "2010-12-31": "2.71", "2010-09-30": "2.61", "2010-06-30": "2.45", "2010-03-31": "2.75", "2009-12-31": "2.58", "2009-09-30": "2.65", "2009-06-30": "2.23", "2009-03-31": "1.90", "2008-12-31": "1.99", "2008-09-30": "2.19", "2008-06-30": "2.49", "2008-03-31": "2.07", "2007-12-31": "2.37", "2007-09-30": "1.79", "2007-06-30": "1.77", "2007-03-31": "2.20", "2006-12-31": "1.93"}, "price book": {"current": "1.73", "2021-02-05": "1.73", "2020-09-30": "1.63", "2020-06-30": "1.68", "2020-03-31": "1.41", "2019-12-31": "1.86", "2019-09-30": "2.05", "2019-06-30": "1.82", "2019-03-31": "1.71", "2018-12-31": "1.41", "2018-09-30": "1.85", "2018-06-30": "1.86", "2018-03-31": "1.68", "2017-12-31": "1.81", "2017-09-30": "1.72", "2017-06-30": "1.66", "2017-03-31": "1.54", "2016-12-31": "1.45", "2016-09-30": "1.51", "2016-06-30": "1.61", "2016-03-31": "1.39", "2015-12-31": "1.28", "2015-09-30": "1.22", "2015-06-30": "1.18", "2015-03-31": "1.35", "2014-12-31": "1.31", "2014-09-30": "1.14", "2014-06-30": "1.13", "2014-03-31": "1.04", "2013-12-31": "1.25", "2013-09-30": "1.33", "2013-06-30": "1.32", "2013-03-31": "1.35", "2012-12-31": "1.00", "2012-09-30": "0.94", "2012-06-30": "1.57", "2012-03-31": "1.59", "2011-12-31": "1.37", "2011-09-30": "1.18", "2011-06-30": "1.29", "2011-03-31": "1.21", "2010-12-31": "1.06", "2010-09-30": "0.96", "2010-06-30": "0.95", "2010-03-31": "1.00", "2009-12-31": "0.91", "2009-09-30": "0.91", "2009-06-30": "0.78", "2009-03-31": "0.70", "2008-12-31": "0.71", "2008-09-30": "0.78", "2008-06-30": "0.84", "2008-03-31": "0.86", "2007-12-31": "0.95", "2007-09-30": "0.87", "2007-06-30": "0.85", "2007-03-31": "0.91", "2006-12-31": "0.80", "2006-09-30": "0.75", "2006-06-30": "0.68", "2006-03-31": "0.70"}, "price fcf": {"2021-02-05": "", "2020-09-30": "$1.86", "2020-06-30": "$2.12", "2020-03-31": "$2.14", "2019-12-31": "$1.38", "2019-09-30": "$2.85", "2019-06-30": "$1.37", "2019-03-31": "$1.54", "2018-12-31": "$0.96", "2018-09-30": "$0.07", "2018-06-30": "$2.79", "2018-03-31": "$4.46", "2017-12-31": "$5.28", "2017-09-30": "$5.51", "2017-06-30": "$6.48", "2017-03-31": "$3.70", "2016-12-31": "$4.61", "2016-09-30": "$3.47", "2016-06-30": "$0.82", "2016-03-31": "$3.32", "2015-12-31": "$-1.57", "2015-09-30": "$-7.32", "2015-06-30": "$-7.94", "2015-03-31": "$-6.57", "2014-12-31": "$-2.58", "2014-09-30": "$5.06", "2014-06-30": "$5.89", "2014-03-31": "$3.20", "2013-12-31": "$1.43", "2013-09-30": "$0.75", "2013-06-30": "$1.13", "2013-03-31": "$2.43", "2012-12-31": "$2.99", "2012-09-30": "$1.75", "2012-06-30": "$1.40", "2012-03-31": "$0.92", "2011-12-31": "$1.37", "2011-09-30": "$1.74", "2011-06-30": "$1.59", "2011-03-31": "$1.05", "2010-12-31": "$-0.03", "2010-09-30": "$0.81", "2010-06-30": "$1.19", "2010-03-31": "$1.51", "2009-12-31": "$1.78", "2009-09-30": "$0.51", "2009-06-30": "$0.63", "2009-03-31": "$0.71", "2008-12-31": "$1.34", "2008-09-30": "$1.47", "2008-06-30": "$1.09", "2008-03-31": "$0.83", "2007-12-31": "$-0.17", "2007-09-30": "$-0.90", "2007-06-30": "$-0.52", "2007-03-31": "$0.17", "2006-12-31": "$1.61"}, "net worth": {"value": "$11.9B"}, "current ratio": {"2020-09-30": "0.21", "2020-06-30": "0.26", "2020-03-31": "0.40", "2019-12-31": "0.29", "2019-09-30": "0.67", "2019-06-30": "0.35", "2019-03-31": "0.44", "2018-12-31": "0.44", "2018-09-30": "0.18", "2018-06-30": "0.19", "2018-03-31": "0.33", "2017-12-31": "0.34", "2017-09-30": "0.35", "2017-06-30": "0.38", "2017-03-31": "0.60", "2016-12-31": "0.17", "2016-09-30": "0.41", "2016-06-30": "0.64", "2016-03-31": "0.95", "2015-12-31": "0.46", "2015-09-30": "0.64", "2015-06-30": "0.75", "2015-03-31": "0.70", "2014-12-31": "0.68", "2014-09-30": "1.80", "2014-06-30": "0.72", "2014-03-31": "0.68", "2013-12-31": "0.71", "2013-09-30": "0.33", "2013-06-30": "0.23", "2013-03-31": "0.33", "2012-12-31": "0.78", "2012-09-30": "0.86", "2012-06-30": "0.63", "2012-03-31": "0.49", "2011-12-31": "0.23", "2011-09-30": "0.52", "2011-06-30": "0.41", "2011-03-31": "1.20", "2010-12-31": "1.59", "2010-09-30": "1.36", "2010-06-30": "0.86", "2010-03-31": "0.77", "2009-12-31": "0.36", "2009-09-30": "0.40", "2009-06-30": "0.50", "2009-03-31": "0.38", "2008-12-31": "0.40", "2008-09-30": "0.47", "2008-06-30": "0.36", "2008-03-31": "0.15", "2007-12-31": "0.21", "2007-09-30": "0.14", "2007-06-30": "0.32", "2007-03-31": "0.26", "2006-12-31": "0.40", "2006-09-30": "0.66", "2006-06-30": "0.52", "2006-03-31": "0.45", "2005-12-31": "0.32", "2005-09-30": "0.12", "2005-06-30": "0.15", "2005-03-31": "0.20"}, "quick ratio": {"2020-09-30": "0.00", "2020-06-30": "0.00", "2020-03-31": "0.00", "2019-12-31": "0.00", "2019-09-30": "0.00", "2019-06-30": "0.00", "2019-03-31": "0.00", "2018-12-31": "0.00", "2018-09-30": "0.00", "2018-06-30": "0.00", "2018-03-31": "0.00", "2017-12-31": "0.00", "2017-09-30": "0.00", "2017-06-30": "0.00", "2017-03-31": "0.00", "2016-12-31": "0.00", "2016-09-30": "0.00", "2016-06-30": "0.00", "2016-03-31": "0.00", "2015-12-31": "0.00", "2015-09-30": "0.00", "2015-06-30": "0.00", "2015-03-31": "0.00", "2014-12-31": "0.00", "2014-09-30": "0.00", "2014-06-30": "0.00", "2014-03-31": "0.00", "2013-12-31": "0.00", "2013-09-30": "0.00", "2013-06-30": "0.00", "2013-03-31": "0.00", "2012-12-31": "0.00", "2012-09-30": "0.00", "2012-06-30": "0.00", "2012-03-31": "0.00", "2011-12-31": "0.00", "2011-09-30": "0.00", "2011-06-30": "0.00", "2011-03-31": "0.00", "2010-12-31": "0.00", "2010-09-30": "0.00", "2010-06-30": "0.00", "2010-03-31": "0.00", "2009-12-31": "0.00", "2009-09-30": "0.00", "2009-06-30": "0.00", "2009-03-31": "0.00", "2008-12-31": "0.00", "2008-09-30": "0.00", "2008-06-30": "0.00", "2008-03-31": "0.00", "2007-12-31": "0.00", "2007-09-30": "0.00", "2007-06-30": "0.00", "2007-03-31": "0.00", "2006-12-31": "0.00", "2006-09-30": "0.00", "2006-06-30": "0.00", "2006-03-31": "0.00", "2005-12-31": "0.00", "2005-09-30": "0.00", "2005-06-30": "0.00", "2005-03-31": "0.00"}, "debt equity ratio": {"current": "0.88", "2020-09-30": "1.06", "2020-06-30": "1.05", "2020-03-31": "1.05", "2019-12-31": "1.02", "2019-09-30": "1.02", "2019-06-30": "1.03", "2019-03-31": "1.02", "2018-12-31": "1.08", "2018-09-30": "1.60", "2018-06-30": "1.50", "2018-03-31": "1.46", "2017-12-31": "1.41", "2017-09-30": "1.42", "2017-06-30": "1.41", "2017-03-31": "1.37", "2016-12-31": "1.47", "2016-09-30": "1.41", "2016-06-30": "1.51", "2016-03-31": "1.46", "2015-12-31": "1.46", "2015-09-30": "1.46", "2015-06-30": "1.40", "2015-03-31": "1.35", "2014-12-31": "1.22", "2014-09-30": "1.12", "2014-06-30": "1.17", "2014-03-31": "1.17", "2013-12-31": "1.12", "2013-09-30": "1.16", "2013-06-30": "1.10", "2013-03-31": "1.08", "2012-12-31": "1.04", "2012-09-30": "1.14", "2012-06-30": "0.98", "2012-03-31": "1.03", "2011-12-31": "1.04", "2011-09-30": "1.01", "2011-06-30": "0.99", "2011-03-31": "0.70", "2010-12-31": "0.76", "2010-09-30": "0.74", "2010-06-30": "0.78", "2010-03-31": "0.75", "2009-12-31": "0.73", "2009-09-30": "0.70", "2009-06-30": "0.76", "2009-03-31": "0.79", "2008-12-31": "0.72", "2008-09-30": "0.73", "2008-06-30": "0.74", "2008-03-31": "0.75", "2007-12-31": "0.82", "2007-09-30": "0.79", "2007-06-30": "0.71", "2007-03-31": "0.76", "2006-12-31": "0.73", "2006-09-30": "0.66", "2006-06-30": "0.66", "2006-03-31": "0.66", "2005-12-31": "0.62", "2005-09-30": "0.58", "2005-06-30": "0.57", "2005-03-31": "0.63"}, "return on equity": {"2020-09-30": "6.55%", "2020-06-30": "4.96%", "2020-03-31": "4.36%", "2019-12-31": "4.36%", "2019-09-30": "5.29%", "2019-06-30": "6.70%", "2019-03-31": "8.10%", "2018-12-31": "9.80%", "2018-09-30": "8.77%", "2018-06-30": "8.74%", "2018-03-31": "8.30%", "2017-12-31": "8.02%", "2017-09-30": "7.22%", "2017-06-30": "8.09%", "2017-03-31": "7.74%", "2016-12-31": "7.70%", "2016-09-30": "7.71%", "2016-06-30": "5.14%", "2016-03-31": "5.34%", "2015-12-31": "4.70%", "2015-09-30": "4.09%", "2015-06-30": "4.12%", "2015-03-31": "4.14%", "2014-12-31": "6.13%", "2014-09-30": "6.62%", "2014-06-30": "7.35%", "2014-03-31": "7.65%", "2013-12-31": "4.49%", "2013-09-30": "4.10%", "2013-06-30": "3.36%", "2013-03-31": "3.44%", "2012-12-31": "4.18%", "2012-09-30": "4.91%", "2012-06-30": "10.50%", "2012-03-31": "17.26%", "2011-12-31": "19.06%", "2011-09-30": "21.12%", "2011-06-30": "20.32%", "2011-03-31": "12.29%", "2010-12-31": "11.14%", "2010-09-30": "11.91%", "2010-06-30": "11.53%", "2010-03-31": "10.22%", "2009-12-31": "10.81%", "2009-09-30": "10.60%", "2009-06-30": "11.50%", "2009-03-31": "12.26%", "2008-12-31": "12.05%", "2008-09-30": "9.62%", "2008-06-30": "9.81%", "2008-03-31": "13.19%", "2007-12-31": "12.33%", "2007-09-30": "18.28%", "2007-06-30": "17.63%", "2007-03-31": "13.96%", "2006-12-31": "14.11%", "2006-09-30": "8.79%", "2006-06-30": "8.74%", "2006-03-31": "8.70%", "2005-12-31": "7.85%"}, "return on assets": {"2020-09-30": "3.20%", "2020-06-30": "2.44%", "2020-03-31": "2.15%", "2019-12-31": "2.15%", "2019-09-30": "2.60%", "2019-06-30": "3.17%", "2019-03-31": "3.67%", "2018-12-31": "4.19%", "2018-09-30": "3.52%", "2018-06-30": "3.57%", "2018-03-31": "3.42%", "2017-12-31": "3.34%", "2017-09-30": "2.99%", "2017-06-30": "3.35%", "2017-03-31": "3.17%", "2016-12-31": "3.12%", "2016-09-30": "3.13%", "2016-06-30": "2.08%", "2016-03-31": "2.19%", "2015-12-31": "1.95%", "2015-09-30": "1.74%", "2015-06-30": "1.81%", "2015-03-31": "1.87%", "2014-12-31": "2.83%", "2014-09-30": "3.09%", "2014-06-30": "3.41%", "2014-03-31": "3.57%", "2013-12-31": "2.12%", "2013-09-30": "1.96%", "2013-06-30": "1.61%", "2013-03-31": "1.66%", "2012-12-31": "2.02%", "2012-09-30": "2.36%", "2012-06-30": "5.21%", "2012-03-31": "8.55%", "2011-12-31": "9.83%", "2011-09-30": "11.29%", "2011-06-30": "11.27%", "2011-03-31": "7.05%", "2010-12-31": "6.34%", "2010-09-30": "6.81%", "2010-06-30": "6.63%", "2010-03-31": "5.89%", "2009-12-31": "6.19%", "2009-09-30": "6.08%", "2009-06-30": "6.57%", "2009-03-31": "7.03%", "2008-12-31": "6.94%", "2008-09-30": "5.47%", "2008-06-30": "5.53%", "2008-03-31": "7.47%", "2007-12-31": "6.97%", "2007-09-30": "10.46%", "2007-06-30": "10.28%", "2007-03-31": "8.20%", "2006-12-31": "8.41%", "2006-09-30": "5.33%", "2006-06-30": "5.37%", "2006-03-31": "5.42%", "2005-12-31": "4.92%"}, "return on investments": {"2020-09-30": "4.03%", "2020-06-30": "3.86%", "2020-03-31": "3.81%", "2019-12-31": "3.87%", "2019-09-30": "3.49%", "2019-06-30": "3.74%", "2019-03-31": "3.93%", "2018-12-31": "4.08%", "2018-09-30": "4.83%", "2018-06-30": "4.75%", "2018-03-31": "4.74%", "2017-12-31": "4.76%", "2017-09-30": "4.79%", "2017-06-30": "4.68%", "2017-03-31": "4.11%", "2016-12-31": "4.12%", "2016-09-30": "4.39%", "2016-06-30": "3.91%", "2016-03-31": "4.51%", "2015-12-31": "4.39%", "2015-09-30": "3.90%", "2015-06-30": "4.11%", "2015-03-31": "3.99%", "2014-12-31": "3.50%", "2014-09-30": "3.40%", "2014-06-30": "3.42%", "2014-03-31": "2.80%", "2013-12-31": "3.20%", "2013-09-30": "3.54%", "2013-06-30": "2.22%", "2013-03-31": "2.04%", "2012-12-31": "1.89%", "2012-09-30": "0.63%", "2012-06-30": "3.96%", "2012-03-31": "8.14%", "2011-12-31": "9.80%", "2011-09-30": "12.07%", "2011-06-30": "12.06%", "2011-03-31": "9.47%", "2010-12-31": "8.94%", "2010-09-30": "8.08%", "2010-06-30": "8.89%", "2010-03-31": "7.88%", "2009-12-31": "8.09%", "2009-09-30": "8.47%", "2009-06-30": "9.04%", "2009-03-31": "9.58%", "2008-12-31": "9.65%", "2008-09-30": "6.79%", "2008-06-30": "6.87%", "2008-03-31": "12.40%", "2007-12-31": "12.15%", "2007-09-30": "19.51%", "2007-06-30": "19.05%", "2007-03-31": "13.45%", "2006-12-31": "14.29%", "2006-09-30": "8.12%", "2006-06-30": "8.40%", "2006-03-31": "8.82%", "2005-12-31": "8.74%"}, "return on tangible equity": {"2020-09-30": "7.56%", "2020-06-30": "5.73%", "2020-03-31": "5.04%", "2019-12-31": "5.02%", "2019-09-30": "6.10%", "2019-06-30": "7.80%", "2019-03-31": "9.57%", "2018-12-31": "11.80%", "2018-09-30": "10.86%", "2018-06-30": "10.80%", "2018-03-31": "10.22%", "2017-12-31": "11.04%", "2017-09-30": "9.94%", "2017-06-30": "12.64%", "2017-03-31": "14.10%", "2016-12-31": "14.24%", "2016-09-30": "17.37%", "2016-06-30": "11.92%", "2016-03-31": "12.55%", "2015-12-31": "11.13%", "2015-09-30": "9.62%", "2015-06-30": "9.47%", "2015-03-31": "9.60%", "2014-12-31": "14.35%", "2014-09-30": "15.03%", "2014-06-30": "16.47%", "2014-03-31": "16.22%", "2013-12-31": "8.78%", "2013-09-30": "7.96%", "2013-06-30": "6.50%", "2013-03-31": "6.26%", "2012-12-31": "7.00%", "2012-09-30": "7.36%", "2012-06-30": "12.69%", "2012-03-31": "20.92%", "2011-12-31": "22.82%", "2011-09-30": "24.96%", "2011-06-30": "23.72%", "2011-03-31": "14.17%", "2010-12-31": "12.91%", "2010-09-30": "13.82%", "2010-06-30": "13.38%", "2010-03-31": "11.85%", "2009-12-31": "12.54%", "2009-09-30": "12.32%", "2009-06-30": "13.41%", "2009-03-31": "14.34%", "2008-12-31": "14.31%", "2008-09-30": "11.48%", "2008-06-30": "11.75%", "2008-03-31": "15.85%", "2007-12-31": "14.69%", "2007-09-30": "21.85%", "2007-06-30": "21.09%", "2007-03-31": "16.73%", "2006-12-31": "16.92%", "2006-09-30": "10.54%", "2006-06-30": "10.53%", "2006-03-31": "10.52%", "2005-12-31": "9.53%"}, "dividend yield history": {"last payout": "$4.18", "last yield": "6.17%"}}