{"ticker": "GRA", "price": {"title": "W.R Grace Historical Annual Stock Price Data", "value": 61.0, "historical": {"2021": {"Average Stock Price": "59.1196", "Year Open": "54.2100", "Year High": "63.2500", "Year Low": "54.2100", "Year Close": "61.0000", "Annual % Change": "11.27%"}, "2020": {"Average Stock Price": "50.0473", "Year Open": "69.8500", "Year High": "71.7100", "Year Low": "28.0000", "Year Close": "54.8200", "Annual % Change": "-21.52%"}, "2019": {"Average Stock Price": "71.3839", "Year Open": "65.7200", "Year High": "79.6100", "Year Low": "63.1100", "Year Close": "69.8500", "Annual % Change": "7.61%"}, "2018": {"Average Stock Price": "68.8657", "Year Open": "70.8900", "Year High": "75.0500", "Year Low": "59.6000", "Year Close": "64.9100", "Annual % Change": "-7.44%"}, "2017": {"Average Stock Price": "70.8381", "Year Open": "68.8400", "Year High": "76.6000", "Year Low": "66.3800", "Year Close": "70.1300", "Annual % Change": "3.68%"}, "2016": {"Average Stock Price": "74.1405", "Year Open": "97.2500", "Year High": "97.2500", "Year Low": "63.9100", "Year Close": "67.6400", "Annual % Change": "-32.08%"}, "2015": {"Average Stock Price": "97.7800", "Year Open": "95.6800", "Year High": "104.5200", "Year Low": "85.0100", "Year Close": "99.5900", "Annual % Change": "4.40%"}, "2014": {"Average Stock Price": "95.3747", "Year Open": "96.9600", "Year High": "104.0000", "Year Low": "81.4200", "Year Close": "95.3900", "Annual % Change": "-3.52%"}, "2013": {"Average Stock Price": "82.2696", "Year Open": "70.5900", "Year High": "98.8700", "Year Low": "68.3100", "Year Close": "98.8700", "Annual % Change": "47.06%"}, "2012": {"Average Stock Price": "57.1241", "Year Open": "46.4400", "Year High": "68.5100", "Year Low": "46.1600", "Year Close": "67.2300", "Annual % Change": "46.41%"}, "2011": {"Average Stock Price": "40.2302", "Year Open": "36.5100", "Year High": "52.0600", "Year Low": "31.3900", "Year Close": "45.9200", "Annual % Change": "30.71%"}, "2010": {"Average Stock Price": "28.0416", "Year Open": "26.3300", "Year High": "36.2200", "Year Low": "19.7300", "Year Close": "35.1300", "Annual % Change": "38.58%"}, "2009": {"Average Stock Price": "14.5551", "Year Open": "6.3800", "Year High": "26.1700", "Year Low": "4.0700", "Year Close": "25.3500", "Annual % Change": "324.62%"}, "2008": {"Average Stock Price": "19.2130", "Year Open": "25.1000", "Year High": "27.7900", "Year Low": "3.0100", "Year Close": "5.9700", "Annual % Change": "-77.20%"}, "2007": {"Average Stock Price": "25.1966", "Year Open": "20.0300", "Year High": "30.6500", "Year Low": "18.8600", "Year Close": "26.1800", "Annual % Change": "32.22%"}, "2006": {"Average Stock Price": "12.8067", "Year Open": "10.0000", "Year High": "20.3500", "Year Low": "8.1200", "Year Close": "19.8000", "Annual % Change": "110.64%"}, "2005": {"Average Stock Price": "9.4061", "Year Open": "13.7900", "Year High": "13.7900", "Year Low": "6.7500", "Year Close": "9.4000", "Annual % Change": "-30.93%"}, "2004": {"Average Stock Price": "6.5976", "Year Open": "2.7300", "Year High": "14.9500", "Year Low": "2.5100", "Year Close": "13.6100", "Annual % Change": "429.57%"}, "2003": {"Average Stock Price": "2.9112", "Year Open": "2.0000", "Year High": "5.5200", "Year Low": "1.4800", "Year Close": "2.5700", "Annual % Change": "31.12%"}, "2002": {"Average Stock Price": "2.2550", "Year Open": "1.5600", "Year High": "3.7500", "Year Low": "0.9900", "Year Close": "1.9600", "Annual % Change": "26.45%"}, "2001": {"Average Stock Price": "1.8924", "Year Open": "3.3750", "Year High": "4.3750", "Year Low": "1.3100", "Year Close": "1.5500", "Annual % Change": "-51.37%"}, "2000": {"Average Stock Price": "9.3725", "Year Open": "13.2500", "Year High": "14.9375", "Year Low": "1.3125", "Year Close": "3.1875", "Annual % Change": "-77.43%"}, "1999": {"Average Stock Price": "15.9556", "Year Open": "15.6250", "Year High": "20.9375", "Year Low": "11.9375", "Year Close": "14.1250", "Annual % Change": "-9.96%"}, "1998": {"Average Stock Price": "31.8562", "Year Open": "79.0000", "Year High": "86.6250", "Year Low": "10.2500", "Year Close": "15.6875", "Annual % Change": "-80.50%"}, "1997": {"Average Stock Price": "60.9933", "Year Open": "51.3750", "Year High": "81.1250", "Year Low": "45.0000", "Year Close": "80.4375", "Annual % Change": "55.43%"}, "1996": {"Average Stock Price": "65.8952", "Year Open": "59.3750", "Year High": "82.7500", "Year Low": "46.2500", "Year Close": "51.7500", "Annual % Change": "-12.47%"}, "1995": {"Average Stock Price": "57.2091", "Year Open": "39.3750", "Year High": "71.2500", "Year Low": "38.5000", "Year Close": "59.1250", "Annual % Change": "53.07%"}, "1994": {"Average Stock Price": "40.8968", "Year Open": "41.2500", "Year High": "46.5000", "Year Low": "36.0000", "Year Close": "38.6250", "Annual % Change": "-4.92%"}, "1993": {"Average Stock Price": "38.6724", "Year Open": "39.8750", "Year High": "41.2500", "Year Low": "34.6250", "Year Close": "40.6250", "Annual % Change": "0.93%"}, "1992": {"Average Stock Price": "37.5236", "Year Open": "38.6250", "Year High": "44.5000", "Year Low": "32.5000", "Year Close": "40.2500", "Annual % Change": "1.90%"}, "1991": {"Average Stock Price": "33.4629", "Year Open": "23.3750", "Year High": "40.7500", "Year Low": "23.3750", "Year Close": "39.5000", "Annual % Change": "65.45%"}, "1990": {"Average Stock Price": "26.6423", "Year Open": "33.3750", "Year High": "33.3750", "Year Low": "17.3750", "Year Close": "23.8750", "Annual % Change": "-27.10%"}, "1989": {"Average Stock Price": "31.5521", "Year Open": "25.6250", "Year High": "38.2500", "Year Low": "25.6250", "Year Close": "32.7500", "Annual % Change": "25.96%"}, "1988": {"Average Stock Price": "25.9580", "Year Open": "25.1250", "Year High": "29.2500", "Year Low": "23.7500", "Year Close": "26.0000", "Annual % Change": "8.33%"}, "1987": {"Average Stock Price": "57.9032", "Year Open": "49.6250", "Year High": "74.1250", "Year Low": "21.2500", "Year Close": "24.0000", "Annual % Change": "-50.39%"}, "1986": {"Average Stock Price": "51.9496", "Year Open": "47.1250", "Year High": "58.8750", "Year Low": "45.8750", "Year Close": "48.3750", "Annual % Change": "1.04%"}, "1985": {"Average Stock Price": "41.3170", "Year Open": "39.3750", "Year High": "48.2500", "Year Low": "36.5000", "Year Close": "47.8750", "Annual % Change": "20.44%"}, "1984": {"Average Stock Price": "41.7208", "Year Open": "45.2500", "Year High": "46.7500", "Year Low": "36.7500", "Year Close": "39.7500", "Annual % Change": "-12.15%"}, "1983": {"Average Stock Price": "45.0751", "Year Open": "38.6250", "Year High": "50.1250", "Year Low": "38.6250", "Year Close": "45.2500", "Annual % Change": "17.92%"}}}, "market cap": {"value": "$4.04B"}, "income statement": {"Revenue": {"2019-12-31": "1958.10000", "2018-12-31": "1932.10000", "2017-12-31": "1716.50000", "2016-12-31": "1598.60000", "2015-12-31": "1628.20000", "2014-12-31": "1757.30000", "2013-12-31": "3060.70000", "2012-12-31": "3155.50000", "2011-12-31": "3211.90000", "2010-12-31": "2675.00000", "2009-12-31": "2825.00000", "2008-12-31": "3317.00000", "2007-12-31": "3115.20000", "2006-12-31": "2826.50000", "2005-12-31": "2569.50000"}, "Cost Of Goods Sold": {"2019-12-31": "1164.40000", "2018-12-31": "1165.40000", "2017-12-31": "1040.40000", "2016-12-31": "928.80000", "2015-12-31": "976.50000", "2014-12-31": "1093.30000", "2013-12-31": "1918.60000", "2012-12-31": "2041.10000", "2011-12-31": "2099.00000", "2010-12-31": "1726.40000", "2009-12-31": "1900.50000", "2008-12-31": "2333.50000", "2007-12-31": "2128.50000", "2006-12-31": "1946.80000", "2005-12-31": "1774.90000"}, "Gross Profit": {"2019-12-31": "793.70000", "2018-12-31": "766.70000", "2017-12-31": "676.10000", "2016-12-31": "669.80000", "2015-12-31": "651.70000", "2014-12-31": "664.00000", "2013-12-31": "1142.10000", "2012-12-31": "1114.40000", "2011-12-31": "1112.90000", "2010-12-31": "948.60000", "2009-12-31": "924.50000", "2008-12-31": "983.50000", "2007-12-31": "986.70000", "2006-12-31": "879.70000", "2005-12-31": "794.60000"}, "Research And Development Expenses": {"2019-12-31": "64.50000", "2018-12-31": "62.70000", "2017-12-31": "56.30000", "2016-12-31": "51.60000", "2015-12-31": "47.10000", "2014-12-31": "51.30000", "2013-12-31": "65.20000", "2012-12-31": "64.50000", "2011-12-31": "68.50000", "2010-12-31": "60.30000", "2009-12-31": "70.10000", "2008-12-31": "82.70000", "2007-12-31": "79.50000", "2006-12-31": "65.60000", "2005-12-31": "63.70000"}, "SG&A Expenses": {"2019-12-31": "299.00000", "2018-12-31": "300.40000", "2017-12-31": "268.40000", "2016-12-31": "271.80000", "2015-12-31": "318.90000", "2014-12-31": "415.10000", "2013-12-31": "505.70000", "2012-12-31": "635.20000", "2011-12-31": "659.90000", "2010-12-31": "514.40000", "2009-12-31": "574.60000", "2008-12-31": "589.70000", "2007-12-31": "600.60000", "2006-12-31": "593.80000", "2005-12-31": "505.50000"}, "Other Operating Income Or Expenses": {"2019-12-31": "-103.50000", "2018-12-31": "-82.30000", "2017-12-31": "-33.10000", "2016-12-31": "", "2015-12-31": "", "2014-12-31": "", "2013-12-31": "", "2012-12-31": "", "2011-12-31": "", "2010-12-31": "", "2009-12-31": "", "2008-12-31": "", "2007-12-31": "", "2006-12-31": "", "2005-12-31": ""}, "Operating Expenses": {"2019-12-31": "1631.40000", "2018-12-31": "1610.80000", "2017-12-31": "1398.20000", "2016-12-31": "1252.20000", "2015-12-31": "1342.50000", "2014-12-31": "1559.70000", "2013-12-31": "2489.50000", "2012-12-31": "2740.80000", "2011-12-31": "2827.40000", "2010-12-31": "2389.40000", "2009-12-31": "2664.20000", "2008-12-31": "3067.90000", "2007-12-31": "2861.20000", "2006-12-31": "2669.90000", "2005-12-31": "2416.00000"}, "Operating Income": {"2019-12-31": "326.70000", "2018-12-31": "321.29990", "2017-12-31": "318.29990", "2016-12-31": "346.40000", "2015-12-31": "285.70000", "2014-12-31": "197.60000", "2013-12-31": "571.20000", "2012-12-31": "414.70000", "2011-12-31": "384.50000", "2010-12-31": "285.59990", "2009-12-31": "160.80000", "2008-12-31": "249.10010", "2007-12-31": "253.99980", "2006-12-31": "156.60010", "2005-12-31": "153.50000"}, "Total Non-Operating Income/Expense": {"2019-12-31": "-143.20000", "2018-12-31": "-76.40000", "2017-12-31": "-107.40000", "2016-12-31": "-180.40000", "2015-12-31": "-92.00000", "2014-12-31": "-93.10000", "2013-12-31": "-210.60000", "2012-12-31": "-435.30000", "2011-12-31": "-77.50000", "2010-12-31": "-45.70000", "2009-12-31": "-68.10000", "2008-12-31": "-107.90000", "2007-12-31": "-141.80000", "2006-12-31": "-118.80000", "2005-12-31": "-43.80000"}, "Pre-Tax Income": {"2019-12-31": "183.50000", "2018-12-31": "244.90000", "2017-12-31": "210.90000", "2016-12-31": "166.00000", "2015-12-31": "193.70000", "2014-12-31": "104.50000", "2013-12-31": "360.60000", "2012-12-31": "-20.60000", "2011-12-31": "307.00000", "2010-12-31": "239.90000", "2009-12-31": "92.70000", "2008-12-31": "141.20000", "2007-12-31": "112.20000", "2006-12-31": "37.80000", "2005-12-31": "109.70000"}, "Income Taxes": {"2019-12-31": "56.80000", "2018-12-31": "78.10000", "2017-12-31": "200.50000", "2016-12-31": "59.00000", "2015-12-31": "69.80000", "2014-12-31": "-12.40000", "2013-12-31": "102.90000", "2012-12-31": "-61.60000", "2011-12-31": "87.90000", "2010-12-31": "32.50000", "2009-12-31": "11.50000", "2008-12-31": "4.30000", "2007-12-31": "-1.10000", "2006-12-31": "2.80000", "2005-12-31": "21.30000"}, "Income After Taxes": {"2019-12-31": "126.70000", "2018-12-31": "166.80000", "2017-12-31": "10.40000", "2016-12-31": "107.00000", "2015-12-31": "123.90000", "2014-12-31": "116.90000", "2013-12-31": "257.70000", "2012-12-31": "41.00000", "2011-12-31": "219.10000", "2010-12-31": "207.40000", "2009-12-31": "81.20000", "2008-12-31": "136.90000", "2007-12-31": "113.30000", "2006-12-31": "35.00000", "2005-12-31": "88.40000"}, "Other Income": {"2019-12-31": "", "2018-12-31": "", "2017-12-31": "", "2016-12-31": "", "2015-12-31": "", "2014-12-31": "", "2013-12-31": "", "2012-12-31": "", "2011-12-31": "", "2010-12-31": "", "2009-12-31": "", "2008-12-31": "", "2007-12-31": "", "2006-12-31": "", "2005-12-31": ""}, "Income From Continuous Operations": {"2019-12-31": "126.70000", "2018-12-31": "166.80000", "2017-12-31": "10.40000", "2016-12-31": "107.00000", "2015-12-31": "123.90000", "2014-12-31": "116.90000", "2013-12-31": "257.70000", "2012-12-31": "41.00000", "2011-12-31": "219.10000", "2010-12-31": "207.40000", "2009-12-31": "81.20000", "2008-12-31": "136.90000", "2007-12-31": "113.30000", "2006-12-31": "8.60000", "2005-12-31": "67.30000"}, "Income From Discontinued Operations": {"2019-12-31": "", "2018-12-31": "", "2017-12-31": "", "2016-12-31": "-12.90000", "2015-12-31": "20.20000", "2014-12-31": "159.30000", "2013-12-31": "", "2012-12-31": "", "2011-12-31": "", "2010-12-31": "", "2009-12-31": "", "2008-12-31": "", "2007-12-31": "", "2006-12-31": "", "2005-12-31": ""}, "Net Income": {"2019-12-31": "126.30000", "2018-12-31": "167.60000", "2017-12-31": "11.20000", "2016-12-31": "94.10000", "2015-12-31": "144.20000", "2014-12-31": "276.30000", "2013-12-31": "256.10000", "2012-12-31": "40.00000", "2011-12-31": "219.70000", "2010-12-31": "207.10000", "2009-12-31": "71.20000", "2008-12-31": "121.50000", "2007-12-31": "88.80000", "2006-12-31": "8.60000", "2005-12-31": "67.30000"}, "EBITDA": {"2019-12-31": "426.99990", "2018-12-31": "422.09990", "2017-12-31": "429.79990", "2016-12-31": "446.70000", "2015-12-31": "384.90000", "2014-12-31": "300.30000", "2013-12-31": "694.29990", "2012-12-31": "533.70000", "2011-12-31": "504.50000", "2010-12-31": "401.19990", "2009-12-31": "273.80000", "2008-12-31": "367.80010", "2007-12-31": "367.39970", "2006-12-31": "270.10010", "2005-12-31": "274.40000"}, "EBIT": {"2019-12-31": "326.70000", "2018-12-31": "321.29990", "2017-12-31": "318.29990", "2016-12-31": "346.40000", "2015-12-31": "285.70000", "2014-12-31": "197.60000", "2013-12-31": "571.20000", "2012-12-31": "414.70000", "2011-12-31": "384.50000", "2010-12-31": "285.59990", "2009-12-31": "160.80000", "2008-12-31": "249.10010", "2007-12-31": "253.99980", "2006-12-31": "156.60010", "2005-12-31": "153.50000"}, "Basic Shares Outstanding": {"2019-12-31": "66.80000", "2018-12-31": "67.20000", "2017-12-31": "68.10000", "2016-12-31": "70.10000", "2015-12-31": "72.00000", "2014-12-31": "75.30000", "2013-12-31": "76.40000", "2012-12-31": "74.90000", "2011-12-31": "73.60000", "2010-12-31": "72.70000", "2009-12-31": "72.20000", "2008-12-31": "72.00000", "2007-12-31": "70.10000", "2006-12-31": "67.90000", "2005-12-31": "66.80000"}, "Shares Outstanding": {"2019-12-31": "66.90000", "2018-12-31": "67.30000", "2017-12-31": "68.20000", "2016-12-31": "70.50000", "2015-12-31": "72.60000", "2014-12-31": "76.20000", "2013-12-31": "77.70000", "2012-12-31": "76.30000", "2011-12-31": "75.50000", "2010-12-31": "74.40000", "2009-12-31": "72.60000", "2008-12-31": "72.50000", "2007-12-31": "71.60000", "2006-12-31": "68.30000", "2005-12-31": "67.30000"}, "Basic EPS": {"2019-12-31": "1.89000", "2018-12-31": "2.49000", "2017-12-31": "0.16000", "2016-12-31": "1.34000", "2015-12-31": "2.00000", "2014-12-31": "3.67000", "2013-12-31": "3.35000", "2012-12-31": "0.53000", "2011-12-31": "2.99000", "2010-12-31": "2.85000", "2009-12-31": "0.99000", "2008-12-31": "1.69000", "2007-12-31": "1.27000", "2006-12-31": "0.13000", "2005-12-31": "1.01000"}, "EPS - Earnings Per Share": {"2019-12-31": "1.89000", "2018-12-31": "2.49000", "2017-12-31": "0.16000", "2016-12-31": "1.33000", "2015-12-31": "1.99000", "2014-12-31": "3.63000", "2013-12-31": "3.30000", "2012-12-31": "0.52000", "2011-12-31": "2.91000", "2010-12-31": "2.78000", "2009-12-31": "0.98000", "2008-12-31": "1.68000", "2007-12-31": "1.24000", "2006-12-31": "0.13000", "2005-12-31": "1.00000"}}, "income statement, quarterly": {"Revenue": {"2020-09-30": "419.40000", "2020-06-30": "418.70000", "2020-03-31": "421.50000", "2019-12-31": "504.50000", "2019-09-30": "470.50000", "2019-06-30": "513.60000", "2019-03-31": "469.50000", "2018-12-31": "519.99990", "2018-09-30": "494.90000", "2018-06-30": "485.70000", "2018-03-31": "431.50000", "2017-12-31": "459.50000", "2017-09-30": "429.50000", "2017-06-30": "429.50000", "2017-03-31": "398.00000", "2016-12-31": "440.80000", "2016-09-30": "404.50000", "2016-06-30": "390.50000", "2016-03-31": "362.80000", "2015-12-31": "424.80000", "2015-09-30": "399.20000", "2015-06-30": "407.20000", "2015-03-31": "397.00000", "2014-12-31": "-681.60000", "2014-09-30": "856.40000", "2014-06-30": "838.00000", "2014-03-31": "744.50000", "2013-12-31": "776.69980", "2013-09-30": "771.30000", "2013-06-30": "802.80000", "2013-03-31": "709.90000", "2012-12-31": "797.79990", "2012-09-30": "776.60000", "2012-06-30": "826.70000", "2012-03-31": "754.40000", "2011-12-31": "825.59990", "2011-09-30": "864.20000", "2011-06-30": "826.40000", "2011-03-31": "695.70000", "2010-12-31": "693.00000", "2010-09-30": "682.10000", "2010-06-30": "685.00000", "2010-03-31": "614.90000", "2009-12-31": "678.29990", "2009-09-30": "753.60000", "2009-06-30": "711.00000", "2009-03-31": "682.10000", "2008-12-31": "768.40010", "2008-09-30": "889.40000", "2008-06-30": "900.00000", "2008-03-31": "759.20000", "2007-12-31": "803.70010", "2007-09-30": "783.10000", "2007-06-30": "812.80000", "2007-03-31": "715.60000", "2006-12-31": "697.40010", "2006-09-30": "741.40000", "2006-06-30": "729.10000", "2006-03-31": "658.60000", "2005-12-31": "636.40000", "2005-09-30": "653.40000", "2005-06-30": "676.50000", "2005-03-31": "603.20000"}, "Cost Of Goods Sold": {"2020-09-30": "263.00000", "2020-06-30": "299.40000", "2020-03-31": "261.90000", "2019-12-31": "299.80000", "2019-09-30": "279.50000", "2019-06-30": "304.20000", "2019-03-31": "280.90000", "2018-12-31": "323.70000", "2018-09-30": "292.70000", "2018-06-30": "287.00000", "2018-03-31": "262.00000", "2017-12-31": "275.10000", "2017-09-30": "258.20000", "2017-06-30": "262.30000", "2017-03-31": "244.80000", "2016-12-31": "265.10000", "2016-09-30": "236.30000", "2016-06-30": "217.30000", "2016-03-31": "210.10000", "2015-12-31": "254.00000", "2015-09-30": "233.10000", "2015-06-30": "239.40000", "2015-03-31": "250.00000", "2014-12-31": "-427.69990", "2014-09-30": "528.60000", "2014-06-30": "517.10000", "2014-03-31": "475.30000", "2013-12-31": "476.89990", "2013-09-30": "488.90000", "2013-06-30": "501.90000", "2013-03-31": "450.90000", "2012-12-31": "549.40010", "2012-09-30": "491.80000", "2012-06-30": "522.60000", "2012-03-31": "477.30000", "2011-12-31": "586.09990", "2011-09-30": "547.80000", "2011-06-30": "521.80000", "2011-03-31": "443.30000", "2010-12-31": "448.10000", "2010-09-30": "436.60000", "2010-06-30": "440.50000", "2010-03-31": "401.20000", "2009-12-31": "429.90000", "2009-09-30": "491.10000", "2009-06-30": "467.90000", "2009-03-31": "511.60000", "2008-12-31": "558.59990", "2008-09-30": "630.80000", "2008-06-30": "624.30000", "2008-03-31": "519.80000", "2007-12-31": "545.30000", "2007-09-30": "532.60000", "2007-06-30": "552.90000", "2007-03-31": "497.70000", "2006-12-31": "555.40010", "2006-09-30": "483.60000", "2006-06-30": "470.00000", "2006-03-31": "437.80000", "2005-12-31": "516.50000", "2005-09-30": "426.00000", "2005-06-30": "439.70000", "2005-03-31": "392.70000"}, "Gross Profit": {"2020-09-30": "156.40000", "2020-06-30": "119.30000", "2020-03-31": "159.60000", "2019-12-31": "204.70000", "2019-09-30": "191.00000", "2019-06-30": "209.40000", "2019-03-31": "188.60000", "2018-12-31": "196.29990", "2018-09-30": "202.20000", "2018-06-30": "198.70000", "2018-03-31": "169.50000", "2017-12-31": "184.40000", "2017-09-30": "171.30000", "2017-06-30": "167.20000", "2017-03-31": "153.20000", "2016-12-31": "175.70000", "2016-09-30": "168.20000", "2016-06-30": "173.20000", "2016-03-31": "152.70000", "2015-12-31": "170.80000", "2015-09-30": "166.10000", "2015-06-30": "167.80000", "2015-03-31": "147.00000", "2014-12-31": "-253.90010", "2014-09-30": "327.80000", "2014-06-30": "320.90000", "2014-03-31": "269.20000", "2013-12-31": "299.79990", "2013-09-30": "282.40000", "2013-06-30": "300.90000", "2013-03-31": "259.00000", "2012-12-31": "248.39980", "2012-09-30": "284.80000", "2012-06-30": "304.10000", "2012-03-31": "277.10000", "2011-12-31": "239.50000", "2011-09-30": "316.40000", "2011-06-30": "304.60000", "2011-03-31": "252.40000", "2010-12-31": "244.90000", "2010-09-30": "245.50000", "2010-06-30": "244.50000", "2010-03-31": "213.70000", "2009-12-31": "248.39990", "2009-09-30": "262.50000", "2009-06-30": "243.10000", "2009-03-31": "170.50000", "2008-12-31": "209.80020", "2008-09-30": "258.60000", "2008-06-30": "275.70000", "2008-03-31": "239.40000", "2007-12-31": "258.40010", "2007-09-30": "250.50000", "2007-06-30": "259.90000", "2007-03-31": "217.90000", "2006-12-31": "142.00010", "2006-09-30": "257.80000", "2006-06-30": "259.10000", "2006-03-31": "220.80000", "2005-12-31": "119.90000", "2005-09-30": "227.40000", "2005-06-30": "236.80000", "2005-03-31": "210.50000"}, "Research And Development Expenses": {"2020-09-30": "15.60000", "2020-06-30": "16.70000", "2020-03-31": "17.00000", "2019-12-31": "16.30000", "2019-09-30": "14.90000", "2019-06-30": "16.30000", "2019-03-31": "17.00000", "2018-12-31": "16.20000", "2018-09-30": "15.70000", "2018-06-30": "16.10000", "2018-03-31": "14.70000", "2017-12-31": "14.80000", "2017-09-30": "14.00000", "2017-06-30": "13.60000", "2017-03-31": "13.90000", "2016-12-31": "15.40000", "2016-09-30": "12.10000", "2016-06-30": "12.40000", "2016-03-31": "11.70000", "2015-12-31": "10.90000", "2015-09-30": "11.80000", "2015-06-30": "12.30000", "2015-03-31": "12.10000", "2014-12-31": "-10.00000", "2014-09-30": "20.50000", "2014-06-30": "20.30000", "2014-03-31": "20.50000", "2013-12-31": "16.70000", "2013-09-30": "15.00000", "2013-06-30": "16.60000", "2013-03-31": "16.90000", "2012-12-31": "16.60000", "2012-09-30": "15.40000", "2012-06-30": "16.00000", "2012-03-31": "16.50000", "2011-12-31": "19.40000", "2011-09-30": "16.80000", "2011-06-30": "16.70000", "2011-03-31": "15.60000", "2010-12-31": "15.40000", "2010-09-30": "14.80000", "2010-06-30": "14.80000", "2010-03-31": "15.30000", "2009-12-31": "17.30000", "2009-09-30": "16.60000", "2009-06-30": "17.60000", "2009-03-31": "18.60000", "2008-12-31": "19.30000", "2008-09-30": "20.50000", "2008-06-30": "21.20000", "2008-03-31": "21.70000", "2007-12-31": "21.70000", "2007-09-30": "20.40000", "2007-06-30": "18.70000", "2007-03-31": "18.70000", "2006-12-31": "21.30000", "2006-09-30": "14.90000", "2006-06-30": "14.50000", "2006-03-31": "14.90000", "2005-12-31": "18.60000", "2005-09-30": "14.90000", "2005-06-30": "15.10000", "2005-03-31": "15.10000"}, "SG&A Expenses": {"2020-09-30": "68.10000", "2020-06-30": "71.90000", "2020-03-31": "71.10000", "2019-12-31": "75.30000", "2019-09-30": "74.20000", "2019-06-30": "76.30000", "2019-03-31": "73.20000", "2018-12-31": "76.90000", "2018-09-30": "74.70000", "2018-06-30": "80.40000", "2018-03-31": "68.40000", "2017-12-31": "64.30000", "2017-09-30": "69.30000", "2017-06-30": "69.30000", "2017-03-31": "65.50000", "2016-12-31": "70.30000", "2016-09-30": "67.10000", "2016-06-30": "66.40000", "2016-03-31": "68.00000", "2015-12-31": "97.90000", "2015-09-30": "70.50000", "2015-06-30": "73.50000", "2015-03-31": "77.00000", "2014-12-31": "-13.40000", "2014-09-30": "147.70000", "2014-06-30": "144.00000", "2014-03-31": "136.80000", "2013-12-31": "100.60000", "2013-09-30": "129.70000", "2013-06-30": "142.10000", "2013-03-31": "133.30000", "2012-12-31": "234.00000", "2012-09-30": "130.80000", "2012-06-30": "133.80000", "2012-03-31": "136.60000", "2011-12-31": "235.90000", "2011-09-30": "148.20000", "2011-06-30": "145.90000", "2011-03-31": "129.90000", "2010-12-31": "138.20000", "2010-09-30": "123.90000", "2010-06-30": "129.80000", "2010-03-31": "122.50000", "2009-12-31": "148.80000", "2009-09-30": "136.70000", "2009-06-30": "139.40000", "2009-03-31": "149.70000", "2008-12-31": "148.00000", "2008-09-30": "150.70000", "2008-06-30": "148.20000", "2008-03-31": "142.80000", "2007-12-31": "168.80000", "2007-09-30": "150.60000", "2007-06-30": "146.00000", "2007-03-31": "135.20000", "2006-12-31": "173.10000", "2006-09-30": "149.40000", "2006-06-30": "142.30000", "2006-03-31": "129.00000", "2005-12-31": "158.90000", "2005-09-30": "109.50000", "2005-06-30": "117.80000", "2005-03-31": "119.30000"}, "Other Operating Income Or Expenses": {"2020-09-30": "-30.60000", "2020-06-30": "-2.80000", "2020-03-31": "-2.70000", "2019-12-31": "-51.40000", "2019-09-30": "-3.70000", "2019-06-30": "-1.50000", "2019-03-31": "-46.90000", "2018-12-31": "-3.50000", "2018-09-30": "-74.60000", "2018-06-30": "-2.20000", "2018-03-31": "-2.00000", "2017-12-31": "", "2017-09-30": "", "2017-06-30": "", "2017-03-31": "", "2016-12-31": "", "2016-09-30": "", "2016-06-30": "", "2016-03-31": "", "2015-12-31": "", "2015-09-30": "", "2015-06-30": "", "2015-03-31": "", "2014-12-31": "", "2014-09-30": "", "2014-06-30": "", "2014-03-31": "", "2013-12-31": "", "2013-09-30": "", "2013-06-30": "", "2013-03-31": "", "2012-12-31": "", "2012-09-30": "", "2012-06-30": "", "2012-03-31": "", "2011-12-31": "", "2011-09-30": "", "2011-06-30": "", "2011-03-31": "", "2010-12-31": "", "2010-09-30": "", "2010-06-30": "", "2010-03-31": "", "2009-12-31": "", "2009-09-30": "", "2009-06-30": "", "2009-03-31": "", "2008-12-31": "", "2008-09-30": "", "2008-06-30": "", "2008-03-31": "", "2007-12-31": "", "2007-09-30": "", "2007-06-30": "", "2007-03-31": "", "2006-12-31": "", "2006-09-30": "", "2006-06-30": "", "2006-03-31": "", "2005-12-31": "", "2005-09-30": "", "2005-06-30": "", "2005-03-31": ""}, "Operating Expenses": {"2020-09-30": "377.30000", "2020-06-30": "390.80000", "2020-03-31": "352.70000", "2019-12-31": "442.80010", "2019-09-30": "372.30000", "2019-06-30": "398.30000", "2019-03-31": "418.00000", "2018-12-31": "420.30000", "2018-09-30": "457.70000", "2018-06-30": "385.70000", "2018-03-31": "347.10000", "2017-12-31": "387.30000", "2017-09-30": "341.50000", "2017-06-30": "345.20000", "2017-03-31": "324.20000", "2016-12-31": "350.80000", "2016-09-30": "315.50000", "2016-06-30": "296.10000", "2016-03-31": "289.80000", "2015-12-31": "362.80000", "2015-09-30": "315.40000", "2015-06-30": "325.20000", "2015-03-31": "339.10000", "2014-12-31": "-451.09990", "2014-09-30": "696.80000", "2014-06-30": "681.40000", "2014-03-31": "632.60000", "2013-12-31": "594.20010", "2013-09-30": "633.60000", "2013-06-30": "660.60000", "2013-03-31": "601.10000", "2012-12-31": "740.40010", "2012-09-30": "656.70000", "2012-06-30": "691.49990", "2012-03-31": "652.20000", "2011-12-31": "792.89990", "2011-09-30": "728.80000", "2011-06-30": "700.20000", "2011-03-31": "605.50000", "2010-12-31": "623.60010", "2010-09-30": "600.10000", "2010-06-30": "604.70000", "2010-03-31": "561.00000", "2009-12-31": "624.19980", "2009-09-30": "667.80000", "2009-06-30": "651.30000", "2009-03-31": "720.90000", "2008-12-31": "740.29980", "2008-09-30": "816.10000", "2008-06-30": "812.90000", "2008-03-31": "698.60000", "2007-12-31": "749.50020", "2007-09-30": "716.70000", "2007-06-30": "730.70000", "2007-03-31": "664.30000", "2006-12-31": "680.29990", "2006-09-30": "693.00000", "2006-06-30": "672.00000", "2006-03-31": "624.60000", "2005-12-31": "622.00000", "2005-09-30": "598.20000", "2005-06-30": "622.30000", "2005-03-31": "573.50000"}, "Operating Income": {"2020-09-30": "42.10000", "2020-06-30": "27.90000", "2020-03-31": "68.80000", "2019-12-31": "61.69990", "2019-09-30": "98.20000", "2019-06-30": "115.30000", "2019-03-31": "51.50000", "2018-12-31": "99.70000", "2018-09-30": "37.20000", "2018-06-30": "100.00000", "2018-03-31": "84.40000", "2017-12-31": "72.20000", "2017-09-30": "88.00000", "2017-06-30": "84.30000", "2017-03-31": "73.80000", "2016-12-31": "90.00000", "2016-09-30": "89.00000", "2016-06-30": "94.40000", "2016-03-31": "73.00000", "2015-12-31": "62.00000", "2015-09-30": "83.80000", "2015-06-30": "82.00000", "2015-03-31": "57.90000", "2014-12-31": "-230.50010", "2014-09-30": "159.60000", "2014-06-30": "156.60000", "2014-03-31": "111.90000", "2013-12-31": "182.49980", "2013-09-30": "137.70000", "2013-06-30": "142.20000", "2013-03-31": "108.80000", "2012-12-31": "57.39980", "2012-09-30": "119.90000", "2012-06-30": "135.20010", "2012-03-31": "102.20000", "2011-12-31": "32.70000", "2011-09-30": "135.40000", "2011-06-30": "126.20000", "2011-03-31": "90.20000", "2010-12-31": "69.39990", "2010-09-30": "82.00000", "2010-06-30": "80.30000", "2010-03-31": "53.90000", "2009-12-31": "54.10010", "2009-09-30": "85.79990", "2009-06-30": "59.70000", "2009-03-31": "-38.80010", "2008-12-31": "28.10030", "2008-09-30": "73.30010", "2008-06-30": "87.10000", "2008-03-31": "60.60000", "2007-12-31": "54.19980", "2007-09-30": "66.40000", "2007-06-30": "82.10000", "2007-03-31": "51.29990", "2006-12-31": "17.10020", "2006-09-30": "48.40000", "2006-06-30": "57.10000", "2006-03-31": "34.00000", "2005-12-31": "14.40000", "2005-09-30": "55.20000", "2005-06-30": "54.20000", "2005-03-31": "29.70000"}, "Total Non-Operating Income/Expense": {"2020-09-30": "-65.60000", "2020-06-30": "-31.10000", "2020-03-31": "-11.00000", "2019-12-31": "-90.00000", "2019-09-30": "-17.10000", "2019-06-30": "-20.10000", "2019-03-31": "-16.00000", "2018-12-31": "-3.20000", "2018-09-30": "-20.60000", "2018-06-30": "-36.40000", "2018-03-31": "-16.20000", "2017-12-31": "-44.00000", "2017-09-30": "-29.30000", "2017-06-30": "-21.20000", "2017-03-31": "-12.90000", "2016-12-31": "-75.50000", "2016-09-30": "-28.30000", "2016-06-30": "-35.00000", "2016-03-31": "-41.60000", "2015-12-31": "-17.80000", "2015-09-30": "-32.50000", "2015-06-30": "-31.50000", "2015-03-31": "-10.20000", "2014-12-31": "6.30000", "2014-09-30": "-40.00000", "2014-06-30": "-27.60000", "2014-03-31": "-31.80000", "2013-12-31": "-166.80000", "2013-09-30": "-16.80000", "2013-06-30": "-8.90000", "2013-03-31": "-18.10000", "2012-12-31": "-387.00000", "2012-09-30": "-8.50000", "2012-06-30": "-29.70000", "2012-03-31": "-10.10000", "2011-12-31": "-38.90000", "2011-09-30": "-13.80000", "2011-06-30": "-14.10000", "2011-03-31": "-10.70000", "2010-12-31": "-13.00000", "2010-09-30": "-10.00000", "2010-06-30": "-9.00000", "2010-03-31": "-13.70000", "2009-12-31": "-13.10000", "2009-09-30": "-11.40000", "2009-06-30": "-20.20000", "2009-03-31": "-23.40000", "2008-12-31": "-15.30000", "2008-09-30": "-45.20000", "2008-06-30": "-25.30000", "2008-03-31": "-22.10000", "2007-12-31": "-30.70000", "2007-09-30": "-33.70000", "2007-06-30": "-48.20000", "2007-03-31": "-29.20000", "2006-12-31": "-24.20000", "2006-09-30": "-24.50000", "2006-06-30": "-47.50000", "2006-03-31": "-22.60000", "2005-12-31": "-17.00000", "2005-09-30": "-18.30000", "2005-06-30": "6.00000", "2005-03-31": "-14.50000"}, "Pre-Tax Income": {"2020-09-30": "-23.50000", "2020-06-30": "-3.20000", "2020-03-31": "57.80000", "2019-12-31": "-28.30000", "2019-09-30": "81.10000", "2019-06-30": "95.20000", "2019-03-31": "35.50000", "2018-12-31": "96.50000", "2018-09-30": "16.60000", "2018-06-30": "63.60000", "2018-03-31": "68.20000", "2017-12-31": "28.20000", "2017-09-30": "58.70000", "2017-06-30": "63.10000", "2017-03-31": "60.90000", "2016-12-31": "14.50000", "2016-09-30": "60.70000", "2016-06-30": "59.40000", "2016-03-31": "31.40000", "2015-12-31": "44.20000", "2015-09-30": "51.30000", "2015-06-30": "50.50000", "2015-03-31": "47.70000", "2014-12-31": "-224.20000", "2014-09-30": "119.60000", "2014-06-30": "129.00000", "2014-03-31": "80.10000", "2013-12-31": "15.70000", "2013-09-30": "120.90000", "2013-06-30": "133.30000", "2013-03-31": "90.70000", "2012-12-31": "-329.60000", "2012-09-30": "111.40000", "2012-06-30": "105.50000", "2012-03-31": "92.10000", "2011-12-31": "-6.20000", "2011-09-30": "121.60000", "2011-06-30": "112.10000", "2011-03-31": "79.50000", "2010-12-31": "56.40000", "2010-09-30": "72.00000", "2010-06-30": "71.30000", "2010-03-31": "40.20000", "2009-12-31": "41.00000", "2009-09-30": "74.40000", "2009-06-30": "39.50000", "2009-03-31": "-62.20000", "2008-12-31": "12.80000", "2008-09-30": "28.10000", "2008-06-30": "61.80000", "2008-03-31": "38.50000", "2007-12-31": "23.50000", "2007-09-30": "32.70000", "2007-06-30": "33.90000", "2007-03-31": "22.10000", "2006-12-31": "-7.10000", "2006-09-30": "23.90000", "2006-06-30": "9.60000", "2006-03-31": "11.40000", "2005-12-31": "-2.60000", "2005-09-30": "36.90000", "2005-06-30": "60.20000", "2005-03-31": "15.20000"}, "Income Taxes": {"2020-09-30": "-30.20000", "2020-06-30": "6.40000", "2020-03-31": "15.70000", "2019-12-31": "-0.20000", "2019-09-30": "27.30000", "2019-06-30": "18.80000", "2019-03-31": "10.90000", "2018-12-31": "27.60000", "2018-09-30": "0.70000", "2018-06-30": "25.00000", "2018-03-31": "24.80000", "2017-12-31": "151.30000", "2017-09-30": "11.60000", "2017-06-30": "19.60000", "2017-03-31": "18.00000", "2016-12-31": "-3.10000", "2016-09-30": "19.40000", "2016-06-30": "21.50000", "2016-03-31": "21.20000", "2015-12-31": "16.70000", "2015-09-30": "17.70000", "2015-06-30": "17.90000", "2015-03-31": "17.50000", "2014-12-31": "-79.10000", "2014-09-30": "44.60000", "2014-06-30": "-7.70000", "2014-03-31": "29.80000", "2013-12-31": "-14.50000", "2013-09-30": "43.60000", "2013-06-30": "42.50000", "2013-03-31": "31.30000", "2012-12-31": "-163.60000", "2012-09-30": "35.40000", "2012-06-30": "35.80000", "2012-03-31": "30.80000", "2011-12-31": "-14.60000", "2011-09-30": "40.40000", "2011-06-30": "36.60000", "2011-03-31": "25.50000", "2010-12-31": "11.60000", "2010-09-30": "17.10000", "2010-06-30": "20.30000", "2010-03-31": "-16.50000", "2009-12-31": "-5.50000", "2009-09-30": "23.60000", "2009-06-30": "16.80000", "2009-03-31": "-23.40000", "2008-12-31": "-34.60000", "2008-09-30": "-4.30000", "2008-06-30": "25.30000", "2008-03-31": "17.90000", "2007-12-31": "-33.90000", "2007-09-30": "8.60000", "2007-06-30": "9.30000", "2007-03-31": "14.90000", "2006-12-31": "-2.60000", "2006-09-30": "-2.40000", "2006-06-30": "3.30000", "2006-03-31": "4.50000", "2005-12-31": "-4.70000", "2005-09-30": "-2.60000", "2005-06-30": "20.00000", "2005-03-31": "8.60000"}, "Income After Taxes": {"2020-09-30": "6.70000", "2020-06-30": "-9.60000", "2020-03-31": "42.10000", "2019-12-31": "-28.10000", "2019-09-30": "53.80000", "2019-06-30": "76.40000", "2019-03-31": "24.60000", "2018-12-31": "68.90000", "2018-09-30": "15.90000", "2018-06-30": "38.60000", "2018-03-31": "43.40000", "2017-12-31": "-123.10000", "2017-09-30": "47.10000", "2017-06-30": "43.50000", "2017-03-31": "42.90000", "2016-12-31": "17.60000", "2016-09-30": "41.30000", "2016-06-30": "37.90000", "2016-03-31": "10.20000", "2015-12-31": "27.50000", "2015-09-30": "33.60000", "2015-06-30": "32.60000", "2015-03-31": "30.20000", "2014-12-31": "-145.10000", "2014-09-30": "75.00000", "2014-06-30": "136.70000", "2014-03-31": "50.30000", "2013-12-31": "30.20000", "2013-09-30": "77.30000", "2013-06-30": "90.80000", "2013-03-31": "59.40000", "2012-12-31": "-166.00000", "2012-09-30": "76.00000", "2012-06-30": "69.70000", "2012-03-31": "61.30000", "2011-12-31": "8.40000", "2011-09-30": "81.20000", "2011-06-30": "75.50000", "2011-03-31": "54.00000", "2010-12-31": "44.80000", "2010-09-30": "54.90000", "2010-06-30": "51.00000", "2010-03-31": "56.70000", "2009-12-31": "46.50000", "2009-09-30": "50.80000", "2009-06-30": "22.70000", "2009-03-31": "-38.80000", "2008-12-31": "47.40000", "2008-09-30": "32.40000", "2008-06-30": "36.50000", "2008-03-31": "20.60000", "2007-12-31": "57.40000", "2007-09-30": "24.10000", "2007-06-30": "24.60000", "2007-03-31": "7.20000", "2006-12-31": "-4.50000", "2006-09-30": "26.30000", "2006-06-30": "6.30000", "2006-03-31": "6.90000", "2005-12-31": "2.10000", "2005-09-30": "39.50000", "2005-06-30": "40.20000", "2005-03-31": "6.60000"}, "Other Income": {"2020-09-30": "", "2020-06-30": "", "2020-03-31": "", "2019-12-31": "", "2019-09-30": "", "2019-06-30": "", "2019-03-31": "", "2018-12-31": "", "2018-09-30": "", "2018-06-30": "", "2018-03-31": "", "2017-12-31": "", "2017-09-30": "", "2017-06-30": "", "2017-03-31": "", "2016-12-31": "", "2016-09-30": "", "2016-06-30": "", "2016-03-31": "", "2015-12-31": "", "2015-09-30": "", "2015-06-30": "", "2015-03-31": "", "2014-12-31": "", "2014-09-30": "", "2014-06-30": "", "2014-03-31": "", "2013-12-31": "", "2013-09-30": "", "2013-06-30": "", "2013-03-31": "", "2012-12-31": "", "2012-09-30": "", "2012-06-30": "", "2012-03-31": "", "2011-12-31": "", "2011-09-30": "", "2011-06-30": "", "2011-03-31": "", "2010-12-31": "", "2010-09-30": "", "2010-06-30": "", "2010-03-31": "", "2009-12-31": "", "2009-09-30": "", "2009-06-30": "", "2009-03-31": "", "2008-12-31": "", "2008-09-30": "", "2008-06-30": "", "2008-03-31": "", "2007-12-31": "", "2007-09-30": "", "2007-06-30": "", "2007-03-31": "", "2006-12-31": "", "2006-09-30": "", "2006-06-30": "", "2006-03-31": "", "2005-12-31": "", "2005-09-30": "", "2005-06-30": "", "2005-03-31": ""}, "Income From Continuous Operations": {"2020-09-30": "6.70000", "2020-06-30": "-9.60000", "2020-03-31": "42.10000", "2019-12-31": "-28.10000", "2019-09-30": "53.80000", "2019-06-30": "76.40000", "2019-03-31": "24.60000", "2018-12-31": "68.90000", "2018-09-30": "15.90000", "2018-06-30": "38.60000", "2018-03-31": "43.40000", "2017-12-31": "-123.10000", "2017-09-30": "47.10000", "2017-06-30": "43.50000", "2017-03-31": "42.90000", "2016-12-31": "17.60000", "2016-09-30": "41.30000", "2016-06-30": "37.90000", "2016-03-31": "10.20000", "2015-12-31": "27.50000", "2015-09-30": "33.60000", "2015-06-30": "32.60000", "2015-03-31": "30.20000", "2014-12-31": "-145.10000", "2014-09-30": "75.00000", "2014-06-30": "136.70000", "2014-03-31": "50.30000", "2013-12-31": "30.20000", "2013-09-30": "77.30000", "2013-06-30": "90.80000", "2013-03-31": "59.40000", "2012-12-31": "-166.00000", "2012-09-30": "76.00000", "2012-06-30": "69.70000", "2012-03-31": "61.30000", "2011-12-31": "8.40000", "2011-09-30": "81.20000", "2011-06-30": "75.50000", "2011-03-31": "54.00000", "2010-12-31": "44.80000", "2010-09-30": "54.90000", "2010-06-30": "51.00000", "2010-03-31": "56.70000", "2009-12-31": "46.50000", "2009-09-30": "50.80000", "2009-06-30": "22.70000", "2009-03-31": "-38.80000", "2008-12-31": "50.30000", "2008-09-30": "32.40000", "2008-06-30": "36.50000", "2008-03-31": "17.70000", "2007-12-31": "68.90000", "2007-09-30": "19.10000", "2007-06-30": "20.50000", "2007-03-31": "4.80000", "2006-12-31": "-4.70000", "2006-09-30": "18.40000", "2006-06-30": "-5.20000", "2006-03-31": "0.10000", "2005-12-31": "-0.60000", "2005-09-30": "32.10000", "2005-06-30": "32.70000", "2005-03-31": "3.10000"}, "Income From Discontinued Operations": {"2020-09-30": "", "2020-06-30": "", "2020-03-31": "", "2019-12-31": "", "2019-09-30": "", "2019-06-30": "", "2019-03-31": "", "2018-12-31": "", "2018-09-30": "", "2018-06-30": "", "2018-03-31": "", "2017-12-31": "", "2017-09-30": "", "2017-06-30": "", "2017-03-31": "", "2016-12-31": "-2.00000", "2016-09-30": "-1.60000", "2016-06-30": "0.60000", "2016-03-31": "-9.90000", "2015-12-31": "-7.20000", "2015-09-30": "-19.90000", "2015-06-30": "24.80000", "2015-03-31": "22.50000", "2014-12-31": "", "2014-09-30": "", "2014-06-30": "", "2014-03-31": "", "2013-12-31": "", "2013-09-30": "", "2013-06-30": "", "2013-03-31": "", "2012-12-31": "", "2012-09-30": "", "2012-06-30": "", "2012-03-31": "", "2011-12-31": "", "2011-09-30": "", "2011-06-30": "", "2011-03-31": "", "2010-12-31": "", "2010-09-30": "", "2010-06-30": "", "2010-03-31": "", "2009-12-31": "", "2009-09-30": "", "2009-06-30": "", "2009-03-31": "", "2008-12-31": "", "2008-09-30": "", "2008-06-30": "", "2008-03-31": "", "2007-12-31": "", "2007-09-30": "", "2007-06-30": "", "2007-03-31": "", "2006-12-31": "", "2006-09-30": "", "2006-06-30": "", "2006-03-31": "", "2005-12-31": "", "2005-09-30": "", "2005-06-30": "", "2005-03-31": ""}, "Net Income": {"2020-09-30": "7.00000", "2020-06-30": "-7.30000", "2020-03-31": "42.00000", "2019-12-31": "-28.30000", "2019-09-30": "53.70000", "2019-06-30": "76.20000", "2019-03-31": "24.70000", "2018-12-31": "69.10000", "2018-09-30": "16.10000", "2018-06-30": "38.80000", "2018-03-31": "43.60000", "2017-12-31": "-123.00000", "2017-09-30": "47.40000", "2017-06-30": "43.90000", "2017-03-31": "42.90000", "2016-12-31": "15.30000", "2016-09-30": "39.60000", "2016-06-30": "38.70000", "2016-03-31": "0.50000", "2015-12-31": "20.30000", "2015-09-30": "13.80000", "2015-06-30": "57.40000", "2015-03-31": "52.70000", "2014-12-31": "15.50000", "2014-09-30": "74.50000", "2014-06-30": "136.20000", "2014-03-31": "50.10000", "2013-12-31": "29.70000", "2013-09-30": "77.00000", "2013-06-30": "90.30000", "2013-03-31": "59.10000", "2012-12-31": "-165.70000", "2012-09-30": "75.50000", "2012-06-30": "69.30000", "2012-03-31": "60.90000", "2011-12-31": "8.40000", "2011-09-30": "81.30000", "2011-06-30": "75.80000", "2011-03-31": "54.20000", "2010-12-31": "44.90000", "2010-09-30": "54.90000", "2010-06-30": "51.00000", "2010-03-31": "56.30000", "2009-12-31": "46.40000", "2009-09-30": "44.40000", "2009-06-30": "19.30000", "2009-03-31": "-38.90000", "2008-12-31": "43.40000", "2008-09-30": "28.30000", "2008-06-30": "32.10000", "2008-03-31": "17.70000", "2007-12-31": "44.40000", "2007-09-30": "19.10000", "2007-06-30": "20.50000", "2007-03-31": "4.80000", "2006-12-31": "-4.70000", "2006-09-30": "18.40000", "2006-06-30": "-5.20000", "2006-03-31": "0.10000", "2005-12-31": "-0.60000", "2005-09-30": "32.10000", "2005-06-30": "32.70000", "2005-03-31": "3.10000"}, "EBITDA": {"2020-09-30": "68.30000", "2020-06-30": "53.30000", "2020-03-31": "94.30000", "2019-12-31": "86.69990", "2019-09-30": "123.70000", "2019-06-30": "140.20000", "2019-03-31": "76.40000", "2018-12-31": "124.40000", "2018-09-30": "62.40000", "2018-06-30": "125.90000", "2018-03-31": "109.40000", "2017-12-31": "101.10000", "2017-09-30": "116.40000", "2017-06-30": "111.40000", "2017-03-31": "100.90000", "2016-12-31": "116.50000", "2016-09-30": "116.00000", "2016-06-30": "118.00000", "2016-03-31": "96.20000", "2015-12-31": "86.40000", "2015-09-30": "108.40000", "2015-06-30": "107.00000", "2015-03-31": "83.10000", "2014-12-31": "-230.10010", "2014-09-30": "193.90000", "2014-06-30": "190.60000", "2014-03-31": "145.90000", "2013-12-31": "213.79970", "2013-09-30": "167.70000", "2013-06-30": "172.90000", "2013-03-31": "139.90010", "2012-12-31": "87.49980", "2012-09-30": "149.60000", "2012-06-30": "165.00010", "2012-03-31": "131.60000", "2011-12-31": "62.80000", "2011-09-30": "166.40000", "2011-06-30": "155.90000", "2011-03-31": "119.40000", "2010-12-31": "98.09990", "2010-09-30": "109.20000", "2010-06-30": "110.50000", "2010-03-31": "83.40000", "2009-12-31": "82.60010", "2009-09-30": "113.89990", "2009-06-30": "88.60000", "2009-03-31": "-11.30010", "2008-12-31": "56.00030", "2008-09-30": "103.20010", "2008-06-30": "117.80000", "2008-03-31": "90.80000", "2007-12-31": "84.09980", "2007-09-30": "94.70000", "2007-06-30": "109.70000", "2007-03-31": "78.89990", "2006-12-31": "44.90020", "2006-09-30": "77.60000", "2006-06-30": "85.50000", "2006-03-31": "62.10000", "2005-12-31": "44.10000", "2005-09-30": "85.70000", "2005-06-30": "86.10000", "2005-03-31": "58.50000"}, "EBIT": {"2020-09-30": "42.10000", "2020-06-30": "27.90000", "2020-03-31": "68.80000", "2019-12-31": "61.69990", "2019-09-30": "98.20000", "2019-06-30": "115.30000", "2019-03-31": "51.50000", "2018-12-31": "99.70000", "2018-09-30": "37.20000", "2018-06-30": "100.00000", "2018-03-31": "84.40000", "2017-12-31": "72.20000", "2017-09-30": "88.00000", "2017-06-30": "84.30000", "2017-03-31": "73.80000", "2016-12-31": "90.00000", "2016-09-30": "89.00000", "2016-06-30": "94.40000", "2016-03-31": "73.00000", "2015-12-31": "62.00000", "2015-09-30": "83.80000", "2015-06-30": "82.00000", "2015-03-31": "57.90000", "2014-12-31": "-230.50010", "2014-09-30": "159.60000", "2014-06-30": "156.60000", "2014-03-31": "111.90000", "2013-12-31": "182.49990", "2013-09-30": "137.70000", "2013-06-30": "142.20000", "2013-03-31": "108.80000", "2012-12-31": "57.39980", "2012-09-30": "119.90000", "2012-06-30": "135.20010", "2012-03-31": "102.20000", "2011-12-31": "32.70000", "2011-09-30": "135.40000", "2011-06-30": "126.20000", "2011-03-31": "90.20000", "2010-12-31": "69.39980", "2010-09-30": "82.00000", "2010-06-30": "80.30000", "2010-03-31": "53.90000", "2009-12-31": "54.10020", "2009-09-30": "85.79990", "2009-06-30": "59.70000", "2009-03-31": "-38.80010", "2008-12-31": "28.10000", "2008-09-30": "73.30010", "2008-06-30": "87.10000", "2008-03-31": "60.60000", "2007-12-31": "54.19980", "2007-09-30": "66.40000", "2007-06-30": "82.10000", "2007-03-31": "51.29990", "2006-12-31": "17.10010", "2006-09-30": "48.40000", "2006-06-30": "57.10000", "2006-03-31": "34.00000", "2005-12-31": "14.40000", "2005-09-30": "55.20000", "2005-06-30": "54.20000", "2005-03-31": "29.70000"}, "Basic Shares Outstanding": {"2020-09-30": "66.20000", "2020-06-30": "66.20000", "2020-03-31": "66.50000", "2019-12-31": "66.80000", "2019-09-30": "66.70000", "2019-06-30": "66.80000", "2019-03-31": "66.80000", "2018-12-31": "67.20000", "2018-09-30": "67.10000", "2018-06-30": "67.30000", "2018-03-31": "67.60000", "2017-12-31": "68.10000", "2017-09-30": "67.90000", "2017-06-30": "68.30000", "2017-03-31": "68.30000", "2016-12-31": "70.10000", "2016-09-30": "70.30000", "2016-06-30": "70.50000", "2016-03-31": "70.60000", "2015-12-31": "72.00000", "2015-09-30": "72.10000", "2015-06-30": "72.60000", "2015-03-31": "72.80000", "2014-12-31": "75.30000", "2014-09-30": "74.70000", "2014-06-30": "75.90000", "2014-03-31": "77.00000", "2013-12-31": "76.40000", "2013-09-30": "76.70000", "2013-06-30": "76.30000", "2013-03-31": "75.70000", "2012-12-31": "74.90000", "2012-09-30": "75.00000", "2012-06-30": "74.70000", "2012-03-31": "74.30000", "2011-12-31": "73.60000", "2011-09-30": "73.70000", "2011-06-30": "73.40000", "2011-03-31": "73.20000", "2010-12-31": "72.70000", "2010-09-30": "72.80000", "2010-06-30": "72.70000", "2010-03-31": "72.40000", "2009-12-31": "72.20000", "2009-09-30": "72.20000", "2009-06-30": "72.20000", "2009-03-31": "72.20000", "2008-12-31": "72.00000", "2008-09-30": "72.20000", "2008-06-30": "72.10000", "2008-03-31": "71.70000", "2007-12-31": "70.10000", "2007-09-30": "70.20000", "2007-06-30": "70.10000", "2007-03-31": "69.40000", "2006-12-31": "67.90000", "2006-09-30": "68.30000", "2006-06-30": "67.90000", "2006-03-31": "67.00000", "2005-12-31": "66.80000", "2005-09-30": "66.90000", "2005-06-30": "66.90000", "2005-03-31": "66.60000"}, "Shares Outstanding": {"2020-09-30": "66.20000", "2020-06-30": "66.20000", "2020-03-31": "66.50000", "2019-12-31": "66.90000", "2019-09-30": "66.80000", "2019-06-30": "67.00000", "2019-03-31": "66.90000", "2018-12-31": "67.30000", "2018-09-30": "67.20000", "2018-06-30": "67.40000", "2018-03-31": "67.70000", "2017-12-31": "68.20000", "2017-09-30": "68.00000", "2017-06-30": "68.40000", "2017-03-31": "68.50000", "2016-12-31": "70.50000", "2016-09-30": "70.70000", "2016-06-30": "70.90000", "2016-03-31": "71.10000", "2015-12-31": "72.60000", "2015-09-30": "72.70000", "2015-06-30": "73.20000", "2015-03-31": "73.50000", "2014-12-31": "76.20000", "2014-09-30": "75.60000", "2014-06-30": "76.80000", "2014-03-31": "78.10000", "2013-12-31": "77.70000", "2013-09-30": "77.90000", "2013-06-30": "77.60000", "2013-03-31": "77.20000", "2012-12-31": "76.30000", "2012-09-30": "76.40000", "2012-06-30": "76.60000", "2012-03-31": "76.40000", "2011-12-31": "75.50000", "2011-09-30": "75.70000", "2011-06-30": "75.60000", "2011-03-31": "75.10000", "2010-12-31": "74.40000", "2010-09-30": "74.30000", "2010-06-30": "74.40000", "2010-03-31": "74.40000", "2009-12-31": "72.60000", "2009-09-30": "72.90000", "2009-06-30": "72.90000", "2009-03-31": "72.20000", "2008-12-31": "72.50000", "2008-09-30": "72.80000", "2008-06-30": "72.90000", "2008-03-31": "72.40000", "2007-12-31": "71.60000", "2007-09-30": "71.50000", "2007-06-30": "71.80000", "2007-03-31": "70.50000", "2006-12-31": "68.30000", "2006-09-30": "68.50000", "2006-06-30": "67.90000", "2006-03-31": "67.30000", "2005-12-31": "67.30000", "2005-09-30": "67.20000", "2005-06-30": "67.20000", "2005-03-31": "67.30000"}, "Basic EPS": {"2020-09-30": "0.11000", "2020-06-30": "-0.11000", "2020-03-31": "0.63000", "2019-12-31": "-0.43000", "2019-09-30": "0.81000", "2019-06-30": "1.14000", "2019-03-31": "0.37000", "2018-12-31": "1.03000", "2018-09-30": "0.24000", "2018-06-30": "0.58000", "2018-03-31": "0.64000", "2017-12-31": "-1.81000", "2017-09-30": "0.70000", "2017-06-30": "0.64000", "2017-03-31": "0.63000", "2016-12-31": "0.22000", "2016-09-30": "0.56000", "2016-06-30": "0.55000", "2016-03-31": "0.01000", "2015-12-31": "0.30000", "2015-09-30": "0.19000", "2015-06-30": "0.79000", "2015-03-31": "0.72000", "2014-12-31": "0.23000", "2014-09-30": "1.00000", "2014-06-30": "1.79000", "2014-03-31": "0.65000", "2013-12-31": "0.39000", "2013-09-30": "1.00000", "2013-06-30": "1.18000", "2013-03-31": "0.78000", "2012-12-31": "-2.23000", "2012-09-30": "1.01000", "2012-06-30": "0.93000", "2012-03-31": "0.82000", "2011-12-31": "0.12000", "2011-09-30": "1.10000", "2011-06-30": "1.03000", "2011-03-31": "0.74000", "2010-12-31": "0.62000", "2010-09-30": "0.75000", "2010-06-30": "0.70000", "2010-03-31": "0.78000", "2009-12-31": "0.65000", "2009-09-30": "0.61000", "2009-06-30": "0.27000", "2009-03-31": "-0.54000", "2008-12-31": "0.60000", "2008-09-30": "0.39000", "2008-06-30": "0.45000", "2008-03-31": "0.25000", "2007-12-31": "0.64000", "2007-09-30": "0.27000", "2007-06-30": "0.29000", "2007-03-31": "0.07000", "2006-12-31": "-0.06000", "2006-09-30": "0.27000", "2006-06-30": "-0.08000", "2006-03-31": "0.00000", "2005-12-31": "-0.01000", "2005-09-30": "0.48000", "2005-06-30": "0.49000", "2005-03-31": "0.05000"}, "EPS - Earnings Per Share": {"2020-09-30": "0.11000", "2020-06-30": "-0.11000", "2020-03-31": "0.63000", "2019-12-31": "-0.42000", "2019-09-30": "0.80000", "2019-06-30": "1.14000", "2019-03-31": "0.37000", "2018-12-31": "1.03000", "2018-09-30": "0.24000", "2018-06-30": "0.58000", "2018-03-31": "0.64000", "2017-12-31": "-1.81000", "2017-09-30": "0.70000", "2017-06-30": "0.64000", "2017-03-31": "0.63000", "2016-12-31": "0.21000", "2016-09-30": "0.56000", "2016-06-30": "0.55000", "2016-03-31": "0.01000", "2015-12-31": "0.30000", "2015-09-30": "0.19000", "2015-06-30": "0.78000", "2015-03-31": "0.72000", "2014-12-31": "0.23000", "2014-09-30": "0.99000", "2014-06-30": "1.77000", "2014-03-31": "0.64000", "2013-12-31": "0.38000", "2013-09-30": "0.99000", "2013-06-30": "1.16000", "2013-03-31": "0.77000", "2012-12-31": "-2.17000", "2012-09-30": "0.99000", "2012-06-30": "0.90000", "2012-03-31": "0.80000", "2011-12-31": "0.12000", "2011-09-30": "1.07000", "2011-06-30": "1.00000", "2011-03-31": "0.72000", "2010-12-31": "0.59000", "2010-09-30": "0.74000", "2010-06-30": "0.69000", "2010-03-31": "0.76000", "2009-12-31": "0.65000", "2009-09-30": "0.61000", "2009-06-30": "0.26000", "2009-03-31": "-0.54000", "2008-12-31": "0.61000", "2008-09-30": "0.39000", "2008-06-30": "0.44000", "2008-03-31": "0.24000", "2007-12-31": "0.61000", "2007-09-30": "0.27000", "2007-06-30": "0.29000", "2007-03-31": "0.07000", "2006-12-31": "-0.06000", "2006-09-30": "0.27000", "2006-06-30": "-0.08000", "2006-03-31": "0.00000", "2005-12-31": "-0.02000", "2005-09-30": "0.48000", "2005-06-30": "0.49000", "2005-03-31": "0.05000"}}, "balance sheet": {"Cash On Hand": {"2019-12-31": "282.90000", "2018-12-31": "201.00000", "2017-12-31": "163.50000", "2016-12-31": "100.60000", "2015-12-31": "240.70000", "2014-12-31": "557.50000", "2013-12-31": "1360.20000", "2012-12-31": "1534.50000", "2011-12-31": "1184.80000", "2010-12-31": "1113.50000", "2009-12-31": "893.00000", "2008-12-31": "481.70000", "2007-12-31": "578.80000", "2006-12-31": "538.70000", "2005-12-31": "474.70000"}, "Receivables": {"2019-12-31": "307.00000", "2018-12-31": "288.50000", "2017-12-31": "285.20000", "2016-12-31": "273.90000", "2015-12-31": "254.50000", "2014-12-31": "481.10000", "2013-12-31": "481.80000", "2012-12-31": "490.40000", "2011-12-31": "473.00000", "2010-12-31": "386.10000", "2009-12-31": "365.80000", "2008-12-31": "462.60000", "2007-12-31": "500.60000", "2006-12-31": "426.30000", "2005-12-31": "401.70000"}, "Inventory": {"2019-12-31": "309.90000", "2018-12-31": "281.10000", "2017-12-31": "230.90000", "2016-12-31": "228.00000", "2015-12-31": "198.80000", "2014-12-31": "332.80000", "2013-12-31": "295.30000", "2012-12-31": "283.60000", "2011-12-31": "329.10000", "2010-12-31": "259.30000", "2009-12-31": "220.60000", "2008-12-31": "354.80000", "2007-12-31": "362.90000", "2006-12-31": "284.60000", "2005-12-31": "278.30000"}, "Pre-Paid Expenses": {"2019-12-31": "", "2018-12-31": "", "2017-12-31": "", "2016-12-31": "", "2015-12-31": "", "2014-12-31": "", "2013-12-31": "", "2012-12-31": "", "2011-12-31": "", "2010-12-31": "", "2009-12-31": "", "2008-12-31": "", "2007-12-31": "", "2006-12-31": "", "2005-12-31": ""}, "Other Current Assets": {"2019-12-31": "235.10000", "2018-12-31": "86.70000", "2017-12-31": "49.00000", "2016-12-31": "52.30000", "2015-12-31": "44.10000", "2014-12-31": "84.10000", "2013-12-31": "99.00000", "2012-12-31": "78.40000", "2011-12-31": "93.00000", "2010-12-31": "90.60000", "2009-12-31": "80.40000", "2008-12-31": "153.30000", "2007-12-31": "157.90000", "2006-12-31": "81.40000", "2005-12-31": "84.80000"}, "Total Current Assets": {"2019-12-31": "1134.90000", "2018-12-31": "857.30000", "2017-12-31": "728.60000", "2016-12-31": "654.80000", "2015-12-31": "1184.50000", "2014-12-31": "1455.50000", "2013-12-31": "2294.40000", "2012-12-31": "2445.20000", "2011-12-31": "2146.40000", "2010-12-31": "1904.20000", "2009-12-31": "1628.70000", "2008-12-31": "1498.20000", "2007-12-31": "1637.90000", "2006-12-31": "1368.80000", "2005-12-31": "1266.30000"}, "Property, Plant, And Equipment": {"2019-12-31": "1143.80000", "2018-12-31": "1011.70000", "2017-12-31": "799.10000", "2016-12-31": "729.60000", "2015-12-31": "621.70000", "2014-12-31": "833.50000", "2013-12-31": "829.90000", "2012-12-31": "770.50000", "2011-12-31": "723.50000", "2010-12-31": "702.50000", "2009-12-31": "690.10000", "2008-12-31": "710.60000", "2007-12-31": "706.10000", "2006-12-31": "664.50000", "2005-12-31": "632.90000"}, "Long-Term Investments": {"2019-12-31": "181.90000", "2018-12-31": "156.10000", "2017-12-31": "125.90000", "2016-12-31": "117.60000", "2015-12-31": "103.20000", "2014-12-31": "113.10000", "2013-12-31": "96.20000", "2012-12-31": "85.50000", "2011-12-31": "70.80000", "2010-12-31": "56.40000", "2009-12-31": "45.70000", "2008-12-31": "7.90000", "2007-12-31": "", "2006-12-31": "", "2005-12-31": ""}, "Goodwill And Intangible Assets": {"2019-12-31": "899.70000", "2018-12-31": "896.90000", "2017-12-31": "657.80000", "2016-12-31": "663.30000", "2015-12-31": "564.00000", "2014-12-31": "740.90000", "2013-12-31": "773.00000", "2012-12-31": "279.40000", "2011-12-31": "218.80000", "2010-12-31": "125.50000", "2009-12-31": "118.60000", "2008-12-31": "117.10000", "2007-12-31": "122.30000", "2006-12-31": "116.50000", "2005-12-31": "103.90000"}, "Other Long-Term Assets": {"2019-12-31": "54.70000", "2018-12-31": "113.90000", "2017-12-31": "39.10000", "2016-12-31": "37.10000", "2015-12-31": "33.90000", "2014-12-31": "60.70000", "2013-12-31": "40.00000", "2012-12-31": "24.50000", "2011-12-31": "38.00000", "2010-12-31": "102.50000", "2009-12-31": "105.00000", "2008-12-31": "141.40000", "2007-12-31": "140.50000", "2006-12-31": "220.70000", "2005-12-31": "234.90000"}, "Total Long-Term Assets": {"2019-12-31": "2797.70000", "2018-12-31": "2708.00000", "2017-12-31": "2178.40000", "2016-12-31": "2257.00000", "2015-12-31": "2461.20000", "2014-12-31": "2638.10000", "2013-12-31": "3101.70000", "2012-12-31": "2645.20000", "2011-12-31": "2347.60000", "2010-12-31": "2367.50000", "2009-12-31": "2339.50000", "2008-12-31": "2377.30000", "2007-12-31": "2270.50000", "2006-12-31": "2268.60000", "2005-12-31": "2272.30000"}, "Total Assets": {"2019-12-31": "3932.60000", "2018-12-31": "3565.30000", "2017-12-31": "2907.00000", "2016-12-31": "2911.80000", "2015-12-31": "3645.70000", "2014-12-31": "4093.60000", "2013-12-31": "5396.10000", "2012-12-31": "5090.40000", "2011-12-31": "4494.00000", "2010-12-31": "4271.70000", "2009-12-31": "3968.20000", "2008-12-31": "3875.50000", "2007-12-31": "3908.40000", "2006-12-31": "3637.40000", "2005-12-31": "3538.60000"}, "Total Current Liabilities": {"2019-12-31": "745.10000", "2018-12-31": "514.40000", "2017-12-31": "448.20000", "2016-12-31": "480.80000", "2015-12-31": "707.40000", "2014-12-31": "1180.60000", "2013-12-31": "635.60000", "2012-12-31": "646.30000", "2011-12-31": "632.90000", "2010-12-31": "532.90000", "2009-12-31": "494.70000", "2008-12-31": "533.10000", "2007-12-31": "521.10000", "2006-12-31": "448.60000", "2005-12-31": "390.30000"}, "Long Term Debt": {"2019-12-31": "1957.30000", "2018-12-31": "1961.00000", "2017-12-31": "1523.80000", "2016-12-31": "1507.60000", "2015-12-31": "2111.50000", "2014-12-31": "1919.00000", "2013-12-31": "29.60000", "2012-12-31": "35.80000", "2011-12-31": "21.60000", "2010-12-31": "15.50000", "2009-12-31": "10.90000", "2008-12-31": "0.60000", "2007-12-31": "0.30000", "2006-12-31": "0.20000", "2005-12-31": "0.40000"}, "Other Non-Current Liabilities": {"2019-12-31": "308.20000", "2018-12-31": "319.80000", "2017-12-31": "169.30000", "2016-12-31": "126.70000", "2015-12-31": "125.70000", "2014-12-31": "148.30000", "2013-12-31": "3841.90000", "2012-12-31": "3664.90000", "2011-12-31": "3244.80000", "2010-12-31": "3217.70000", "2009-12-31": "3188.50000", "2008-12-31": "3159.50000", "2007-12-31": "3323.70000", "2006-12-31": "3264.90000", "2005-12-31": "3196.80000"}, "Total Long Term Liabilities": {"2019-12-31": "2785.30000", "2018-12-31": "2713.90000", "2017-12-31": "2195.50000", "2016-12-31": "2058.60000", "2015-12-31": "2725.80000", "2014-12-31": "2544.00000", "2013-12-31": "4189.30000", "2012-12-31": "4124.30000", "2011-12-31": "3693.60000", "2010-12-31": "3807.60000", "2009-12-31": "3764.00000", "2008-12-31": "3696.20000", "2007-12-31": "3736.90000", "2006-12-31": "3738.60000", "2005-12-31": "3743.60000"}, "Total Liabilities": {"2019-12-31": "3530.40000", "2018-12-31": "3228.30000", "2017-12-31": "2643.70000", "2016-12-31": "2539.40000", "2015-12-31": "3433.20000", "2014-12-31": "3724.60000", "2013-12-31": "4824.90000", "2012-12-31": "4770.60000", "2011-12-31": "4326.50000", "2010-12-31": "4340.50000", "2009-12-31": "4258.70000", "2008-12-31": "4229.30000", "2007-12-31": "4258.00000", "2006-12-31": "4187.20000", "2005-12-31": "4133.90000"}, "Common Stock Net": {"2019-12-31": "0.70000", "2018-12-31": "0.70000", "2017-12-31": "0.70000", "2016-12-31": "0.70000", "2015-12-31": "0.70000", "2014-12-31": "0.70000", "2013-12-31": "0.80000", "2012-12-31": "0.80000", "2011-12-31": "0.70000", "2010-12-31": "0.70000", "2009-12-31": "0.70000", "2008-12-31": "0.80000", "2007-12-31": "0.80000", "2006-12-31": "0.80000", "2005-12-31": "0.80000"}, "Retained Earnings (Accumulated Deficit)": {"2019-12-31": "730.50000", "2018-12-31": "676.70000", "2017-12-31": "573.10000", "2016-12-31": "619.30000", "2015-12-31": "436.30000", "2014-12-31": "292.10000", "2013-12-31": "15.80000", "2012-12-31": "-240.30000", "2011-12-31": "301.10000", "2010-12-31": "31.70000", "2009-12-31": "-175.40000", "2008-12-31": "-246.60000", "2007-12-31": "-368.10000", "2006-12-31": "-487.60000", "2005-12-31": "-505.90000"}, "Comprehensive Income": {"2019-12-31": "78.80000", "2018-12-31": "67.90000", "2017-12-31": "39.90000", "2016-12-31": "66.40000", "2015-12-31": "-66.80000", "2014-12-31": "-23.80000", "2013-12-31": "10.60000", "2012-12-31": "29.70000", "2011-12-31": "-578.50000", "2010-12-31": "-518.10000", "2009-12-31": "-514.50000", "2008-12-31": "-560.30000", "2007-12-31": "-350.10000", "2006-12-31": "-390.80000", "2005-12-31": "-393.90000"}, "Other Share Holders Equity": {"2019-12-31": "", "2018-12-31": "", "2017-12-31": "", "2016-12-31": "", "2015-12-31": "", "2014-12-31": "", "2013-12-31": "", "2012-12-31": "", "2011-12-31": "", "2010-12-31": "", "2009-12-31": "", "2008-12-31": "", "2007-12-31": "", "2006-12-31": "", "2005-12-31": ""}, "Share Holder Equity": {"2019-12-31": "402.20000", "2018-12-31": "337.00000", "2017-12-31": "263.30000", "2016-12-31": "372.40000", "2015-12-31": "212.50000", "2014-12-31": "369.00000", "2013-12-31": "571.20000", "2012-12-31": "319.80000", "2011-12-31": "167.50000", "2010-12-31": "-68.80000", "2009-12-31": "-290.50000", "2008-12-31": "-353.80000", "2007-12-31": "-349.60000", "2006-12-31": "-549.80000", "2005-12-31": "-595.30000"}, "Total Liabilities And Share Holders Equity": {"2019-12-31": "3932.60000", "2018-12-31": "3565.30000", "2017-12-31": "2907.00000", "2016-12-31": "2911.80000", "2015-12-31": "3645.70000", "2014-12-31": "4093.60000", "2013-12-31": "5396.10000", "2012-12-31": "5090.40000", "2011-12-31": "4494.00000", "2010-12-31": "4271.70000", "2009-12-31": "3968.20000", "2008-12-31": "3875.50000", "2007-12-31": "3908.40000", "2006-12-31": "3637.40000", "2005-12-31": "3538.60000"}}, "balance sheet, quarterly": {"Cash On Hand": {"2020-09-30": "268.90000", "2020-06-30": "997.80000", "2020-03-31": "193.70000", "2019-12-31": "282.90000", "2019-09-30": "218.90000", "2019-06-30": "159.90000", "2019-03-31": "203.80000", "2018-12-31": "201.00000", "2018-09-30": "153.30000", "2018-06-30": "132.80000", "2018-03-31": "151.30000", "2017-12-31": "163.50000", "2017-09-30": "186.50000", "2017-06-30": "172.60000", "2017-03-31": "86.40000", "2016-12-31": "100.60000", "2016-09-30": "214.20000", "2016-06-30": "204.00000", "2016-03-31": "423.90000", "2015-12-31": "240.70000", "2015-09-30": "331.10000", "2015-06-30": "366.90000", "2015-03-31": "326.80000", "2014-12-31": "557.50000", "2014-09-30": "608.00000", "2014-06-30": "283.90000", "2014-03-31": "422.90000", "2013-12-31": "1360.20000", "2013-09-30": "1739.90000", "2013-06-30": "1610.90000", "2013-03-31": "1521.40000", "2012-12-31": "1534.50000", "2012-09-30": "1411.80000", "2012-06-30": "1251.60000", "2012-03-31": "1147.80000", "2011-12-31": "1184.80000", "2011-09-30": "1049.30000", "2011-06-30": "1006.90000", "2011-03-31": "917.80000", "2010-12-31": "1113.50000", "2010-09-30": "1000.40000", "2010-06-30": "923.10000", "2010-03-31": "859.90000", "2009-12-31": "893.00000", "2009-09-30": "770.20000", "2009-06-30": "621.90000", "2009-03-31": "569.30000", "2008-12-31": "481.70000", "2008-09-30": "360.30000", "2008-06-30": "445.90000", "2008-03-31": "524.80000", "2007-12-31": "578.80000", "2007-09-30": "563.50000", "2007-06-30": "522.40000", "2007-03-31": "479.30000", "2006-12-31": "538.70000", "2006-09-30": "453.70000", "2006-06-30": "443.20000", "2006-03-31": "415.40000", "2005-12-31": "474.70000", "2005-09-30": "463.50000", "2005-06-30": "404.00000", "2005-03-31": "474.80000"}, "Receivables": {"2020-09-30": "239.80000", "2020-06-30": "218.60000", "2020-03-31": "258.30000", "2019-12-31": "307.00000", "2019-09-30": "265.60000", "2019-06-30": "310.00000", "2019-03-31": "257.80000", "2018-12-31": "288.50000", "2018-09-30": "279.20000", "2018-06-30": "277.50000", "2018-03-31": "269.10000", "2017-12-31": "285.20000", "2017-09-30": "253.10000", "2017-06-30": "265.00000", "2017-03-31": "244.50000", "2016-12-31": "273.90000", "2016-09-30": "252.70000", "2016-06-30": "216.50000", "2016-03-31": "209.10000", "2015-12-31": "254.50000", "2015-09-30": "455.20000", "2015-06-30": "480.90000", "2015-03-31": "447.90000", "2014-12-31": "481.10000", "2014-09-30": "527.30000", "2014-06-30": "539.90000", "2014-03-31": "504.70000", "2013-12-31": "481.80000", "2013-09-30": "483.90000", "2013-06-30": "481.50000", "2013-03-31": "443.40000", "2012-12-31": "490.40000", "2012-09-30": "483.40000", "2012-06-30": "510.50000", "2012-03-31": "471.70000", "2011-12-31": "473.00000", "2011-09-30": "480.20000", "2011-06-30": "501.00000", "2011-03-31": "429.50000", "2010-12-31": "386.10000", "2010-09-30": "413.30000", "2010-06-30": "393.70000", "2010-03-31": "376.40000", "2009-12-31": "365.80000", "2009-09-30": "442.10000", "2009-06-30": "452.20000", "2009-03-31": "407.40000", "2008-12-31": "462.60000", "2008-09-30": "531.10000", "2008-06-30": "534.90000", "2008-03-31": "488.10000", "2007-12-31": "500.60000", "2007-09-30": "492.90000", "2007-06-30": "493.80000", "2007-03-31": "446.70000", "2006-12-31": "426.30000", "2006-09-30": "486.50000", "2006-06-30": "472.40000", "2006-03-31": "432.40000", "2005-12-31": "401.70000", "2005-09-30": "426.00000", "2005-06-30": "435.40000", "2005-03-31": "400.10000"}, "Inventory": {"2020-09-30": "255.70000", "2020-06-30": "267.10000", "2020-03-31": "339.10000", "2019-12-31": "309.90000", "2019-09-30": "336.50000", "2019-06-30": "318.20000", "2019-03-31": "316.20000", "2018-12-31": "281.10000", "2018-09-30": "319.00000", "2018-06-30": "307.40000", "2018-03-31": "256.20000", "2017-12-31": "230.90000", "2017-09-30": "239.50000", "2017-06-30": "236.50000", "2017-03-31": "234.10000", "2016-12-31": "228.00000", "2016-09-30": "236.10000", "2016-06-30": "233.80000", "2016-03-31": "211.80000", "2015-12-31": "198.80000", "2015-09-30": "323.10000", "2015-06-30": "322.80000", "2015-03-31": "325.10000", "2014-12-31": "332.80000", "2014-09-30": "337.30000", "2014-06-30": "334.60000", "2014-03-31": "324.80000", "2013-12-31": "295.30000", "2013-09-30": "314.80000", "2013-06-30": "313.40000", "2013-03-31": "317.80000", "2012-12-31": "283.60000", "2012-09-30": "309.00000", "2012-06-30": "317.00000", "2012-03-31": "358.50000", "2011-12-31": "329.10000", "2011-09-30": "355.10000", "2011-06-30": "313.20000", "2011-03-31": "303.60000", "2010-12-31": "259.30000", "2010-09-30": "267.40000", "2010-06-30": "244.50000", "2010-03-31": "237.00000", "2009-12-31": "220.60000", "2009-09-30": "261.20000", "2009-06-30": "275.40000", "2009-03-31": "288.60000", "2008-12-31": "354.80000", "2008-09-30": "431.40000", "2008-06-30": "368.70000", "2008-03-31": "371.90000", "2007-12-31": "362.90000", "2007-09-30": "298.70000", "2007-06-30": "287.00000", "2007-03-31": "306.80000", "2006-12-31": "284.60000", "2006-09-30": "287.40000", "2006-06-30": "309.30000", "2006-03-31": "301.20000", "2005-12-31": "278.30000", "2005-09-30": "261.10000", "2005-06-30": "266.40000", "2005-03-31": "258.30000"}, "Pre-Paid Expenses": {"2020-09-30": "", "2020-06-30": "", "2020-03-31": "", "2019-12-31": "", "2019-09-30": "", "2019-06-30": "", "2019-03-31": "", "2018-12-31": "", "2018-09-30": "", "2018-06-30": "", "2018-03-31": "", "2017-12-31": "", "2017-09-30": "", "2017-06-30": "", "2017-03-31": "", "2016-12-31": "", "2016-09-30": "", "2016-06-30": "", "2016-03-31": "", "2015-12-31": "", "2015-09-30": "", "2015-06-30": "", "2015-03-31": "", "2014-12-31": "", "2014-09-30": "", "2014-06-30": "", "2014-03-31": "", "2013-12-31": "", "2013-09-30": "", "2013-06-30": "", "2013-03-31": "", "2012-12-31": "", "2012-09-30": "", "2012-06-30": "", "2012-03-31": "", "2011-12-31": "", "2011-09-30": "", "2011-06-30": "", "2011-03-31": "", "2010-12-31": "", "2010-09-30": "", "2010-06-30": "", "2010-03-31": "", "2009-12-31": "", "2009-09-30": "", "2009-06-30": "", "2009-03-31": "", "2008-12-31": "", "2008-09-30": "", "2008-06-30": "", "2008-03-31": "", "2007-12-31": "", "2007-09-30": "", "2007-06-30": "", "2007-03-31": "", "2006-12-31": "", "2006-09-30": "", "2006-06-30": "", "2006-03-31": "", "2005-12-31": "", "2005-09-30": "", "2005-06-30": "", "2005-03-31": ""}, "Other Current Assets": {"2020-09-30": "69.20000", "2020-06-30": "236.10000", "2020-03-31": "245.10000", "2019-12-31": "235.10000", "2019-09-30": "230.50000", "2019-06-30": "219.60000", "2019-03-31": "202.80000", "2018-12-31": "86.70000", "2018-09-30": "94.40000", "2018-06-30": "70.70000", "2018-03-31": "51.00000", "2017-12-31": "49.00000", "2017-09-30": "36.30000", "2017-06-30": "41.40000", "2017-03-31": "63.80000", "2016-12-31": "52.30000", "2016-09-30": "45.30000", "2016-06-30": "55.80000", "2016-03-31": "49.10000", "2015-12-31": "44.10000", "2015-09-30": "77.30000", "2015-06-30": "88.90000", "2015-03-31": "95.30000", "2014-12-31": "84.10000", "2014-09-30": "100.00000", "2014-06-30": "92.30000", "2014-03-31": "113.90000", "2013-12-31": "99.00000", "2013-09-30": "140.40000", "2013-06-30": "91.40000", "2013-03-31": "94.40000", "2012-12-31": "78.40000", "2012-09-30": "95.10000", "2012-06-30": "94.30000", "2012-03-31": "86.50000", "2011-12-31": "93.00000", "2011-09-30": "107.10000", "2011-06-30": "77.60000", "2011-03-31": "97.10000", "2010-12-31": "90.60000", "2010-09-30": "88.10000", "2010-06-30": "85.30000", "2010-03-31": "88.70000", "2009-12-31": "80.40000", "2009-09-30": "75.30000", "2009-06-30": "65.70000", "2009-03-31": "77.20000", "2008-12-31": "153.30000", "2008-09-30": "115.70000", "2008-06-30": "156.60000", "2008-03-31": "168.60000", "2007-12-31": "157.90000", "2007-09-30": "77.10000", "2007-06-30": "71.40000", "2007-03-31": "82.90000", "2006-12-31": "81.40000", "2006-09-30": "56.30000", "2006-06-30": "54.30000", "2006-03-31": "57.90000", "2005-12-31": "84.80000", "2005-09-30": "63.10000", "2005-06-30": "54.80000", "2005-03-31": "56.70000"}, "Total Current Assets": {"2020-09-30": "833.60000", "2020-06-30": "1719.60000", "2020-03-31": "1036.20000", "2019-12-31": "1134.90000", "2019-09-30": "1051.50000", "2019-06-30": "1007.70000", "2019-03-31": "980.60000", "2018-12-31": "857.30000", "2018-09-30": "845.90000", "2018-06-30": "788.40000", "2018-03-31": "727.60000", "2017-12-31": "728.60000", "2017-09-30": "715.40000", "2017-06-30": "715.50000", "2017-03-31": "628.80000", "2016-12-31": "654.80000", "2016-09-30": "748.30000", "2016-06-30": "710.10000", "2016-03-31": "893.90000", "2015-12-31": "1184.50000", "2015-09-30": "1426.30000", "2015-06-30": "1503.50000", "2015-03-31": "1338.80000", "2014-12-31": "1455.50000", "2014-09-30": "1799.90000", "2014-06-30": "1466.00000", "2014-03-31": "1597.60000", "2013-12-31": "2294.40000", "2013-09-30": "2689.60000", "2013-06-30": "2549.80000", "2013-03-31": "2429.60000", "2012-12-31": "2445.20000", "2012-09-30": "2358.10000", "2012-06-30": "2234.70000", "2012-03-31": "2133.20000", "2011-12-31": "2146.40000", "2011-09-30": "2063.80000", "2011-06-30": "1947.40000", "2011-03-31": "1818.50000", "2010-12-31": "1904.20000", "2010-09-30": "1835.20000", "2010-06-30": "1711.50000", "2010-03-31": "1627.80000", "2009-12-31": "1628.70000", "2009-09-30": "1591.30000", "2009-06-30": "1458.30000", "2009-03-31": "1387.20000", "2008-12-31": "1498.20000", "2008-09-30": "1487.20000", "2008-06-30": "1603.10000", "2008-03-31": "1588.10000", "2007-12-31": "1637.90000", "2007-09-30": "1471.00000", "2007-06-30": "1411.40000", "2007-03-31": "1348.40000", "2006-12-31": "1368.80000", "2006-09-30": "1313.20000", "2006-06-30": "1305.80000", "2006-03-31": "1233.60000", "2005-12-31": "1266.30000", "2005-09-30": "1243.50000", "2005-06-30": "1182.30000", "2005-03-31": "1206.80000"}, "Property, Plant, And Equipment": {"2020-09-30": "1156.50000", "2020-06-30": "1144.40000", "2020-03-31": "1153.20000", "2019-12-31": "1143.80000", "2019-09-30": "1098.80000", "2019-06-30": "1076.70000", "2019-03-31": "1043.70000", "2018-12-31": "1011.70000", "2018-09-30": "984.10000", "2018-06-30": "955.90000", "2018-03-31": "829.40000", "2017-12-31": "799.10000", "2017-09-30": "762.80000", "2017-06-30": "749.70000", "2017-03-31": "740.20000", "2016-12-31": "729.60000", "2016-09-30": "731.70000", "2016-06-30": "729.00000", "2016-03-31": "627.40000", "2015-12-31": "621.70000", "2015-09-30": "813.90000", "2015-06-30": "825.40000", "2015-03-31": "813.10000", "2014-12-31": "833.50000", "2014-09-30": "826.40000", "2014-06-30": "835.20000", "2014-03-31": "832.70000", "2013-12-31": "829.90000", "2013-09-30": "787.80000", "2013-06-30": "772.60000", "2013-03-31": "762.50000", "2012-12-31": "770.50000", "2012-09-30": "735.40000", "2012-06-30": "720.30000", "2012-03-31": "726.80000", "2011-12-31": "723.50000", "2011-09-30": "719.10000", "2011-06-30": "719.70000", "2011-03-31": "713.00000", "2010-12-31": "702.50000", "2010-09-30": "673.80000", "2010-06-30": "650.10000", "2010-03-31": "668.20000", "2009-12-31": "690.10000", "2009-09-30": "686.60000", "2009-06-30": "688.50000", "2009-03-31": "680.50000", "2008-12-31": "710.60000", "2008-09-30": "710.10000", "2008-06-30": "724.40000", "2008-03-31": "722.90000", "2007-12-31": "706.10000", "2007-09-30": "681.20000", "2007-06-30": "671.10000", "2007-03-31": "665.80000", "2006-12-31": "664.50000", "2006-09-30": "650.80000", "2006-06-30": "640.20000", "2006-03-31": "631.40000", "2005-12-31": "632.90000", "2005-09-30": "588.80000", "2005-06-30": "599.70000", "2005-03-31": "620.50000"}, "Long-Term Investments": {"2020-09-30": "167.40000", "2020-06-30": "186.00000", "2020-03-31": "182.60000", "2019-12-31": "181.90000", "2019-09-30": "168.50000", "2019-06-30": "165.70000", "2019-03-31": "159.50000", "2018-12-31": "156.10000", "2018-09-30": "144.40000", "2018-06-30": "138.70000", "2018-03-31": "132.20000", "2017-12-31": "125.90000", "2017-09-30": "118.00000", "2017-06-30": "131.90000", "2017-03-31": "124.90000", "2016-12-31": "117.60000", "2016-09-30": "107.50000", "2016-06-30": "99.00000", "2016-03-31": "110.60000", "2015-12-31": "103.20000", "2015-09-30": "112.10000", "2015-06-30": "108.70000", "2015-03-31": "106.60000", "2014-12-31": "113.10000", "2014-09-30": "108.80000", "2014-06-30": "102.70000", "2014-03-31": "99.70000", "2013-12-31": "96.20000", "2013-09-30": "90.80000", "2013-06-30": "99.50000", "2013-03-31": "90.50000", "2012-12-31": "85.50000", "2012-09-30": "81.20000", "2012-06-30": "76.80000", "2012-03-31": "76.40000", "2011-12-31": "70.80000", "2011-09-30": "69.30000", "2011-06-30": "63.60000", "2011-03-31": "59.40000", "2010-12-31": "56.40000", "2010-09-30": "58.40000", "2010-06-30": "56.80000", "2010-03-31": "50.60000", "2009-12-31": "45.70000", "2009-09-30": "", "2009-06-30": "", "2009-03-31": "", "2008-12-31": "7.90000", "2008-09-30": "", "2008-06-30": "", "2008-03-31": "", "2007-12-31": "", "2007-09-30": "", "2007-06-30": "", "2007-03-31": "", "2006-12-31": "", "2006-09-30": "", "2006-06-30": "", "2006-03-31": "", "2005-12-31": "", "2005-09-30": "", "2005-06-30": "", "2005-03-31": ""}, "Goodwill And Intangible Assets": {"2020-09-30": "885.30000", "2020-06-30": "888.60000", "2020-03-31": "893.50000", "2019-12-31": "899.70000", "2019-09-30": "904.10000", "2019-06-30": "911.80000", "2019-03-31": "891.40000", "2018-12-31": "896.90000", "2018-09-30": "903.80000", "2018-06-30": "905.70000", "2018-03-31": "656.80000", "2017-12-31": "657.80000", "2017-09-30": "660.90000", "2017-06-30": "659.40000", "2017-03-31": "660.50000", "2016-12-31": "663.30000", "2016-09-30": "665.50000", "2016-06-30": "671.30000", "2016-03-31": "560.80000", "2015-12-31": "564.00000", "2015-09-30": "705.60000", "2015-06-30": "718.40000", "2015-03-31": "721.50000", "2014-12-31": "740.90000", "2014-09-30": "756.40000", "2014-06-30": "772.90000", "2014-03-31": "765.80000", "2013-12-31": "773.00000", "2013-09-30": "280.90000", "2013-06-30": "280.10000", "2013-03-31": "273.20000", "2012-12-31": "279.40000", "2012-09-30": "254.50000", "2012-06-30": "210.10000", "2012-03-31": "150.40000", "2011-12-31": "218.80000", "2011-09-30": "149.00000", "2011-06-30": "130.20000", "2011-03-31": "129.20000", "2010-12-31": "125.50000", "2010-09-30": "116.60000", "2010-06-30": "110.00000", "2010-03-31": "114.40000", "2009-12-31": "118.60000", "2009-09-30": "120.20000", "2009-06-30": "118.10000", "2009-03-31": "113.50000", "2008-12-31": "117.10000", "2008-09-30": "122.00000", "2008-06-30": "126.70000", "2008-03-31": "128.10000", "2007-12-31": "122.30000", "2007-09-30": "120.80000", "2007-06-30": "117.80000", "2007-03-31": "117.10000", "2006-12-31": "116.50000", "2006-09-30": "114.00000", "2006-06-30": "103.60000", "2006-03-31": "104.50000", "2005-12-31": "103.90000", "2005-09-30": "104.30000", "2005-06-30": "104.00000", "2005-03-31": "108.70000"}, "Other Long-Term Assets": {"2020-09-30": "51.80000", "2020-06-30": "51.10000", "2020-03-31": "66.80000", "2019-12-31": "54.70000", "2019-09-30": "51.80000", "2019-06-30": "44.50000", "2019-03-31": "45.60000", "2018-12-31": "113.90000", "2018-09-30": "91.50000", "2018-06-30": "78.10000", "2018-03-31": "48.50000", "2017-12-31": "39.10000", "2017-09-30": "34.70000", "2017-06-30": "33.10000", "2017-03-31": "33.30000", "2016-12-31": "37.10000", "2016-09-30": "37.50000", "2016-06-30": "35.80000", "2016-03-31": "31.70000", "2015-12-31": "33.90000", "2015-09-30": "59.30000", "2015-06-30": "60.20000", "2015-03-31": "62.30000", "2014-12-31": "60.70000", "2014-09-30": "57.00000", "2014-06-30": "61.40000", "2014-03-31": "63.20000", "2013-12-31": "40.00000", "2013-09-30": "36.10000", "2013-06-30": "34.30000", "2013-03-31": "29.90000", "2012-12-31": "24.50000", "2012-09-30": "38.00000", "2012-06-30": "39.00000", "2012-03-31": "104.90000", "2011-12-31": "38.00000", "2011-09-30": "116.80000", "2011-06-30": "90.70000", "2011-03-31": "96.00000", "2010-12-31": "102.50000", "2010-09-30": "105.40000", "2010-06-30": "121.50000", "2010-03-31": "111.00000", "2009-12-31": "105.00000", "2009-09-30": "124.40000", "2009-06-30": "134.50000", "2009-03-31": "151.80000", "2008-12-31": "141.40000", "2008-09-30": "146.50000", "2008-06-30": "139.40000", "2008-03-31": "144.50000", "2007-12-31": "140.50000", "2007-09-30": "233.70000", "2007-06-30": "230.80000", "2007-03-31": "223.00000", "2006-12-31": "220.70000", "2006-09-30": "325.50000", "2006-06-30": "335.70000", "2006-03-31": "321.30000", "2005-12-31": "234.90000", "2005-09-30": "361.10000", "2005-06-30": "362.30000", "2005-03-31": "363.00000"}, "Total Long-Term Assets": {"2020-09-30": "2816.80000", "2020-06-30": "2785.40000", "2020-03-31": "2807.80000", "2019-12-31": "2797.70000", "2019-09-30": "2728.20000", "2019-06-30": "2718.80000", "2019-03-31": "2665.80000", "2018-12-31": "2708.00000", "2018-09-30": "2667.40000", "2018-06-30": "2613.80000", "2018-03-31": "2217.50000", "2017-12-31": "2178.40000", "2017-09-30": "2270.50000", "2017-06-30": "2274.40000", "2017-03-31": "2262.00000", "2016-12-31": "2257.00000", "2016-09-30": "2259.20000", "2016-06-30": "2271.50000", "2016-03-31": "1994.50000", "2015-12-31": "2461.20000", "2015-09-30": "2281.20000", "2015-06-30": "2310.50000", "2015-03-31": "2429.30000", "2014-12-31": "2638.10000", "2014-09-30": "2380.50000", "2014-06-30": "2437.80000", "2014-03-31": "2441.10000", "2013-12-31": "3101.70000", "2013-09-30": "2540.40000", "2013-06-30": "2615.70000", "2013-03-31": "2619.80000", "2012-12-31": "2645.20000", "2012-09-30": "2398.40000", "2012-06-30": "2320.50000", "2012-03-31": "2326.80000", "2011-12-31": "2347.60000", "2011-09-30": "2437.60000", "2011-06-30": "2367.40000", "2011-03-31": "2369.40000", "2010-12-31": "2367.50000", "2010-09-30": "2374.40000", "2010-06-30": "2341.80000", "2010-03-31": "2330.10000", "2009-12-31": "2339.50000", "2009-09-30": "2345.50000", "2009-06-30": "2356.80000", "2009-03-31": "2339.50000", "2008-12-31": "2377.30000", "2008-09-30": "2267.00000", "2008-06-30": "2255.70000", "2008-03-31": "2339.20000", "2007-12-31": "2270.50000", "2007-09-30": "2323.40000", "2007-06-30": "2295.00000", "2007-03-31": "2279.30000", "2006-12-31": "2268.60000", "2006-09-30": "2327.50000", "2006-06-30": "2305.90000", "2006-03-31": "2272.40000", "2005-12-31": "2272.30000", "2005-09-30": "2221.60000", "2005-06-30": "2241.00000", "2005-03-31": "2256.80000"}, "Total Assets": {"2020-09-30": "3650.40000", "2020-06-30": "4505.00000", "2020-03-31": "3844.00000", "2019-12-31": "3932.60000", "2019-09-30": "3779.70000", "2019-06-30": "3726.50000", "2019-03-31": "3646.40000", "2018-12-31": "3565.30000", "2018-09-30": "3513.30000", "2018-06-30": "3402.20000", "2018-03-31": "2945.10000", "2017-12-31": "2907.00000", "2017-09-30": "2985.90000", "2017-06-30": "2989.90000", "2017-03-31": "2890.80000", "2016-12-31": "2911.80000", "2016-09-30": "3007.50000", "2016-06-30": "2981.60000", "2016-03-31": "2888.40000", "2015-12-31": "3645.70000", "2015-09-30": "3707.50000", "2015-06-30": "3814.00000", "2015-03-31": "3768.10000", "2014-12-31": "4093.60000", "2014-09-30": "4180.40000", "2014-06-30": "3903.80000", "2014-03-31": "4038.70000", "2013-12-31": "5396.10000", "2013-09-30": "5230.00000", "2013-06-30": "5165.50000", "2013-03-31": "5049.40000", "2012-12-31": "5090.40000", "2012-09-30": "4756.50000", "2012-06-30": "4555.20000", "2012-03-31": "4460.00000", "2011-12-31": "4494.00000", "2011-09-30": "4501.40000", "2011-06-30": "4314.80000", "2011-03-31": "4187.90000", "2010-12-31": "4271.70000", "2010-09-30": "4209.60000", "2010-06-30": "4053.30000", "2010-03-31": "3957.90000", "2009-12-31": "3968.20000", "2009-09-30": "3936.80000", "2009-06-30": "3815.10000", "2009-03-31": "3726.70000", "2008-12-31": "3875.50000", "2008-09-30": "3754.20000", "2008-06-30": "3858.80000", "2008-03-31": "3927.30000", "2007-12-31": "3908.40000", "2007-09-30": "3794.40000", "2007-06-30": "3706.40000", "2007-03-31": "3627.70000", "2006-12-31": "3637.40000", "2006-09-30": "3640.70000", "2006-06-30": "3611.70000", "2006-03-31": "3506.00000", "2005-12-31": "3538.60000", "2005-09-30": "3465.10000", "2005-06-30": "3423.30000", "2005-03-31": "3463.60000"}, "Total Current Liabilities": {"2020-09-30": "495.20000", "2020-06-30": "1360.60000", "2020-03-31": "696.70000", "2019-12-31": "745.10000", "2019-09-30": "704.70000", "2019-06-30": "679.50000", "2019-03-31": "636.00000", "2018-12-31": "514.40000", "2018-09-30": "533.60000", "2018-06-30": "503.10000", "2018-03-31": "465.60000", "2017-12-31": "448.20000", "2017-09-30": "449.60000", "2017-06-30": "470.00000", "2017-03-31": "434.00000", "2016-12-31": "480.80000", "2016-09-30": "473.20000", "2016-06-30": "455.10000", "2016-03-31": "464.80000", "2015-12-31": "707.40000", "2015-09-30": "715.10000", "2015-06-30": "688.80000", "2015-03-31": "662.90000", "2014-12-31": "1180.60000", "2014-09-30": "1230.30000", "2014-06-30": "1279.40000", "2014-03-31": "1269.70000", "2013-12-31": "635.60000", "2013-09-30": "640.30000", "2013-06-30": "632.40000", "2013-03-31": "597.10000", "2012-12-31": "646.30000", "2012-09-30": "634.20000", "2012-06-30": "618.00000", "2012-03-31": "617.30000", "2011-12-31": "632.90000", "2011-09-30": "672.60000", "2011-06-30": "602.30000", "2011-03-31": "574.40000", "2010-12-31": "532.90000", "2010-09-30": "501.50000", "2010-06-30": "453.80000", "2010-03-31": "450.30000", "2009-12-31": "494.70000", "2009-09-30": "496.20000", "2009-06-30": "481.10000", "2009-03-31": "495.00000", "2008-12-31": "533.10000", "2008-09-30": "517.10000", "2008-06-30": "669.60000", "2008-03-31": "497.30000", "2007-12-31": "521.10000", "2007-09-30": "520.30000", "2007-06-30": "489.40000", "2007-03-31": "436.80000", "2006-12-31": "448.60000", "2006-09-30": "411.20000", "2006-06-30": "376.40000", "2006-03-31": "353.00000", "2005-12-31": "390.30000", "2005-09-30": "395.80000", "2005-06-30": "371.40000", "2005-03-31": "330.60000"}, "Long Term Debt": {"2020-09-30": "1985.60000", "2020-06-30": "1993.10000", "2020-03-31": "1954.80000", "2019-12-31": "1957.30000", "2019-09-30": "1959.30000", "2019-06-30": "1960.00000", "2019-03-31": "1961.60000", "2018-12-31": "1961.00000", "2018-09-30": "1963.70000", "2018-06-30": "1963.30000", "2018-03-31": "1531.70000", "2017-12-31": "1523.80000", "2017-09-30": "1521.90000", "2017-06-30": "1516.50000", "2017-03-31": "1511.00000", "2016-12-31": "1507.60000", "2016-09-30": "1513.10000", "2016-06-30": "1508.80000", "2016-03-31": "1507.70000", "2015-12-31": "2111.50000", "2015-09-30": "2143.80000", "2015-06-30": "2146.50000", "2015-03-31": "2143.80000", "2014-12-31": "1919.00000", "2014-09-30": "1929.30000", "2014-06-30": "916.00000", "2014-03-31": "921.50000", "2013-12-31": "29.60000", "2013-09-30": "31.50000", "2013-06-30": "32.00000", "2013-03-31": "33.40000", "2012-12-31": "35.80000", "2012-09-30": "35.30000", "2012-06-30": "23.50000", "2012-03-31": "22.40000", "2011-12-31": "21.60000", "2011-09-30": "20.80000", "2011-06-30": "18.30000", "2011-03-31": "16.90000", "2010-12-31": "15.50000", "2010-09-30": "15.40000", "2010-06-30": "12.50000", "2010-03-31": "11.20000", "2009-12-31": "10.90000", "2009-09-30": "0.40000", "2009-06-30": "0.50000", "2009-03-31": "0.50000", "2008-12-31": "0.60000", "2008-09-30": "0.30000", "2008-06-30": "0.30000", "2008-03-31": "0.30000", "2007-12-31": "0.30000", "2007-09-30": "0.30000", "2007-06-30": "0.30000", "2007-03-31": "0.20000", "2006-12-31": "0.20000", "2006-09-30": "0.40000", "2006-06-30": "0.40000", "2006-03-31": "0.40000", "2005-12-31": "0.40000", "2005-09-30": "0.50000", "2005-06-30": "0.50000", "2005-03-31": "1.10000"}, "Other Non-Current Liabilities": {"2020-09-30": "316.60000", "2020-06-30": "281.20000", "2020-03-31": "293.80000", "2019-12-31": "308.20000", "2019-09-30": "239.70000", "2019-06-30": "265.80000", "2019-03-31": "264.50000", "2018-12-31": "319.80000", "2018-09-30": "280.30000", "2018-06-30": "188.70000", "2018-03-31": "185.90000", "2017-12-31": "169.30000", "2017-09-30": "165.30000", "2017-06-30": "153.60000", "2017-03-31": "119.60000", "2016-12-31": "126.70000", "2016-09-30": "145.20000", "2016-06-30": "148.00000", "2016-03-31": "135.30000", "2015-12-31": "125.70000", "2015-09-30": "133.50000", "2015-06-30": "136.30000", "2015-03-31": "146.50000", "2014-12-31": "148.30000", "2014-09-30": "150.70000", "2014-06-30": "776.40000", "2014-03-31": "865.90000", "2013-12-31": "3841.90000", "2013-09-30": "3671.60000", "2013-06-30": "3670.00000", "2013-03-31": "3671.30000", "2012-12-31": "3664.90000", "2012-09-30": "3280.10000", "2012-06-30": "3254.70000", "2012-03-31": "3248.30000", "2011-12-31": "3244.80000", "2011-09-30": "3244.60000", "2011-06-30": "3221.90000", "2011-03-31": "3219.70000", "2010-12-31": "3217.70000", "2010-09-30": "3210.90000", "2010-06-30": "3192.00000", "2010-03-31": "3182.90000", "2009-12-31": "3188.50000", "2009-09-30": "3195.40000", "2009-06-30": "3161.20000", "2009-03-31": "3131.80000", "2008-12-31": "3159.50000", "2008-09-30": "3087.50000", "2008-06-30": "3115.10000", "2008-03-31": "3346.90000", "2007-12-31": "3323.70000", "2007-09-30": "3304.00000", "2007-06-30": "3282.20000", "2007-03-31": "3256.10000", "2006-12-31": "3264.90000", "2006-09-30": "3253.80000", "2006-06-30": "3244.20000", "2006-03-31": "3195.20000", "2005-12-31": "3196.80000", "2005-09-30": "3151.10000", "2005-06-30": "3159.80000", "2005-03-31": "3268.90000"}, "Total Long Term Liabilities": {"2020-09-30": "2834.70000", "2020-06-30": "2794.80000", "2020-03-31": "2763.40000", "2019-12-31": "2785.30000", "2019-09-30": "2623.30000", "2019-06-30": "2659.70000", "2019-03-31": "2656.60000", "2018-12-31": "2713.90000", "2018-09-30": "2699.50000", "2018-06-30": "2604.20000", "2018-03-31": "2233.60000", "2017-12-31": "2195.50000", "2017-09-30": "2139.30000", "2017-06-30": "2114.30000", "2017-03-31": "2061.10000", "2016-12-31": "2058.60000", "2016-09-30": "2039.70000", "2016-06-30": "2037.50000", "2016-03-31": "2028.80000", "2015-12-31": "2725.80000", "2015-09-30": "2735.00000", "2015-06-30": "2739.90000", "2015-03-31": "2737.00000", "2014-12-31": "2544.00000", "2014-09-30": "2425.70000", "2014-06-30": "2053.60000", "2014-03-31": "2197.60000", "2013-12-31": "4189.30000", "2013-09-30": "3977.80000", "2013-06-30": "3999.00000", "2013-03-31": "4040.70000", "2012-12-31": "4124.30000", "2012-09-30": "3720.10000", "2012-06-30": "3648.60000", "2012-03-31": "3583.30000", "2011-12-31": "3693.60000", "2011-09-30": "3753.10000", "2011-06-30": "3602.70000", "2011-03-31": "3609.30000", "2010-12-31": "3807.60000", "2010-09-30": "3883.20000", "2010-06-30": "3829.00000", "2010-03-31": "3742.00000", "2009-12-31": "3764.00000", "2009-09-30": "3752.90000", "2009-06-30": "3685.70000", "2009-03-31": "3606.60000", "2008-12-31": "3696.20000", "2008-09-30": "3485.70000", "2008-06-30": "3525.30000", "2008-03-31": "3786.70000", "2007-12-31": "3736.90000", "2007-09-30": "3679.90000", "2007-06-30": "3666.40000", "2007-03-31": "3713.10000", "2006-12-31": "3738.60000", "2006-09-30": "3773.60000", "2006-06-30": "3805.70000", "2006-03-31": "3745.90000", "2005-12-31": "3743.60000", "2005-09-30": "3643.40000", "2005-06-30": "3657.20000", "2005-03-31": "3761.70000"}, "Total Liabilities": {"2020-09-30": "3329.90000", "2020-06-30": "4155.40000", "2020-03-31": "3460.10000", "2019-12-31": "3530.40000", "2019-09-30": "3328.00000", "2019-06-30": "3339.20000", "2019-03-31": "3292.60000", "2018-12-31": "3228.30000", "2018-09-30": "3233.10000", "2018-06-30": "3107.30000", "2018-03-31": "2699.20000", "2017-12-31": "2643.70000", "2017-09-30": "2588.90000", "2017-06-30": "2584.30000", "2017-03-31": "2495.10000", "2016-12-31": "2539.40000", "2016-09-30": "2512.90000", "2016-06-30": "2492.60000", "2016-03-31": "2493.60000", "2015-12-31": "3433.20000", "2015-09-30": "3450.10000", "2015-06-30": "3428.70000", "2015-03-31": "3399.90000", "2014-12-31": "3724.60000", "2014-09-30": "3656.00000", "2014-06-30": "3333.00000", "2014-03-31": "3467.30000", "2013-12-31": "4824.90000", "2013-09-30": "4618.10000", "2013-06-30": "4631.40000", "2013-03-31": "4637.80000", "2012-12-31": "4770.60000", "2012-09-30": "4354.30000", "2012-06-30": "4266.60000", "2012-03-31": "4200.60000", "2011-12-31": "4326.50000", "2011-09-30": "4425.70000", "2011-06-30": "4205.00000", "2011-03-31": "4183.70000", "2010-12-31": "4340.50000", "2010-09-30": "4384.70000", "2010-06-30": "4282.80000", "2010-03-31": "4192.30000", "2009-12-31": "4258.70000", "2009-09-30": "4249.10000", "2009-06-30": "4166.80000", "2009-03-31": "4101.60000", "2008-12-31": "4229.30000", "2008-09-30": "4002.80000", "2008-06-30": "4194.90000", "2008-03-31": "4284.00000", "2007-12-31": "4258.00000", "2007-09-30": "4200.20000", "2007-06-30": "4155.80000", "2007-03-31": "4149.90000", "2006-12-31": "4187.20000", "2006-09-30": "4184.80000", "2006-06-30": "4182.10000", "2006-03-31": "4098.90000", "2005-12-31": "4133.90000", "2005-09-30": "4039.20000", "2005-06-30": "4028.60000", "2005-03-31": "4092.30000"}, "Common Stock Net": {"2020-09-30": "0.70000", "2020-06-30": "0.70000", "2020-03-31": "0.70000", "2019-12-31": "0.70000", "2019-09-30": "0.70000", "2019-06-30": "0.70000", "2019-03-31": "0.70000", "2018-12-31": "0.70000", "2018-09-30": "0.70000", "2018-06-30": "0.70000", "2018-03-31": "0.70000", "2017-12-31": "0.70000", "2017-09-30": "0.70000", "2017-06-30": "0.70000", "2017-03-31": "0.70000", "2016-12-31": "0.70000", "2016-09-30": "0.70000", "2016-06-30": "0.70000", "2016-03-31": "0.70000", "2015-12-31": "0.70000", "2015-09-30": "0.80000", "2015-06-30": "0.70000", "2015-03-31": "0.70000", "2014-12-31": "0.70000", "2014-09-30": "0.70000", "2014-06-30": "0.80000", "2014-03-31": "0.80000", "2013-12-31": "0.80000", "2013-09-30": "0.80000", "2013-06-30": "0.80000", "2013-03-31": "0.80000", "2012-12-31": "0.80000", "2012-09-30": "0.80000", "2012-06-30": "0.70000", "2012-03-31": "0.70000", "2011-12-31": "0.70000", "2011-09-30": "0.70000", "2011-06-30": "0.70000", "2011-03-31": "0.70000", "2010-12-31": "0.70000", "2010-09-30": "0.80000", "2010-06-30": "0.80000", "2010-03-31": "0.80000", "2009-12-31": "0.70000", "2009-09-30": "0.80000", "2009-06-30": "0.80000", "2009-03-31": "0.80000", "2008-12-31": "0.80000", "2008-09-30": "0.80000", "2008-06-30": "0.80000", "2008-03-31": "0.80000", "2007-12-31": "0.80000", "2007-09-30": "0.80000", "2007-06-30": "0.80000", "2007-03-31": "0.80000", "2006-12-31": "0.80000", "2006-09-30": "0.80000", "2006-06-30": "0.80000", "2006-03-31": "0.80000", "2005-12-31": "0.80000", "2005-09-30": "0.80000", "2005-06-30": "0.80000", "2005-03-31": "0.80000"}, "Retained Earnings (Accumulated Deficit)": {"2020-09-30": "712.10000", "2020-06-30": "725.00000", "2020-03-31": "752.30000", "2019-12-31": "730.50000", "2019-09-30": "776.90000", "2019-06-30": "741.30000", "2019-03-31": "683.30000", "2018-12-31": "676.70000", "2018-09-30": "625.40000", "2018-06-30": "625.50000", "2018-03-31": "603.70000", "2017-12-31": "573.10000", "2017-09-30": "710.30000", "2017-06-30": "677.30000", "2017-03-31": "647.80000", "2016-12-31": "619.30000", "2016-09-30": "616.10000", "2016-06-30": "595.70000", "2016-03-31": "490.90000", "2015-12-31": "436.30000", "2015-09-30": "416.00000", "2015-06-30": "402.20000", "2015-03-31": "344.80000", "2014-12-31": "292.10000", "2014-09-30": "276.60000", "2014-06-30": "202.10000", "2014-03-31": "65.90000", "2013-12-31": "15.80000", "2013-09-30": "600.30000", "2013-06-30": "530.90000", "2013-03-31": "448.10000", "2012-12-31": "-240.30000", "2012-09-30": "506.80000", "2012-06-30": "431.30000", "2012-03-31": "362.00000", "2011-12-31": "301.10000", "2011-09-30": "243.00000", "2011-06-30": "161.70000", "2011-03-31": "85.90000", "2010-12-31": "31.70000", "2010-09-30": "-13.20000", "2010-06-30": "-68.20000", "2010-03-31": "-119.10000", "2009-12-31": "-175.40000", "2009-09-30": "-221.80000", "2009-06-30": "-266.20000", "2009-03-31": "-285.50000", "2008-12-31": "-246.60000", "2008-09-30": "-290.00000", "2008-06-30": "-366.50000", "2008-03-31": "-391.50000", "2007-12-31": "-368.10000", "2007-09-30": "-443.40000", "2007-06-30": "-460.10000", "2007-03-31": "-480.60000", "2006-12-31": "-487.60000", "2006-09-30": "-492.60000", "2006-06-30": "-511.00000", "2006-03-31": "-505.80000", "2005-12-31": "-505.90000", "2005-09-30": "-505.30000", "2005-06-30": "-537.40000", "2005-03-31": "-570.10000"}, "Comprehensive Income": {"2020-09-30": "53.90000", "2020-06-30": "71.80000", "2020-03-31": "80.20000", "2019-12-31": "78.80000", "2019-09-30": "85.30000", "2019-06-30": "63.50000", "2019-03-31": "76.50000", "2018-12-31": "67.90000", "2018-09-30": "46.50000", "2018-06-30": "55.80000", "2018-03-31": "23.30000", "2017-12-31": "39.90000", "2017-09-30": "43.70000", "2017-06-30": "56.50000", "2017-03-31": "65.40000", "2016-12-31": "66.40000", "2016-09-30": "58.40000", "2016-06-30": "60.40000", "2016-03-31": "59.80000", "2015-12-31": "-66.80000", "2015-09-30": "-73.60000", "2015-06-30": "-36.80000", "2015-03-31": "-36.90000", "2014-12-31": "-23.80000", "2014-09-30": "6.00000", "2014-06-30": "35.40000", "2014-03-31": "9.20000", "2013-12-31": "10.60000", "2013-09-30": "-527.70000", "2013-06-30": "-561.50000", "2013-03-31": "-577.20000", "2012-12-31": "29.70000", "2012-09-30": "-610.70000", "2012-06-30": "-613.70000", "2012-03-31": "-562.30000", "2011-12-31": "-578.50000", "2011-09-30": "-605.10000", "2011-06-30": "-481.30000", "2011-03-31": "-502.40000", "2010-12-31": "-518.10000", "2010-09-30": "-575.70000", "2010-06-30": "-571.60000", "2010-03-31": "-520.60000", "2009-12-31": "-514.50000", "2009-09-30": "-544.50000", "2009-06-30": "-531.70000", "2009-03-31": "-529.80000", "2008-12-31": "-560.30000", "2008-09-30": "-336.90000", "2008-06-30": "-347.80000", "2008-03-31": "-342.70000", "2007-12-31": "-350.10000", "2007-09-30": "-311.20000", "2007-06-30": "-337.30000", "2007-03-31": "-384.40000", "2006-12-31": "-390.80000", "2006-09-30": "-371.70000", "2006-06-30": "-379.60000", "2006-03-31": "-393.50000", "2005-12-31": "-393.90000", "2005-09-30": "-373.30000", "2005-06-30": "-372.40000", "2005-03-31": "-363.00000"}, "Other Share Holders Equity": {"2020-09-30": "", "2020-06-30": "", "2020-03-31": "", "2019-12-31": "", "2019-09-30": "", "2019-06-30": "", "2019-03-31": "", "2018-12-31": "", "2018-09-30": "", "2018-06-30": "", "2018-03-31": "", "2017-12-31": "", "2017-09-30": "", "2017-06-30": "", "2017-03-31": "", "2016-12-31": "", "2016-09-30": "", "2016-06-30": "", "2016-03-31": "", "2015-12-31": "", "2015-09-30": "", "2015-06-30": "", "2015-03-31": "", "2014-12-31": "", "2014-09-30": "", "2014-06-30": "", "2014-03-31": "", "2013-12-31": "", "2013-09-30": "", "2013-06-30": "", "2013-03-31": "", "2012-12-31": "", "2012-09-30": "", "2012-06-30": "", "2012-03-31": "", "2011-12-31": "", "2011-09-30": "", "2011-06-30": "", "2011-03-31": "", "2010-12-31": "", "2010-09-30": "", "2010-06-30": "", "2010-03-31": "", "2009-12-31": "", "2009-09-30": "", "2009-06-30": "", "2009-03-31": "", "2008-12-31": "", "2008-09-30": "", "2008-06-30": "", "2008-03-31": "", "2007-12-31": "", "2007-09-30": "", "2007-06-30": "", "2007-03-31": "", "2006-12-31": "", "2006-09-30": "", "2006-06-30": "", "2006-03-31": "", "2005-12-31": "", "2005-09-30": "", "2005-06-30": "", "2005-03-31": ""}, "Share Holder Equity": {"2020-09-30": "320.50000", "2020-06-30": "349.60000", "2020-03-31": "383.90000", "2019-12-31": "402.20000", "2019-09-30": "451.70000", "2019-06-30": "387.30000", "2019-03-31": "353.80000", "2018-12-31": "337.00000", "2018-09-30": "280.20000", "2018-06-30": "294.90000", "2018-03-31": "245.90000", "2017-12-31": "263.30000", "2017-09-30": "397.00000", "2017-06-30": "405.60000", "2017-03-31": "395.70000", "2016-12-31": "372.40000", "2016-09-30": "494.60000", "2016-06-30": "489.00000", "2016-03-31": "394.80000", "2015-12-31": "212.50000", "2015-09-30": "257.40000", "2015-06-30": "385.30000", "2015-03-31": "368.20000", "2014-12-31": "369.00000", "2014-09-30": "524.40000", "2014-06-30": "570.80000", "2014-03-31": "571.40000", "2013-12-31": "571.20000", "2013-09-30": "611.90000", "2013-06-30": "534.10000", "2013-03-31": "411.60000", "2012-12-31": "319.80000", "2012-09-30": "402.20000", "2012-06-30": "288.60000", "2012-03-31": "259.40000", "2011-12-31": "167.50000", "2011-09-30": "75.70000", "2011-06-30": "109.80000", "2011-03-31": "4.20000", "2010-12-31": "-68.80000", "2010-09-30": "-175.10000", "2010-06-30": "-229.50000", "2010-03-31": "-234.40000", "2009-12-31": "-290.50000", "2009-09-30": "-312.30000", "2009-06-30": "-351.70000", "2009-03-31": "-374.90000", "2008-12-31": "-353.80000", "2008-09-30": "-248.60000", "2008-06-30": "-336.10000", "2008-03-31": "-356.70000", "2007-12-31": "-349.60000", "2007-09-30": "-405.80000", "2007-06-30": "-449.40000", "2007-03-31": "-522.20000", "2006-12-31": "-549.80000", "2006-09-30": "-544.10000", "2006-06-30": "-570.40000", "2006-03-31": "-592.90000", "2005-12-31": "-595.30000", "2005-09-30": "-574.10000", "2005-06-30": "-605.30000", "2005-03-31": "-628.70000"}, "Total Liabilities And Share Holders Equity": {"2020-09-30": "3650.40000", "2020-06-30": "4505.00000", "2020-03-31": "3844.00000", "2019-12-31": "3932.60000", "2019-09-30": "3779.70000", "2019-06-30": "3726.50000", "2019-03-31": "3646.40000", "2018-12-31": "3565.30000", "2018-09-30": "3513.30000", "2018-06-30": "3402.20000", "2018-03-31": "2945.10000", "2017-12-31": "2907.00000", "2017-09-30": "2985.90000", "2017-06-30": "2989.90000", "2017-03-31": "2890.80000", "2016-12-31": "2911.80000", "2016-09-30": "3007.50000", "2016-06-30": "2981.60000", "2016-03-31": "2888.40000", "2015-12-31": "3645.70000", "2015-09-30": "3707.50000", "2015-06-30": "3814.00000", "2015-03-31": "3768.10000", "2014-12-31": "4093.60000", "2014-09-30": "4180.40000", "2014-06-30": "3903.80000", "2014-03-31": "4038.70000", "2013-12-31": "5396.10000", "2013-09-30": "5230.00000", "2013-06-30": "5165.50000", "2013-03-31": "5049.40000", "2012-12-31": "5090.40000", "2012-09-30": "4756.50000", "2012-06-30": "4555.20000", "2012-03-31": "4460.00000", "2011-12-31": "4494.00000", "2011-09-30": "4501.40000", "2011-06-30": "4314.80000", "2011-03-31": "4187.90000", "2010-12-31": "4271.70000", "2010-09-30": "4209.60000", "2010-06-30": "4053.30000", "2010-03-31": "3957.90000", "2009-12-31": "3968.20000", "2009-09-30": "3936.80000", "2009-06-30": "3815.10000", "2009-03-31": "3726.70000", "2008-12-31": "3875.50000", "2008-09-30": "3754.20000", "2008-06-30": "3858.80000", "2008-03-31": "3927.30000", "2007-12-31": "3908.40000", "2007-09-30": "3794.40000", "2007-06-30": "3706.40000", "2007-03-31": "3627.70000", "2006-12-31": "3637.40000", "2006-09-30": "3640.70000", "2006-06-30": "3611.70000", "2006-03-31": "3506.00000", "2005-12-31": "3538.60000", "2005-09-30": "3465.10000", "2005-06-30": "3423.30000", "2005-03-31": "3463.60000"}}, "cash flow statement": {"Net Income/Loss": {"2019-12-31": "126.70000", "2018-12-31": "166.80000", "2017-12-31": "10.40000", "2016-12-31": "94.10000", "2015-12-31": "144.10000", "2014-12-31": "276.20000", "2013-12-31": "257.70000", "2012-12-31": "41.00000", "2011-12-31": "219.10000", "2010-12-31": "207.40000", "2009-12-31": "81.20000", "2008-12-31": "136.90000", "2007-12-31": "113.30000", "2006-12-31": "8.60000", "2005-12-31": "67.30000"}, "Total Depreciation And Amortization - Cash Flow": {"2019-12-31": "100.30000", "2018-12-31": "100.80000", "2017-12-31": "111.50000", "2016-12-31": "100.30000", "2015-12-31": "99.20000", "2014-12-31": "102.70000", "2013-12-31": "123.10000", "2012-12-31": "119.00000", "2011-12-31": "120.00000", "2010-12-31": "115.60000", "2009-12-31": "113.00000", "2008-12-31": "118.70000", "2007-12-31": "113.40000", "2006-12-31": "113.50000", "2005-12-31": "120.90000"}, "Other Non-Cash Items": {"2019-12-31": "174.00000", "2018-12-31": "10.00000", "2017-12-31": "211.90000", "2016-12-31": "72.50000", "2015-12-31": "-455.60000", "2014-12-31": "-1985.50000", "2013-12-31": "168.90000", "2012-12-31": "321.20000", "2011-12-31": "-25.90000", "2010-12-31": "49.40000", "2009-12-31": "42.70000", "2008-12-31": "49.10000", "2007-12-31": "4.80000", "2006-12-31": "36.00000", "2005-12-31": "121.80000"}, "Total Non-Cash Items": {"2019-12-31": "274.30000", "2018-12-31": "110.80000", "2017-12-31": "323.40000", "2016-12-31": "172.80000", "2015-12-31": "-356.40000", "2014-12-31": "-1882.80000", "2013-12-31": "292.00000", "2012-12-31": "440.20000", "2011-12-31": "94.10000", "2010-12-31": "165.00000", "2009-12-31": "155.70000", "2008-12-31": "167.80000", "2007-12-31": "118.20000", "2006-12-31": "149.50000", "2005-12-31": "242.70000"}, "Change In Accounts Receivable": {"2019-12-31": "-18.70000", "2018-12-31": "2.50000", "2017-12-31": "-4.90000", "2016-12-31": "-15.70000", "2015-12-31": "-18.00000", "2014-12-31": "-24.80000", "2013-12-31": "13.50000", "2012-12-31": "-3.00000", "2011-12-31": "-80.60000", "2010-12-31": "-15.80000", "2009-12-31": "96.80000", "2008-12-31": "13.80000", "2007-12-31": "-44.60000", "2006-12-31": "", "2005-12-31": ""}, "Change In Inventories": {"2019-12-31": "-30.10000", "2018-12-31": "-26.10000", "2017-12-31": "4.40000", "2016-12-31": "-0.60000", "2015-12-31": "3.80000", "2014-12-31": "-27.60000", "2013-12-31": "8.60000", "2012-12-31": "53.20000", "2011-12-31": "-67.90000", "2010-12-31": "-37.10000", "2009-12-31": "84.80000", "2008-12-31": "-2.30000", "2007-12-31": "-28.70000", "2006-12-31": "", "2005-12-31": ""}, "Change In Accounts Payable": {"2019-12-31": "28.00000", "2018-12-31": "24.20000", "2017-12-31": "-2.50000", "2016-12-31": "32.00000", "2015-12-31": "7.30000", "2014-12-31": "-22.70000", "2013-12-31": "4.20000", "2012-12-31": "-11.70000", "2011-12-31": "52.60000", "2010-12-31": "35.50000", "2009-12-31": "-32.10000", "2008-12-31": "40.00000", "2007-12-31": "16.10000", "2006-12-31": "", "2005-12-31": ""}, "Change In Assets/Liabilities": {"2019-12-31": "-5.30000", "2018-12-31": "35.60000", "2017-12-31": "4.70000", "2016-12-31": "-26.50000", "2015-12-31": "23.50000", "2014-12-31": "", "2013-12-31": "", "2012-12-31": "", "2011-12-31": "", "2010-12-31": "", "2009-12-31": "", "2008-12-31": "-252.00000", "2007-12-31": "-10.30000", "2006-12-31": "29.10000", "2005-12-31": "-166.00000"}, "Total Change In Assets/Liabilities": {"2019-12-31": "-8.90000", "2018-12-31": "64.40000", "2017-12-31": "-14.60000", "2016-12-31": "0.60000", "2015-12-31": "22.50000", "2014-12-31": "-88.70000", "2013-12-31": "-33.80000", "2012-12-31": "-27.60000", "2011-12-31": "-93.80000", "2010-12-31": "-31.20000", "2009-12-31": "177.70000", "2008-12-31": "-289.70000", "2007-12-31": "-131.30000", "2006-12-31": "-5.40000", "2005-12-31": "-242.70000"}, "Cash Flow From Operating Activities": {"2019-12-31": "392.10000", "2018-12-31": "342.00000", "2017-12-31": "319.20000", "2016-12-31": "267.50000", "2015-12-31": "-189.80000", "2014-12-31": "-1695.30000", "2013-12-31": "515.90000", "2012-12-31": "453.60000", "2011-12-31": "219.40000", "2010-12-31": "325.90000", "2009-12-31": "433.40000", "2008-12-31": "15.00000", "2007-12-31": "100.20000", "2006-12-31": "152.70000", "2005-12-31": "67.30000"}, "Net Change In Property, Plant, And Equipment": {"2019-12-31": "-194.10000", "2018-12-31": "-216.30000", "2017-12-31": "-125.20000", "2016-12-31": "-103.20000", "2015-12-31": "-118.80000", "2014-12-31": "-132.30000", "2013-12-31": "-156.20000", "2012-12-31": "-138.50000", "2011-12-31": "-144.00000", "2010-12-31": "-111.10000", "2009-12-31": "-93.80000", "2008-12-31": "-132.20000", "2007-12-31": "-130.80000", "2006-12-31": "-119.20000", "2005-12-31": "-94.00000"}, "Net Change In Intangible Assets": {"2019-12-31": "", "2018-12-31": "", "2017-12-31": "", "2016-12-31": "", "2015-12-31": "", "2014-12-31": "", "2013-12-31": "", "2012-12-31": "", "2011-12-31": "", "2010-12-31": "", "2009-12-31": "", "2008-12-31": "", "2007-12-31": "", "2006-12-31": "", "2005-12-31": ""}, "Net Acquisitions/Divestitures": {"2019-12-31": "-22.80000", "2018-12-31": "-418.00000", "2017-12-31": "-3.50000", "2016-12-31": "-246.50000", "2015-12-31": "", "2014-12-31": "", "2013-12-31": "-526.20000", "2012-12-31": "-80.00000", "2011-12-31": "-45.80000", "2010-12-31": "-34.70000", "2009-12-31": "40.60000", "2008-12-31": "", "2007-12-31": "16.30000", "2006-12-31": "-19.60000", "2005-12-31": "-1.00000"}, "Net Change In Short-term Investments": {"2019-12-31": "", "2018-12-31": "", "2017-12-31": "", "2016-12-31": "", "2015-12-31": "", "2014-12-31": "", "2013-12-31": "", "2012-12-31": "", "2011-12-31": "", "2010-12-31": "", "2009-12-31": "22.50000", "2008-12-31": "70.70000", "2007-12-31": "-124.70000", "2006-12-31": "", "2005-12-31": ""}, "Net Change In Long-Term Investments": {"2019-12-31": "", "2018-12-31": "", "2017-12-31": "", "2016-12-31": "", "2015-12-31": "", "2014-12-31": "", "2013-12-31": "", "2012-12-31": "", "2011-12-31": "", "2010-12-31": "", "2009-12-31": "-17.50000", "2008-12-31": "", "2007-12-31": "18.70000", "2006-12-31": "9.60000", "2005-12-31": "1.80000"}, "Net Change In Investments - Total": {"2019-12-31": "", "2018-12-31": "", "2017-12-31": "", "2016-12-31": "", "2015-12-31": "", "2014-12-31": "", "2013-12-31": "", "2012-12-31": "", "2011-12-31": "", "2010-12-31": "", "2009-12-31": "5.00000", "2008-12-31": "70.70000", "2007-12-31": "-106.00000", "2006-12-31": "9.60000", "2005-12-31": "1.80000"}, "Investing Activities - Other": {"2019-12-31": "6.80000", "2018-12-31": "15.80000", "2017-12-31": "-0.50000", "2016-12-31": "5.30000", "2015-12-31": "6.80000", "2014-12-31": "393.90000", "2013-12-31": "-198.30000", "2012-12-31": "-61.80000", "2011-12-31": "-31.10000", "2010-12-31": "-97.30000", "2009-12-31": "74.30000", "2008-12-31": "30.40000", "2007-12-31": "13.60000", "2006-12-31": "-0.20000", "2005-12-31": "15.30000"}, "Cash Flow From Investing Activities": {"2019-12-31": "-210.10000", "2018-12-31": "-618.50000", "2017-12-31": "-129.20000", "2016-12-31": "-344.40000", "2015-12-31": "-112.00000", "2014-12-31": "261.60000", "2013-12-31": "-880.70000", "2012-12-31": "-280.30000", "2011-12-31": "-220.90000", "2010-12-31": "-243.10000", "2009-12-31": "26.10000", "2008-12-31": "-31.10000", "2007-12-31": "-206.90000", "2006-12-31": "-129.40000", "2005-12-31": "-77.90000"}, "Net Long-Term Debt": {"2019-12-31": "", "2018-12-31": "", "2017-12-31": "", "2016-12-31": "", "2015-12-31": "", "2014-12-31": "1000.00000", "2013-12-31": "", "2012-12-31": "", "2011-12-31": "", "2010-12-31": "", "2009-12-31": "", "2008-12-31": "", "2007-12-31": "", "2006-12-31": "", "2005-12-31": ""}, "Net Current Debt": {"2019-12-31": "-11.20000", "2018-12-31": "436.20000", "2017-12-31": "-29.50000", "2016-12-31": "-593.60000", "2015-12-31": "242.40000", "2014-12-31": "360.90000", "2013-12-31": "-11.90000", "2012-12-31": "40.20000", "2011-12-31": "21.60000", "2010-12-31": "28.90000", "2009-12-31": "-0.40000", "2008-12-31": "6.70000", "2007-12-31": "8.20000", "2006-12-31": "0.20000", "2005-12-31": "-11.00000"}, "Debt Issuance/Retirement Net - Total": {"2019-12-31": "-11.20000", "2018-12-31": "436.20000", "2017-12-31": "-29.50000", "2016-12-31": "-593.60000", "2015-12-31": "242.40000", "2014-12-31": "1360.90000", "2013-12-31": "-11.90000", "2012-12-31": "40.20000", "2011-12-31": "21.60000", "2010-12-31": "28.90000", "2009-12-31": "-0.40000", "2008-12-31": "6.70000", "2007-12-31": "8.20000", "2006-12-31": "0.20000", "2005-12-31": "-11.00000"}, "Net Common Equity Issued/Repurchased": {"2019-12-31": "-10.70000", "2018-12-31": "-73.30000", "2017-12-31": "-48.60000", "2016-12-31": "-178.10000", "2015-12-31": "-274.60000", "2014-12-31": "-446.10000", "2013-12-31": "34.40000", "2012-12-31": "32.20000", "2011-12-31": "12.10000", "2010-12-31": "10.40000", "2009-12-31": "1.40000", "2008-12-31": "9.60000", "2007-12-31": "40.10000", "2006-12-31": "24.10000", "2005-12-31": "3.10000"}, "Net Total Equity Issued/Repurchased": {"2019-12-31": "-10.70000", "2018-12-31": "-73.30000", "2017-12-31": "-48.60000", "2016-12-31": "-178.10000", "2015-12-31": "-274.60000", "2014-12-31": "-446.10000", "2013-12-31": "34.40000", "2012-12-31": "32.20000", "2011-12-31": "12.10000", "2010-12-31": "10.40000", "2009-12-31": "1.40000", "2008-12-31": "9.60000", "2007-12-31": "40.10000", "2006-12-31": "24.10000", "2005-12-31": "3.10000"}, "Total Common And Preferred Stock Dividends Paid": {"2019-12-31": "-72.60000", "2018-12-31": "-64.60000", "2017-12-31": "-57.30000", "2016-12-31": "-36.00000", "2015-12-31": "", "2014-12-31": "", "2013-12-31": "", "2012-12-31": "", "2011-12-31": "", "2010-12-31": "", "2009-12-31": "-40.40000", "2008-12-31": "-13.40000", "2007-12-31": "-12.00000", "2006-12-31": "", "2005-12-31": ""}, "Financial Activities - Other": {"2019-12-31": "-4.90000", "2018-12-31": "18.20000", "2017-12-31": "0.60000", "2016-12-31": "747.50000", "2015-12-31": "-8.30000", "2014-12-31": "-50.60000", "2013-12-31": "-30.90000", "2012-12-31": "37.90000", "2011-12-31": "6.00000", "2010-12-31": "2.20000", "2009-12-31": "-1.90000", "2008-12-31": "-2.30000", "2007-12-31": "-2.60000", "2006-12-31": "-2.40000", "2005-12-31": "-2.20000"}, "Cash Flow From Financial Activities": {"2019-12-31": "-99.40000", "2018-12-31": "316.50000", "2017-12-31": "-134.80000", "2016-12-31": "-60.20000", "2015-12-31": "-40.50000", "2014-12-31": "864.20000", "2013-12-31": "-8.40000", "2012-12-31": "110.30000", "2011-12-31": "39.70000", "2010-12-31": "41.50000", "2009-12-31": "-41.30000", "2008-12-31": "0.60000", "2007-12-31": "33.70000", "2006-12-31": "21.90000", "2005-12-31": "-10.10000"}, "Net Cash Flow": {"2019-12-31": "81.90000", "2018-12-31": "37.50000", "2017-12-31": "62.90000", "2016-12-31": "-238.70000", "2015-12-31": "-227.60000", "2014-12-31": "-407.30000", "2013-12-31": "-372.10000", "2012-12-31": "288.60000", "2011-12-31": "32.60000", "2010-12-31": "122.70000", "2009-12-31": "432.90000", "2008-12-31": "-20.40000", "2007-12-31": "-55.80000", "2006-12-31": "61.60000", "2005-12-31": "-35.70000"}, "Stock-Based Compensation": {"2019-12-31": "14.60000", "2018-12-31": "18.60000", "2017-12-31": "11.00000", "2016-12-31": "11.60000", "2015-12-31": "", "2014-12-31": "", "2013-12-31": "", "2012-12-31": "", "2011-12-31": "", "2010-12-31": "", "2009-12-31": "", "2008-12-31": "", "2007-12-31": "", "2006-12-31": "", "2005-12-31": ""}, "Common Stock Dividends Paid": {"2019-12-31": "-72.60000", "2018-12-31": "-64.60000", "2017-12-31": "-57.30000", "2016-12-31": "-36.00000", "2015-12-31": "0.00000", "2014-12-31": "", "2013-12-31": "", "2012-12-31": "", "2011-12-31": "", "2010-12-31": "", "2009-12-31": "-40.40000", "2008-12-31": "-13.40000", "2007-12-31": "-12.00000", "2006-12-31": "", "2005-12-31": ""}}, "cash flow statement, quarterly": {"Net Income/Loss": {"2020-09-30": 6.7, "2020-06-30": -9.6, "2020-03-31": "42.10000", "2019-12-31": -28.1, "2019-09-30": 53.8, "2019-06-30": 76.4, "2019-03-31": "24.60000", "2018-12-31": 68.9, "2018-09-30": 15.9, "2018-06-30": 38.6, "2018-03-31": "43.40000", "2017-12-31": -123.1, "2017-09-30": 47.1, "2017-06-30": 43.5, "2017-03-31": "42.90000", "2016-12-31": 15.6, "2016-09-30": 39.7, "2016-06-30": 38.5, "2016-03-31": "0.30000", "2015-12-31": 20.3, "2015-09-30": 13.7, "2015-06-30": 57.4, "2015-03-31": "52.70000", "2014-12-31": 14.2, "2014-09-30": 75, "2014-06-30": 136.7, "2014-03-31": "50.30000", "2013-12-31": 30.2, "2013-09-30": 77.3, "2013-06-30": 90.8, "2013-03-31": "59.40000", "2012-12-31": -166, "2012-09-30": 76, "2012-06-30": 69.7, "2012-03-31": "61.30000", "2011-12-31": 8.4, "2011-09-30": 81.2, "2011-06-30": 75.5, "2011-03-31": "54.00000", "2010-12-31": 44.8, "2010-09-30": 55, "2010-06-30": 50.9, "2010-03-31": "56.70000", "2009-12-31": 46.5, "2009-09-30": 50.8, "2009-06-30": 22.7, "2009-03-31": "-38.80000", "2008-12-31": 47.4, "2008-09-30": 32.4, "2008-06-30": 36.5, "2008-03-31": "20.60000", "2007-12-31": 61.7, "2007-09-30": 26.3, "2007-06-30": 20.5, "2007-03-31": "4.80000", "2006-12-31": -4.7, "2006-09-30": 18.4, "2006-06-30": -5.2, "2006-03-31": "0.10000", "2005-12-31": -0.6, "2005-09-30": 32.1, "2005-06-30": 14.6, "2005-03-31": "21.20000"}, "Total Depreciation And Amortization - Cash Flow": {"2020-09-30": 26.2, "2020-06-30": 25.4, "2020-03-31": "25.50000", "2019-12-31": 25, "2019-09-30": 25.5, "2019-06-30": 24.9, "2019-03-31": "24.90000", "2018-12-31": 24.7, "2018-09-30": 25.2, "2018-06-30": 25.9, "2018-03-31": "25.00000", "2017-12-31": 28.9, "2017-09-30": 28.4, "2017-06-30": 27.1, "2017-03-31": "27.10000", "2016-12-31": 26.5, "2016-09-30": 27, "2016-06-30": 23.6, "2016-03-31": "23.20000", "2015-12-31": 24.4, "2015-09-30": 24.6, "2015-06-30": 25, "2015-03-31": "25.20000", "2014-12-31": 0.4, "2014-09-30": 34.3, "2014-06-30": 34, "2014-03-31": "34.00000", "2013-12-31": 31.3, "2013-09-30": 30, "2013-06-30": 30.7, "2013-03-31": "31.10000", "2012-12-31": 30.1, "2012-09-30": 29.7, "2012-06-30": 29.8, "2012-03-31": "29.40000", "2011-12-31": 30.1, "2011-09-30": 31, "2011-06-30": 29.7, "2011-03-31": "29.20000", "2010-12-31": 28.7, "2010-09-30": 27.2, "2010-06-30": 30.2, "2010-03-31": "29.50000", "2009-12-31": 28.5, "2009-09-30": 28.1, "2009-06-30": 28.9, "2009-03-31": "27.50000", "2008-12-31": 27.9, "2008-09-30": 29.9, "2008-06-30": 30.7, "2008-03-31": "30.20000", "2007-12-31": 29.9, "2007-09-30": 28.3, "2007-06-30": 27.6, "2007-03-31": "27.60000", "2006-12-31": 27.8, "2006-09-30": 29.2, "2006-06-30": 28.4, "2006-03-31": "28.10000", "2005-12-31": 29.7, "2005-09-30": 30.5, "2005-06-30": 31.9, "2005-03-31": "28.80000"}, "Other Non-Cash Items": {"2020-09-30": 32.7, "2020-06-30": 18, "2020-03-31": "-5.30000", "2019-12-31": 121.3, "2019-09-30": 3.1, "2019-06-30": 8.4, "2019-03-31": "41.20000", "2018-12-31": -20.6, "2018-09-30": 65.1, "2018-06-30": -54.8, "2018-03-31": "20.30000", "2017-12-31": 171.1, "2017-09-30": 39.4, "2017-06-30": 27.8, "2017-03-31": "-26.40000", "2016-12-31": 2.6, "2016-09-30": 20.4, "2016-06-30": 7.8, "2016-03-31": "41.70000", "2015-12-31": 89.7, "2015-09-30": -486.5, "2015-06-30": 456.4, "2015-03-31": "-515.20000", "2014-12-31": 17.4, "2014-09-30": -609.4, "2014-06-30": -100, "2014-03-31": "-1293.50000", "2013-12-31": 56.1, "2013-09-30": 79.3, "2013-06-30": 44, "2013-03-31": "-10.50000", "2012-12-31": 293.4, "2012-09-30": 10.5, "2012-06-30": 73.7, "2012-03-31": "-56.40000", "2011-12-31": 68.1, "2011-09-30": 7.5, "2011-06-30": 59.7, "2011-03-31": "-161.20000", "2010-12-31": 32.8, "2010-09-30": 12.5, "2010-06-30": 19.2, "2010-03-31": "-15.10000", "2009-12-31": 3.7, "2009-09-30": 26.7, "2009-06-30": 4.9, "2009-03-31": "7.40000", "2008-12-31": -14.1, "2008-09-30": 3.3, "2008-06-30": 27.3, "2008-03-31": "32.60000", "2007-12-31": -48.4, "2007-09-30": 22.2, "2007-06-30": 31.5, "2007-03-31": "-0.50000", "2006-12-31": 6.7, "2006-09-30": -38.1, "2006-06-30": 47.3, "2006-03-31": "20.10000", "2005-12-31": 24.4, "2005-09-30": 17, "2005-06-30": 62.3, "2005-03-31": "18.10000"}, "Total Non-Cash Items": {"2020-09-30": 58.9, "2020-06-30": 43.4, "2020-03-31": "20.20000", "2019-12-31": 146.3, "2019-09-30": 28.6, "2019-06-30": 33.3, "2019-03-31": "66.10000", "2018-12-31": 4.1, "2018-09-30": 90.3, "2018-06-30": -28.9, "2018-03-31": "45.30000", "2017-12-31": 200, "2017-09-30": 67.8, "2017-06-30": 54.9, "2017-03-31": "0.70000", "2016-12-31": 29.1, "2016-09-30": 47.4, "2016-06-30": 31.4, "2016-03-31": "64.90000", "2015-12-31": 114.1001, "2015-09-30": -461.9001, "2015-06-30": 481.4, "2015-03-31": "-490.00000", "2014-12-31": 17.8, "2014-09-30": -575.1, "2014-06-30": -66, "2014-03-31": "-1259.50000", "2013-12-31": 87.4, "2013-09-30": 109.3, "2013-06-30": 74.7, "2013-03-31": "20.60000", "2012-12-31": 323.5, "2012-09-30": 40.2, "2012-06-30": 103.5, "2012-03-31": "-27.00000", "2011-12-31": 98.2, "2011-09-30": 38.5, "2011-06-30": 89.4, "2011-03-31": "-132.00000", "2010-12-31": 61.5, "2010-09-30": 39.7, "2010-06-30": 49.4, "2010-03-31": "14.40000", "2009-12-31": 32.2, "2009-09-30": 54.8, "2009-06-30": 33.8, "2009-03-31": "34.90000", "2008-12-31": 13.8, "2008-09-30": 33.2, "2008-06-30": 58, "2008-03-31": "62.80000", "2007-12-31": -18.5, "2007-09-30": 50.5, "2007-06-30": 59.1, "2007-03-31": "27.10000", "2006-12-31": 34.5, "2006-09-30": -8.9, "2006-06-30": 75.7, "2006-03-31": "48.20000", "2005-12-31": 54.1, "2005-09-30": 47.5, "2005-06-30": 94.2, "2005-03-31": "46.90000"}, "Change In Accounts Receivable": {"2020-09-30": -10.1, "2020-06-30": 37.4, "2020-03-31": "47.30000", "2019-12-31": -30.3, "2019-09-30": 35.8, "2019-06-30": -50.8, "2019-03-31": "26.60000", "2018-12-31": -10.6, "2018-09-30": -1.7, "2018-06-30": -5.3, "2018-03-31": "20.10000", "2017-12-31": -25.6, "2017-09-30": 16.4, "2017-06-30": -15.5, "2017-03-31": "19.80000", "2016-12-31": -25.4, "2016-09-30": -27.5, "2016-06-30": -7.1, "2016-03-31": "44.30000", "2015-12-31": -34.3, "2015-09-30": -0.8, "2015-06-30": 0.8, "2015-03-31": "16.30000", "2014-12-31": 26.6, "2014-09-30": 6, "2014-06-30": -36.3, "2014-03-31": "-21.10000", "2013-12-31": 8.3, "2013-09-30": 8.5, "2013-06-30": -42.9, "2013-03-31": "39.60000", "2012-12-31": 0.7, "2012-09-30": 38.9, "2012-06-30": -53.7, "2012-03-31": "11.10000", "2011-12-31": 6.2, "2011-09-30": 6.6, "2011-06-30": -55.6, "2011-03-31": "-37.80000", "2010-12-31": 32.2, "2010-09-30": 1.2, "2010-06-30": -29.6, "2010-03-31": "-19.60000", "2009-12-31": 65, "2009-09-30": 21.1, "2009-06-30": -29, "2009-03-31": "39.70000", "2008-12-31": 13.8, "2008-09-30": 0, "2008-06-30": 0, "2008-03-31": "", "2007-12-31": -44.6, "2007-09-30": 0, "2007-06-30": 0, "2007-03-31": "", "2006-12-31": 0, "2006-09-30": 0, "2006-06-30": 0, "2006-03-31": "", "2005-12-31": 0, "2005-09-30": 0, "2005-06-30": 0, "2005-03-31": ""}, "Change In Inventories": {"2020-09-30": 14.6, "2020-06-30": 73.4, "2020-03-31": "-31.70000", "2019-12-31": 27.9, "2019-09-30": -20.6, "2019-06-30": -1.9, "2019-03-31": "-35.50000", "2018-12-31": 35.1, "2018-09-30": -10.4, "2018-06-30": -27.8, "2018-03-31": "-23.00000", "2017-12-31": 8.9, "2017-09-30": -0.6, "2017-06-30": 0.5, "2017-03-31": "-4.40000", "2016-12-31": 5.2, "2016-09-30": 1.9, "2016-06-30": 2.9, "2016-03-31": "-10.60000", "2015-12-31": 7.1, "2015-09-30": -3.8, "2015-06-30": 3.6, "2015-03-31": "-3.10000", "2014-12-31": 22.3, "2014-09-30": -10.1, "2014-06-30": -9.6, "2014-03-31": "-30.20000", "2013-12-31": 43.8, "2013-09-30": 1.8, "2013-06-30": 3.3, "2013-03-31": "-40.30000", "2012-12-31": 32.6, "2012-09-30": 14.1, "2012-06-30": 32.6, "2012-03-31": "-26.10000", "2011-12-31": 21.4, "2011-09-30": -42.6, "2011-06-30": -8.2, "2011-03-31": "-38.50000", "2010-12-31": 10.4, "2010-09-30": -13.8, "2010-06-30": -13.1, "2010-03-31": "-20.60000", "2009-12-31": -15.8, "2009-09-30": 20.2, "2009-06-30": 21.7, "2009-03-31": "58.70000", "2008-12-31": -2.3, "2008-09-30": 0, "2008-06-30": 0, "2008-03-31": "", "2007-12-31": -28.7, "2007-09-30": 0, "2007-06-30": 0, "2007-03-31": "", "2006-12-31": 0, "2006-09-30": 0, "2006-06-30": 0, "2006-03-31": "", "2005-12-31": 0, "2005-09-30": 0, "2005-06-30": 0, "2005-03-31": ""}, "Change In Accounts Payable": {"2020-09-30": 3.7, "2020-06-30": -34.2, "2020-03-31": "-3.80000", "2019-12-31": 14.4, "2019-09-30": 0.5, "2019-06-30": 9.6, "2019-03-31": "3.50000", "2018-12-31": 6.6, "2018-09-30": -16.4, "2018-06-30": 23.5, "2018-03-31": "10.50000", "2017-12-31": -5.5, "2017-09-30": -4.4, "2017-06-30": -2.7, "2017-03-31": "10.10000", "2016-12-31": 21, "2016-09-30": 4, "2016-06-30": -4.1, "2016-03-31": "11.10000", "2015-12-31": -2.4, "2015-09-30": -6.5, "2015-06-30": -0.6, "2015-03-31": "16.80000", "2014-12-31": -41.3, "2014-09-30": -1.7, "2014-06-30": 6.8, "2014-03-31": "13.50000", "2013-12-31": -2.6, "2013-09-30": -30.3, "2013-06-30": -11.2, "2013-03-31": "48.30000", "2012-12-31": -15.3, "2012-09-30": -7.7, "2012-06-30": 0.2, "2012-03-31": "11.10000", "2011-12-31": -2.2, "2011-09-30": 8.2, "2011-06-30": 1.2, "2011-03-31": "45.40000", "2010-12-31": -4.7, "2010-09-30": 4.6, "2010-06-30": 9.5, "2010-03-31": "26.10000", "2009-12-31": 0.8, "2009-09-30": -24.1, "2009-06-30": 7.2, "2009-03-31": "-16.00000", "2008-12-31": 40, "2008-09-30": 0, "2008-06-30": 0, "2008-03-31": "", "2007-12-31": 16.1, "2007-09-30": 0, "2007-06-30": 0, "2007-03-31": "", "2006-12-31": 0, "2006-09-30": 0, "2006-06-30": 0, "2006-03-31": "", "2005-12-31": 0, "2005-09-30": 0, "2005-06-30": 0, "2005-03-31": ""}, "Change In Assets/Liabilities": {"2020-09-30": 0.7, "2020-06-30": 19.6, "2020-03-31": "-19.50000", "2019-12-31": -23.7, "2019-09-30": 25.4, "2019-06-30": 7.3, "2019-03-31": "-14.30000", "2018-12-31": 35.6, "2018-09-30": 0, "2018-06-30": 7.3, "2018-03-31": "-7.30000", "2017-12-31": 13.3, "2017-09-30": -8.6, "2017-06-30": 0, "2017-03-31": "", "2016-12-31": -26.5, "2016-09-30": 0, "2016-06-30": 0, "2016-03-31": "", "2015-12-31": 23.5, "2015-09-30": 498.2, "2015-06-30": -498.2, "2015-03-31": "", "2014-12-31": -106.6, "2014-09-30": 106.6, "2014-06-30": 0, "2014-03-31": "", "2013-12-31": 0, "2013-09-30": 0, "2013-06-30": 0, "2013-03-31": "", "2012-12-31": 0, "2012-09-30": 0, "2012-06-30": 0, "2012-03-31": "", "2011-12-31": 0, "2011-09-30": 0, "2011-06-30": 0, "2011-03-31": "", "2010-12-31": 0, "2010-09-30": 0, "2010-06-30": 0, "2010-03-31": "", "2009-12-31": 0, "2009-09-30": 0, "2009-06-30": 0, "2009-03-31": "", "2008-12-31": 85.9, "2008-09-30": -177.2, "2008-06-30": -132.5, "2008-03-31": "-28.20000", "2007-12-31": 69.1, "2007-09-30": -34.9, "2007-06-30": -27.1, "2007-03-31": "-17.40000", "2006-12-31": 88.8, "2006-09-30": 26.5, "2006-06-30": -36.4, "2006-03-31": "-49.80000", "2005-12-31": 14.5, "2005-09-30": 10.9, "2005-06-30": -155.2, "2005-03-31": "-36.20000"}, "Total Change In Assets/Liabilities": {"2020-09-30": 8.9, "2020-06-30": 96.2, "2020-03-31": "-7.70000", "2019-12-31": 5.5, "2019-09-30": 41.1, "2019-06-30": -35.8, "2019-03-31": "-19.70000", "2018-12-31": 35, "2018-09-30": 8.8, "2018-06-30": 20.3, "2018-03-31": "0.30000", "2017-12-31": -25.2, "2017-09-30": 12.1, "2017-06-30": 6.2, "2017-03-31": "-7.70000", "2016-12-31": 15.2, "2016-09-30": -16.3, "2016-06-30": -7.4, "2016-03-31": "9.10000", "2015-12-31": -94.8, "2015-09-30": 528.2, "2015-06-30": -465.6, "2015-03-31": "54.70000", "2014-12-31": -90.9, "2014-09-30": 50, "2014-06-30": -3.7, "2014-03-31": "-44.10000", "2013-12-31": 55.7, "2013-09-30": -14.3, "2013-06-30": -45.3, "2013-03-31": "-29.90000", "2012-12-31": 3.7, "2012-09-30": 56.5, "2012-06-30": -34.1, "2012-03-31": "-53.70000", "2011-12-31": 58.1, "2011-09-30": 7.3, "2011-06-30": -56.8, "2011-03-31": "-102.40000", "2010-12-31": 68.8, "2010-09-30": -11.9, "2010-06-30": -11.4, "2010-03-31": "-76.70000", "2009-12-31": 90.4, "2009-09-30": 21.3, "2009-06-30": 7.4, "2009-03-31": "58.60000", "2008-12-31": 122.5, "2008-09-30": -148.4, "2008-06-30": -132.7, "2008-03-31": "-131.10000", "2007-12-31": -8.8, "2007-09-30": -16.2, "2007-06-30": -25.4, "2007-03-31": "-80.90000", "2006-12-31": 73.5, "2006-09-30": 28.8, "2006-06-30": -22.3, "2006-03-31": "-85.40000", "2005-12-31": -1, "2005-09-30": 9.8, "2005-06-30": -152, "2005-03-31": "-99.50000"}, "Cash Flow From Operating Activities": {"2020-09-30": 74.5, "2020-06-30": 130, "2020-03-31": "54.60000", "2019-12-31": 123.7, "2019-09-30": 123.5, "2019-06-30": 73.9, "2019-03-31": "71.00000", "2018-12-31": 108, "2018-09-30": 115, "2018-06-30": 30, "2018-03-31": "89.00000", "2017-12-31": 51.7, "2017-09-30": 127, "2017-06-30": 104.6, "2017-03-31": "35.90000", "2016-12-31": 59.9, "2016-09-30": 70.8, "2016-06-30": 62.5, "2016-03-31": "74.30000", "2015-12-31": 39.6, "2015-09-30": 80, "2015-06-30": 73.2, "2015-03-31": "-382.60000", "2014-12-31": -58.9, "2014-09-30": -450.1, "2014-06-30": 67, "2014-03-31": "-1253.30000", "2013-12-31": 173.3, "2013-09-30": 172.3, "2013-06-30": 120.2, "2013-03-31": "50.10000", "2012-12-31": 161.2, "2012-09-30": 172.7, "2012-06-30": 139.1, "2012-03-31": "-19.40000", "2011-12-31": 164.7, "2011-09-30": 127, "2011-06-30": 108.1, "2011-03-31": "-180.40000", "2010-12-31": 159.8, "2010-09-30": 82.8, "2010-06-30": 88.9, "2010-03-31": "-5.60000", "2009-12-31": 187.9, "2009-09-30": 126.9, "2009-06-30": 63.9, "2009-03-31": "54.70000", "2008-12-31": 183.7, "2008-09-30": -82.8, "2008-06-30": -38.2, "2008-03-31": "-47.70000", "2007-12-31": 34.4, "2007-09-30": 60.6, "2007-06-30": 54.2, "2007-03-31": "-49.00000", "2006-12-31": 103.3, "2006-09-30": 38.3, "2006-06-30": 48.2, "2006-03-31": "-37.10000", "2005-12-31": 52.5, "2005-09-30": 89.4, "2005-06-30": -43.2, "2005-03-31": "-31.40000"}, "Net Change In Property, Plant, And Equipment": {"2020-09-30": -28.8, "2020-06-30": -37.9, "2020-03-31": "-57.10000", "2019-12-31": -51.5, "2019-09-30": -41.1, "2019-06-30": -63.3, "2019-03-31": "-38.20000", "2018-12-31": -54.6, "2018-09-30": -70.9, "2018-06-30": -40.7, "2018-03-31": "-50.10000", "2017-12-31": -39.6, "2017-09-30": -26.5, "2017-06-30": -28.1, "2017-03-31": "-31.00000", "2016-12-31": -25.1, "2016-09-30": -20.8, "2016-06-30": -22.9, "2016-03-31": "-34.40000", "2015-12-31": -32.6, "2015-09-30": -29, "2015-06-30": -24.2, "2015-03-31": "-33.00000", "2014-12-31": -10.6, "2014-09-30": -40.2, "2014-06-30": -41.4, "2014-03-31": "-40.10000", "2013-12-31": -38.3, "2013-09-30": -44.2, "2013-06-30": -35.4, "2013-03-31": "-38.30000", "2012-12-31": -34.9, "2012-09-30": -37.2, "2012-06-30": -29.1, "2012-03-31": "-37.30000", "2011-12-31": -46.9, "2011-09-30": -39.4, "2011-06-30": -34.3, "2011-03-31": "-23.40000", "2010-12-31": -42.1, "2010-09-30": -26.8, "2010-06-30": -24.3, "2010-03-31": "-17.90000", "2009-12-31": -40.2, "2009-09-30": -17.1, "2009-06-30": -19.9, "2009-03-31": "-16.60000", "2008-12-31": -41.9, "2008-09-30": -34.2, "2008-06-30": -32.7, "2008-03-31": "-23.40000", "2007-12-31": -46.5, "2007-09-30": -35, "2007-06-30": -25.9, "2007-03-31": "-23.40000", "2006-12-31": -36.7, "2006-09-30": -30.6, "2006-06-30": -27.8, "2006-03-31": "-24.10000", "2005-12-31": -34.8, "2005-09-30": -22.4, "2005-06-30": -24.4, "2005-03-31": "-12.40000"}, "Net Change In Intangible Assets": {"2020-09-30": 0, "2020-06-30": 0, "2020-03-31": "", "2019-12-31": 0, "2019-09-30": 0, "2019-06-30": 0, "2019-03-31": "", "2018-12-31": 0, "2018-09-30": 0, "2018-06-30": 0, "2018-03-31": "", "2017-12-31": 0, "2017-09-30": 0, "2017-06-30": 0, "2017-03-31": "", "2016-12-31": 0, "2016-09-30": 0, "2016-06-30": 0, "2016-03-31": "", "2015-12-31": 0, "2015-09-30": 0, "2015-06-30": 0, "2015-03-31": "", "2014-12-31": 0, "2014-09-30": 0, "2014-06-30": 0, "2014-03-31": "", "2013-12-31": 0, "2013-09-30": 0, "2013-06-30": 0, "2013-03-31": "", "2012-12-31": 0, "2012-09-30": 0, "2012-06-30": 0, "2012-03-31": "", "2011-12-31": 0, "2011-09-30": 0, "2011-06-30": 0, "2011-03-31": "", "2010-12-31": 0, "2010-09-30": 0, "2010-06-30": 0, "2010-03-31": "", "2009-12-31": 0, "2009-09-30": 0, "2009-06-30": 0, "2009-03-31": "", "2008-12-31": 0, "2008-09-30": 0, "2008-06-30": 0, "2008-03-31": "", "2007-12-31": 0, "2007-09-30": 0, "2007-06-30": 0, "2007-03-31": "", "2006-12-31": 0, "2006-09-30": 0, "2006-06-30": 0, "2006-03-31": "", "2005-12-31": 0, "2005-09-30": 0, "2005-06-30": 0, "2005-03-31": ""}, "Net Acquisitions/Divestitures": {"2020-09-30": -2, "2020-06-30": 0, "2020-03-31": "", "2019-12-31": 0, "2019-09-30": 0, "2019-06-30": -22.8, "2019-03-31": "", "2018-12-31": 0, "2018-09-30": 2.9, "2018-06-30": -420.9, "2018-03-31": "", "2017-12-31": 0, "2017-09-30": -3.5, "2017-06-30": 0, "2017-03-31": "", "2016-12-31": -1.4, "2016-09-30": -11.3, "2016-06-30": -233.8, "2016-03-31": "", "2015-12-31": 0, "2015-09-30": 0, "2015-06-30": 0, "2015-03-31": "", "2014-12-31": 0, "2014-09-30": 0, "2014-06-30": 0, "2014-03-31": "", "2013-12-31": -512.2, "2013-09-30": 1.8, "2013-06-30": -15.8, "2013-03-31": "", "2012-12-31": -39.5, "2012-09-30": -40.5, "2012-06-30": 0, "2012-03-31": "", "2011-12-31": 10, "2011-09-30": -55.8, "2011-06-30": 0, "2011-03-31": "", "2010-12-31": -32, "2010-09-30": -2.7, "2010-06-30": 0, "2010-03-31": "", "2009-12-31": 13.9, "2009-09-30": 26.7, "2009-06-30": 0, "2009-03-31": "", "2008-12-31": 0, "2008-09-30": 0, "2008-06-30": 0, "2008-03-31": "", "2007-12-31": 0, "2007-09-30": 16.3, "2007-06-30": 0, "2007-03-31": "", "2006-12-31": 0.4, "2006-09-30": 0, "2006-06-30": -20, "2006-03-31": "", "2005-12-31": -3, "2005-09-30": 4.5, "2005-06-30": 0, "2005-03-31": "-2.50000"}, "Net Change In Short-term Investments": {"2020-09-30": 0, "2020-06-30": 0, "2020-03-31": "", "2019-12-31": 0, "2019-09-30": 0, "2019-06-30": 0, "2019-03-31": "", "2018-12-31": 0, "2018-09-30": 0, "2018-06-30": 0, "2018-03-31": "", "2017-12-31": 0, "2017-09-30": 0, "2017-06-30": 0, "2017-03-31": "", "2016-12-31": 0, "2016-09-30": 0, "2016-06-30": 0, "2016-03-31": "", "2015-12-31": 0, "2015-09-30": 0, "2015-06-30": 0, "2015-03-31": "", "2014-12-31": 0, "2014-09-30": 0, "2014-06-30": 0, "2014-03-31": "", "2013-12-31": 500, "2013-09-30": 0, "2013-06-30": -500, "2013-03-31": "", "2012-12-31": 0, "2012-09-30": 0, "2012-06-30": 0, "2012-03-31": "", "2011-12-31": 0, "2011-09-30": 0, "2011-06-30": 0, "2011-03-31": "", "2010-12-31": 0, "2010-09-30": 0, "2010-06-30": 0, "2010-03-31": "", "2009-12-31": 4.8, "2009-09-30": 17.7, "2009-06-30": 0, "2009-03-31": "", "2008-12-31": 9.2, "2008-09-30": 14.8, "2008-06-30": 13.6, "2008-03-31": "33.10000", "2007-12-31": -99.7, "2007-09-30": 0, "2007-06-30": -25, "2007-03-31": "", "2006-12-31": 0, "2006-09-30": 0, "2006-06-30": 0, "2006-03-31": "", "2005-12-31": 0, "2005-09-30": 0, "2005-06-30": 0, "2005-03-31": ""}, "Net Change In Long-Term Investments": {"2020-09-30": 0, "2020-06-30": 0, "2020-03-31": "", "2019-12-31": 0, "2019-09-30": 0, "2019-06-30": 0, "2019-03-31": "", "2018-12-31": 0, "2018-09-30": 0, "2018-06-30": 0, "2018-03-31": "", "2017-12-31": 0, "2017-09-30": 0, "2017-06-30": 0, "2017-03-31": "", "2016-12-31": 0, "2016-09-30": 0, "2016-06-30": 0, "2016-03-31": "", "2015-12-31": 0, "2015-09-30": 0, "2015-06-30": 0, "2015-03-31": "", "2014-12-31": 0, "2014-09-30": 0, "2014-06-30": 0, "2014-03-31": "", "2013-12-31": 0, "2013-09-30": 0, "2013-06-30": 0, "2013-03-31": "", "2012-12-31": 0, "2012-09-30": 0, "2012-06-30": 0, "2012-03-31": "", "2011-12-31": 0, "2011-09-30": 0, "2011-06-30": 0, "2011-03-31": "", "2010-12-31": 0, "2010-09-30": 0, "2010-06-30": 0, "2010-03-31": "", "2009-12-31": -17.5, "2009-09-30": -8.3, "2009-06-30": 2.1, "2009-03-31": "6.20000", "2008-12-31": 3, "2008-09-30": 0, "2008-06-30": 0, "2008-03-31": "-3.00000", "2007-12-31": 25, "2007-09-30": 0, "2007-06-30": -6.3, "2007-03-31": "", "2006-12-31": 2.3, "2006-09-30": 0.1, "2006-06-30": 7.1, "2006-03-31": "0.10000", "2005-12-31": 0.1, "2005-09-30": -0.2, "2005-06-30": 1.8, "2005-03-31": "0.10000"}, "Net Change In Investments - Total": {"2020-09-30": 0, "2020-06-30": 0, "2020-03-31": "", "2019-12-31": 0, "2019-09-30": 0, "2019-06-30": 0, "2019-03-31": "", "2018-12-31": 0, "2018-09-30": 0, "2018-06-30": 0, "2018-03-31": "", "2017-12-31": 0, "2017-09-30": 0, "2017-06-30": 0, "2017-03-31": "", "2016-12-31": 0, "2016-09-30": 0, "2016-06-30": 0, "2016-03-31": "", "2015-12-31": 0, "2015-09-30": 0, "2015-06-30": 0, "2015-03-31": "", "2014-12-31": 0, "2014-09-30": 0, "2014-06-30": 0, "2014-03-31": "", "2013-12-31": 500, "2013-09-30": 0, "2013-06-30": -500, "2013-03-31": "", "2012-12-31": 0, "2012-09-30": 0, "2012-06-30": 0, "2012-03-31": "", "2011-12-31": 0, "2011-09-30": 0, "2011-06-30": 0, "2011-03-31": "", "2010-12-31": 0, "2010-09-30": 0, "2010-06-30": 0, "2010-03-31": "", "2009-12-31": -12.7, "2009-09-30": 9.4, "2009-06-30": 2.1, "2009-03-31": "6.20000", "2008-12-31": 12.2, "2008-09-30": 14.8, "2008-06-30": 13.6, "2008-03-31": "30.10000", "2007-12-31": -74.7, "2007-09-30": 0, "2007-06-30": -31.3, "2007-03-31": "", "2006-12-31": 2.3, "2006-09-30": 0.1, "2006-06-30": 7.1, "2006-03-31": "0.10000", "2005-12-31": 0.1, "2005-09-30": -0.2, "2005-06-30": 1.8, "2005-03-31": "0.10000"}, "Investing Activities - Other": {"2020-09-30": -3.7, "2020-06-30": -7.6, "2020-03-31": "-16.60000", "2019-12-31": 11.2, "2019-09-30": -1.4, "2019-06-30": 4.9, "2019-03-31": "-7.90000", "2018-12-31": 2, "2018-09-30": 1.1, "2018-06-30": 11.1, "2018-03-31": "1.60000", "2017-12-31": -0.4, "2017-09-30": -0.4, "2017-06-30": 0.2, "2017-03-31": "0.10000", "2016-12-31": 6.7, "2016-09-30": -0.8, "2016-06-30": -0.9, "2016-03-31": "0.30000", "2015-12-31": 8.9, "2015-09-30": -1.9, "2015-06-30": -0.2, "2015-03-31": "", "2014-12-31": -7.2, "2014-09-30": 7.3, "2014-06-30": 1, "2014-03-31": "392.80000", "2013-12-31": -214.9, "2013-09-30": -14.8, "2013-06-30": 35.4, "2013-03-31": "-4.00000", "2012-12-31": -38.2, "2012-09-30": -20.1, "2012-06-30": -0.5, "2012-03-31": "-3.00000", "2011-12-31": -10.2, "2011-09-30": -12.4, "2011-06-30": -7.8, "2011-03-31": "-0.70000", "2010-12-31": -19.4, "2010-09-30": 3.1, "2010-06-30": -4, "2010-03-31": "-77.00000", "2009-12-31": -0.4, "2009-09-30": 1.9, "2009-06-30": 2.6, "2009-03-31": "70.20000", "2008-12-31": 22.5, "2008-09-30": -0.3, "2008-06-30": 8.2, "2008-03-31": "", "2007-12-31": 14.8, "2007-09-30": -1.4, "2007-06-30": 0, "2007-03-31": "0.20000", "2006-12-31": -0.4, "2006-09-30": 0.3, "2006-06-30": 0.1, "2006-03-31": "-0.20000", "2005-12-31": 0.1, "2005-09-30": -2, "2005-06-30": 0.4, "2005-03-31": "16.80000"}, "Cash Flow From Investing Activities": {"2020-09-30": -34.5, "2020-06-30": -45.5, "2020-03-31": "-73.70000", "2019-12-31": -40.3, "2019-09-30": -42.5, "2019-06-30": -81.2, "2019-03-31": "-46.10000", "2018-12-31": -52.6, "2018-09-30": -66.9, "2018-06-30": -450.5, "2018-03-31": "-48.50000", "2017-12-31": -40, "2017-09-30": -30.4, "2017-06-30": -27.9, "2017-03-31": "-30.90000", "2016-12-31": -19.8, "2016-09-30": -32.9, "2016-06-30": -257.6, "2016-03-31": "-34.10000", "2015-12-31": -23.7, "2015-09-30": -30.9, "2015-06-30": -24.4, "2015-03-31": "-33.00000", "2014-12-31": -17.8, "2014-09-30": -32.9, "2014-06-30": -40.4, "2014-03-31": "352.70000", "2013-12-31": -265.4, "2013-09-30": -57.2, "2013-06-30": -515.8, "2013-03-31": "-42.30000", "2012-12-31": -112.6, "2012-09-30": -97.8, "2012-06-30": -29.6, "2012-03-31": "-40.30000", "2011-12-31": -47.1, "2011-09-30": -107.6, "2011-06-30": -42.1, "2011-03-31": "-24.10000", "2010-12-31": -93.5, "2010-09-30": -26.4, "2010-06-30": -28.3, "2010-03-31": "-94.90000", "2009-12-31": -39.4, "2009-09-30": 20.9, "2009-06-30": -15.2, "2009-03-31": "59.80000", "2008-12-31": -7.2, "2008-09-30": -19.7, "2008-06-30": -10.9, "2008-03-31": "6.70000", "2007-12-31": -106.4, "2007-09-30": -20.1, "2007-06-30": -57.2, "2007-03-31": "-23.20000", "2006-12-31": -34.4, "2006-09-30": -30.2, "2006-06-30": -40.6, "2006-03-31": "-24.20000", "2005-12-31": -37.6, "2005-09-30": -20.1, "2005-06-30": -22.2, "2005-03-31": "2.00000"}, "Net Long-Term Debt": {"2020-09-30": -787.9, "2020-06-30": 750, "2020-03-31": "", "2019-12-31": 0, "2019-09-30": 0, "2019-06-30": 0, "2019-03-31": "", "2018-12-31": 0, "2018-09-30": 0, "2018-06-30": 0, "2018-03-31": "", "2017-12-31": 0, "2017-09-30": 0, "2017-06-30": 0, "2017-03-31": "", "2016-12-31": 0, "2016-09-30": 0, "2016-06-30": 0, "2016-03-31": "", "2015-12-31": 0, "2015-09-30": 0, "2015-06-30": 0, "2015-03-31": "", "2014-12-31": 0, "2014-09-30": 1000, "2014-06-30": 0, "2014-03-31": "", "2013-12-31": 0, "2013-09-30": 0, "2013-06-30": 0, "2013-03-31": "", "2012-12-31": 0, "2012-09-30": 0, "2012-06-30": 0, "2012-03-31": "", "2011-12-31": 0, "2011-09-30": 0, "2011-06-30": 0, "2011-03-31": "", "2010-12-31": 0, "2010-09-30": 0, "2010-06-30": 0, "2010-03-31": "", "2009-12-31": 0, "2009-09-30": 0, "2009-06-30": 0, "2009-03-31": "", "2008-12-31": 0, "2008-09-30": 0, "2008-06-30": 0, "2008-03-31": "", "2007-12-31": 0, "2007-09-30": 0, "2007-06-30": 0, "2007-03-31": "", "2006-12-31": 0, "2006-09-30": 0, "2006-06-30": 0, "2006-03-31": "", "2005-12-31": 0, "2005-09-30": 0, "2005-06-30": 0, "2005-03-31": ""}, "Net Current Debt": {"2020-09-30": 34.6, "2020-06-30": -1.8, "2020-03-31": "-1.90000", "2019-12-31": -4, "2019-09-30": -1.8, "2019-06-30": -1.9, "2019-03-31": "-3.50000", "2018-12-31": -4.2, "2018-09-30": -1, "2018-06-30": 444.5, "2018-03-31": "-3.10000", "2017-12-31": -26.9, "2017-09-30": -39.9, "2017-06-30": 40.1, "2017-03-31": "-2.80000", "2016-12-31": 0.7, "2016-09-30": -0.9, "2016-06-30": 2.6, "2016-03-31": "-596.00000", "2015-12-31": 8.4, "2015-09-30": -4, "2015-06-30": -13.9, "2015-03-31": "251.90000", "2014-12-31": -3.5, "2014-09-30": -74.5, "2014-06-30": 2.9, "2014-03-31": "436.00000", "2013-12-31": -8.9, "2013-09-30": 14, "2013-06-30": 0.7, "2013-03-31": "-17.70000", "2012-12-31": 15.6, "2012-09-30": 25.6, "2012-06-30": -1.9, "2012-03-31": "0.90000", "2011-12-31": 11.6, "2011-09-30": 11.1, "2011-06-30": 2.1, "2011-03-31": "-3.20000", "2010-12-31": 29.3, "2010-09-30": 4.8, "2010-06-30": 2, "2010-03-31": "-7.20000", "2009-12-31": 4.4, "2009-09-30": 0.2, "2009-06-30": -5, "2009-03-31": "", "2008-12-31": -34.8, "2008-09-30": 42.4, "2008-06-30": 0.6, "2008-03-31": "-1.50000", "2007-12-31": 7.6, "2007-09-30": -9, "2007-06-30": 10.7, "2007-03-31": "-1.10000", "2006-12-31": -0.2, "2006-09-30": -0.2, "2006-06-30": 0.8, "2006-03-31": "-0.20000", "2005-12-31": 0.7, "2005-09-30": -9.9, "2005-06-30": 0.7, "2005-03-31": "-2.50000"}, "Debt Issuance/Retirement Net - Total": {"2020-09-30": -753.3, "2020-06-30": 748.2, "2020-03-31": "-1.90000", "2019-12-31": -4, "2019-09-30": -1.8, "2019-06-30": -1.9, "2019-03-31": "-3.50000", "2018-12-31": -4.2, "2018-09-30": -1, "2018-06-30": 444.5, "2018-03-31": "-3.10000", "2017-12-31": -26.9, "2017-09-30": -39.9, "2017-06-30": 40.1, "2017-03-31": "-2.80000", "2016-12-31": 0.7, "2016-09-30": -0.9, "2016-06-30": 2.6, "2016-03-31": "-596.00000", "2015-12-31": 8.4, "2015-09-30": -4, "2015-06-30": -13.9, "2015-03-31": "251.90000", "2014-12-31": -3.5, "2014-09-30": 925.5, "2014-06-30": 2.9, "2014-03-31": "436.00000", "2013-12-31": -8.9, "2013-09-30": 14, "2013-06-30": 0.7, "2013-03-31": "-17.70000", "2012-12-31": 15.6, "2012-09-30": 25.6, "2012-06-30": -1.9, "2012-03-31": "0.90000", "2011-12-31": 11.6, "2011-09-30": 11.1, "2011-06-30": 2.1, "2011-03-31": "-3.20000", "2010-12-31": 29.3, "2010-09-30": 4.8, "2010-06-30": 2, "2010-03-31": "-7.20000", "2009-12-31": 4.4, "2009-09-30": 0.2, "2009-06-30": -5, "2009-03-31": "", "2008-12-31": -34.8, "2008-09-30": 42.4, "2008-06-30": 0.6, "2008-03-31": "-1.50000", "2007-12-31": 7.6, "2007-09-30": -9, "2007-06-30": 10.7, "2007-03-31": "-1.10000", "2006-12-31": -0.2, "2006-09-30": -0.2, "2006-06-30": 0.8, "2006-03-31": "-0.20000", "2005-12-31": 0.7, "2005-09-30": -9.9, "2005-06-30": 0.7, "2005-03-31": "-2.50000"}, "Net Common Equity Issued/Repurchased": {"2020-09-30": 0, "2020-06-30": 0, "2020-03-31": "-40.40000", "2019-12-31": 0, "2019-09-30": 1.1, "2019-06-30": -16.2, "2019-03-31": "4.40000", "2018-12-31": -19.9, "2018-09-30": -10, "2018-06-30": -9.2, "2018-03-31": "-34.20000", "2017-12-31": 1.6, "2017-09-30": -32.4, "2017-06-30": -13.8, "2017-03-31": "-4.00000", "2016-12-31": -136.3, "2016-09-30": -15.9, "2016-06-30": -14.7, "2016-03-31": "-11.20000", "2015-12-31": -79.4, "2015-09-30": -108.3, "2015-06-30": -45, "2015-03-31": "-41.90000", "2014-12-31": -129.3, "2014-09-30": -95.6, "2014-06-30": -168.4, "2014-03-31": "-52.80000", "2013-12-31": 3.5, "2013-09-30": 5.7, "2013-06-30": 18.9, "2013-03-31": "6.30000", "2012-12-31": 6.5, "2012-09-30": 7.9, "2012-06-30": 5.8, "2012-03-31": "12.00000", "2011-12-31": 1.8, "2011-09-30": 4.9, "2011-06-30": 3.5, "2011-03-31": "1.90000", "2010-12-31": 2.5, "2010-09-30": 1.1, "2010-06-30": 2.5, "2010-03-31": "4.30000", "2009-12-31": 0.8, "2009-09-30": 0.6, "2009-06-30": 0, "2009-03-31": "", "2008-12-31": 0, "2008-09-30": 0, "2008-06-30": 0.7, "2008-03-31": "8.90000", "2007-12-31": 19.9, "2007-09-30": 0.8, "2007-06-30": 5.2, "2007-03-31": "14.20000", "2006-12-31": 8.3, "2006-09-30": 0, "2006-06-30": 13.8, "2006-03-31": "2.00000", "2005-12-31": 0, "2005-09-30": 0.1, "2005-06-30": 0, "2005-03-31": "3.00000"}, "Net Total Equity Issued/Repurchased": {"2020-09-30": 0, "2020-06-30": 0, "2020-03-31": "-40.40000", "2019-12-31": 0, "2019-09-30": 1.1, "2019-06-30": -16.2, "2019-03-31": "4.40000", "2018-12-31": -19.9, "2018-09-30": -10, "2018-06-30": -9.2, "2018-03-31": "-34.20000", "2017-12-31": 1.6, "2017-09-30": -32.4, "2017-06-30": -13.8, "2017-03-31": "-4.00000", "2016-12-31": -136.3, "2016-09-30": -15.9, "2016-06-30": -14.7, "2016-03-31": "-11.20000", "2015-12-31": -79.4, "2015-09-30": -108.3, "2015-06-30": -45, "2015-03-31": "-41.90000", "2014-12-31": -129.3, "2014-09-30": -95.6, "2014-06-30": -168.4, "2014-03-31": "-52.80000", "2013-12-31": 3.5, "2013-09-30": 5.7, "2013-06-30": 18.9, "2013-03-31": "6.30000", "2012-12-31": 6.5, "2012-09-30": 7.9, "2012-06-30": 5.8, "2012-03-31": "12.00000", "2011-12-31": 1.8, "2011-09-30": 4.9, "2011-06-30": 3.5, "2011-03-31": "1.90000", "2010-12-31": 2.5, "2010-09-30": 1.1, "2010-06-30": 2.5, "2010-03-31": "4.30000", "2009-12-31": 0.8, "2009-09-30": 0.6, "2009-06-30": 0, "2009-03-31": "", "2008-12-31": 0, "2008-09-30": 0, "2008-06-30": 0.7, "2008-03-31": "8.90000", "2007-12-31": 19.9, "2007-09-30": 0.8, "2007-06-30": 5.2, "2007-03-31": "14.20000", "2006-12-31": 8.3, "2006-09-30": 0, "2006-06-30": 13.8, "2006-03-31": "2.00000", "2005-12-31": 0, "2005-09-30": 0.1, "2005-06-30": 0, "2005-03-31": "3.00000"}, "Total Common And Preferred Stock Dividends Paid": {"2020-09-30": -19.8, "2020-06-30": -19.9, "2020-03-31": "-20.50000", "2019-12-31": -18, "2019-09-30": -18, "2019-06-30": -18.2, "2019-03-31": "-18.40000", "2018-12-31": -16.1, "2018-09-30": -16.1, "2018-06-30": -16.2, "2018-03-31": "-16.20000", "2017-12-31": -14.3, "2017-09-30": -14.3, "2017-06-30": -14.4, "2017-03-31": "-14.30000", "2016-12-31": -11.9, "2016-09-30": -12.1, "2016-06-30": -12, "2016-03-31": "", "2015-12-31": 0, "2015-09-30": 0, "2015-06-30": 0, "2015-03-31": "", "2014-12-31": 0, "2014-09-30": 0, "2014-06-30": 0, "2014-03-31": "", "2013-12-31": 0, "2013-09-30": 0, "2013-06-30": 0, "2013-03-31": "", "2012-12-31": 0, "2012-09-30": 0, "2012-06-30": 0, "2012-03-31": "", "2011-12-31": 0, "2011-09-30": 0, "2011-06-30": 0, "2011-03-31": "", "2010-12-31": 0, "2010-09-30": 0, "2010-06-30": 0, "2010-03-31": "", "2009-12-31": -26.1, "2009-09-30": -0.6, "2009-06-30": 0, "2009-03-31": "-13.70000", "2008-12-31": -0.1, "2008-09-30": 0, "2008-06-30": -13.3, "2008-03-31": "", "2007-12-31": -12, "2007-09-30": 0, "2007-06-30": 0, "2007-03-31": "", "2006-12-31": 0, "2006-09-30": 0, "2006-06-30": 0, "2006-03-31": "", "2005-12-31": 0, "2005-09-30": 0, "2005-06-30": 0, "2005-03-31": ""}, "Financial Activities - Other": {"2020-09-30": 2.4, "2020-06-30": -10.3, "2020-03-31": "-4.20000", "2019-12-31": 0, "2019-09-30": 0, "2019-06-30": -0.6, "2019-03-31": "-4.30000", "2018-12-31": 33.5, "2018-09-30": 0, "2018-06-30": -13.7, "2018-03-31": "-1.60000", "2017-12-31": 4.4, "2017-09-30": 0.2, "2017-06-30": -3.7, "2017-03-31": "-0.30000", "2016-12-31": -0.1, "2016-09-30": 0.3, "2016-06-30": -0.3, "2016-03-31": "747.60000", "2015-12-31": -5.4, "2015-09-30": -1, "2015-06-30": 0.1, "2015-03-31": "-2.00000", "2014-12-31": -12.9, "2014-09-30": -14.9, "2014-06-30": -0.4, "2014-03-31": "-22.40000", "2013-12-31": -3.3, "2013-09-30": -29.4, "2013-06-30": 1, "2013-03-31": "0.80000", "2012-12-31": 9.8, "2012-09-30": 24.3, "2012-06-30": 2.1, "2012-03-31": "1.70000", "2011-12-31": 1.3, "2011-09-30": 1.8, "2011-06-30": 1.3, "2011-03-31": "1.60000", "2010-12-31": 0.9, "2010-09-30": 0.2, "2010-06-30": 1.9, "2010-03-31": "-0.80000", "2009-12-31": -0.5, "2009-09-30": -0.5, "2009-06-30": -1.7, "2009-03-31": "0.80000", "2008-12-31": -0.7, "2008-09-30": -0.3, "2008-06-30": -0.6, "2008-03-31": "-0.70000", "2007-12-31": -0.6, "2007-09-30": -0.7, "2007-06-30": -0.6, "2007-03-31": "-0.70000", "2006-12-31": -0.6, "2006-09-30": -0.7, "2006-06-30": -0.6, "2006-03-31": "-0.50000", "2005-12-31": -2.2, "2005-09-30": 1.1, "2005-06-30": -0.5, "2005-03-31": "-0.60000"}, "Cash Flow From Financial Activities": {"2020-09-30": -770.7, "2020-06-30": 718, "2020-03-31": "-67.00000", "2019-12-31": -22, "2019-09-30": -18.7, "2019-06-30": -36.9, "2019-03-31": "-21.80000", "2018-12-31": -6.7, "2018-09-30": -27.1, "2018-06-30": 405.4, "2018-03-31": "-55.10000", "2017-12-31": -35.2, "2017-09-30": -86.4, "2017-06-30": 8.2, "2017-03-31": "-21.40000", "2016-12-31": -147.6, "2016-09-30": -28.6, "2016-06-30": -24.4, "2016-03-31": "140.40000", "2015-12-31": -76.4, "2015-09-30": -113.3, "2015-06-30": -58.8, "2015-03-31": "208.00000", "2014-12-31": -145.7, "2014-09-30": 815, "2014-06-30": -165.9, "2014-03-31": "360.80000", "2013-12-31": -8.7, "2013-09-30": -9.7, "2013-06-30": 20.6, "2013-03-31": "-10.60000", "2012-12-31": 31.9, "2012-09-30": 57.8, "2012-06-30": 6, "2012-03-31": "14.60000", "2011-12-31": 14.7, "2011-09-30": 17.8, "2011-06-30": 6.9, "2011-03-31": "0.30000", "2010-12-31": 32.7, "2010-09-30": 6.1, "2010-06-30": 6.4, "2010-03-31": "-3.70000", "2009-12-31": -21.4, "2009-09-30": -0.3, "2009-06-30": -6.7, "2009-03-31": "-12.90000", "2008-12-31": -35.6, "2008-09-30": 42.1, "2008-06-30": -12.6, "2008-03-31": "6.70000", "2007-12-31": 14.9, "2007-09-30": -8.9, "2007-06-30": 15.3, "2007-03-31": "12.40000", "2006-12-31": 7.5, "2006-09-30": -0.9, "2006-06-30": 14, "2006-03-31": "1.30000", "2005-12-31": -1.5, "2005-09-30": -8.7, "2005-06-30": 0.2, "2005-03-31": "-0.10000"}, "Net Cash Flow": {"2020-09-30": -728.9, "2020-06-30": 804.1, "2020-03-31": "-89.20000", "2019-12-31": 64, "2019-09-30": 59, "2019-06-30": -43.9, "2019-03-31": "2.80000", "2018-12-31": 47.7, "2018-09-30": 20.5, "2018-06-30": -18.5, "2018-03-31": "-12.20000", "2017-12-31": -23, "2017-09-30": 13.9, "2017-06-30": 86.2, "2017-03-31": "-14.20000", "2016-12-31": -113.2, "2016-09-30": 10.1, "2016-06-30": -220.2, "2016-03-31": "84.60000", "2015-12-31": -1.2, "2015-09-30": -35.8, "2015-06-30": 40.1, "2015-03-31": "-230.70000", "2014-12-31": -50.5, "2014-09-30": 324.1, "2014-06-30": -139, "2014-03-31": "-541.90000", "2013-12-31": -89.9, "2013-09-30": 112.3, "2013-06-30": -377.4, "2013-03-31": "-17.10000", "2012-12-31": 85.7, "2012-09-30": 139.8, "2012-06-30": 103.2, "2012-03-31": "-40.10000", "2011-12-31": 124.5, "2011-09-30": 29.1, "2011-06-30": 75.3, "2011-03-31": "-196.30000", "2010-12-31": 96.4, "2010-09-30": 77.7, "2010-06-30": 58.7, "2010-03-31": "-110.10000", "2009-12-31": 127.6, "2009-09-30": 157.7, "2009-06-30": 54, "2009-03-31": "93.60000", "2008-12-31": 134.9, "2008-09-30": -70.2, "2008-06-30": -65.4, "2008-03-31": "-19.70000", "2007-12-31": -54.5, "2007-09-30": 40.7, "2007-06-30": 15, "2007-03-31": "-57.00000", "2006-12-31": 82.6, "2006-09-30": 10.5, "2006-06-30": 27.8, "2006-03-31": "-59.30000", "2005-12-31": 11.2, "2005-09-30": 59.5, "2005-06-30": -70.8, "2005-03-31": "-35.60000"}, "Stock-Based Compensation": {"2020-09-30": 0, "2020-06-30": 0, "2020-03-31": "", "2019-12-31": 14.6, "2019-09-30": 0, "2019-06-30": 0, "2019-03-31": "", "2018-12-31": 18.6, "2018-09-30": 0, "2018-06-30": 0, "2018-03-31": "", "2017-12-31": 11, "2017-09-30": 0, "2017-06-30": 0, "2017-03-31": "", "2016-12-31": 11.6, "2016-09-30": 0, "2016-06-30": 0, "2016-03-31": "", "2015-12-31": 0, "2015-09-30": 0, "2015-06-30": 0, "2015-03-31": "", "2014-12-31": 0, "2014-09-30": 0, "2014-06-30": 0, "2014-03-31": "", "2013-12-31": 0, "2013-09-30": 0, "2013-06-30": 0, "2013-03-31": "", "2012-12-31": 0, "2012-09-30": 0, "2012-06-30": 0, "2012-03-31": "", "2011-12-31": 0, "2011-09-30": 0, "2011-06-30": 0, "2011-03-31": "", "2010-12-31": 0, "2010-09-30": 0, "2010-06-30": 0, "2010-03-31": "", "2009-12-31": 0, "2009-09-30": 0, "2009-06-30": 0, "2009-03-31": "", "2008-12-31": 0, "2008-09-30": 0, "2008-06-30": 0, "2008-03-31": "", "2007-12-31": 0, "2007-09-30": 0, "2007-06-30": 0, "2007-03-31": "", "2006-12-31": 0, "2006-09-30": 0, "2006-06-30": 0, "2006-03-31": "", "2005-12-31": 0, "2005-09-30": 0, "2005-06-30": 0, "2005-03-31": ""}, "Common Stock Dividends Paid": {"2020-09-30": -19.8, "2020-06-30": -19.9, "2020-03-31": "-20.50000", "2019-12-31": -18, "2019-09-30": -18, "2019-06-30": -18.2, "2019-03-31": "-18.40000", "2018-12-31": -16.1, "2018-09-30": -16.1, "2018-06-30": -16.2, "2018-03-31": "-16.20000", "2017-12-31": -14.3, "2017-09-30": -14.3, "2017-06-30": -14.4, "2017-03-31": "-14.30000", "2016-12-31": -11.9, "2016-09-30": -12.1, "2016-06-30": -12, "2016-03-31": "0.00000", "2015-12-31": 0, "2015-09-30": 0, "2015-06-30": 0, "2015-03-31": "", "2014-12-31": 0, "2014-09-30": 0, "2014-06-30": 0, "2014-03-31": "", "2013-12-31": 0, "2013-09-30": 0, "2013-06-30": 0, "2013-03-31": "", "2012-12-31": 0, "2012-09-30": 0, "2012-06-30": 0, "2012-03-31": "", "2011-12-31": 0, "2011-09-30": 0, "2011-06-30": 0, "2011-03-31": "", "2010-12-31": 0, "2010-09-30": 0, "2010-06-30": 0, "2010-03-31": "", "2009-12-31": -26.1, "2009-09-30": -0.6, "2009-06-30": 0, "2009-03-31": "-13.70000", "2008-12-31": -0.1, "2008-09-30": 0, "2008-06-30": -13.3, "2008-03-31": "", "2007-12-31": -12, "2007-09-30": 0, "2007-06-30": 0, "2007-03-31": "", "2006-12-31": 0, "2006-09-30": 0, "2006-06-30": 0, "2006-03-31": "", "2005-12-31": 0, "2005-09-30": 0, "2005-06-30": 0, "2005-03-31": ""}}, "financial ratios": {"Current Ratio": {"2019-12-31": "1.52320", "2018-12-31": "1.66660", "2017-12-31": "1.62560", "2016-12-31": "1.36190", "2015-12-31": "1.67440", "2014-12-31": "1.23280", "2013-12-31": "3.60980", "2012-12-31": "3.78340", "2011-12-31": "3.39140", "2010-12-31": "3.57330", "2009-12-31": "3.29230", "2008-12-31": "2.81040", "2007-12-31": "3.14320", "2006-12-31": "3.05130", "2005-12-31": "3.24440"}, "Long-term Debt / Capital": {"2019-12-31": "0.82950", "2018-12-31": "0.85340", "2017-12-31": "0.85270", "2016-12-31": "0.80190", "2015-12-31": "0.90860", "2014-12-31": "0.83870", "2013-12-31": "0.04930", "2012-12-31": "0.10070", "2011-12-31": "0.11420", "2010-12-31": "-0.29080", "2009-12-31": "-0.03900", "2008-12-31": "-0.00170", "2007-12-31": "-0.00090", "2006-12-31": "-0.00040", "2005-12-31": "-0.00070"}, "Debt/Equity Ratio": {"2019-12-31": "4.92390", "2018-12-31": "5.88520", "2017-12-31": "5.86370", "2016-12-31": "4.25380", "2015-12-31": "10.20990", "2014-12-31": "5.46290", "2013-12-31": "0.19380", "2012-12-31": "0.38400", "2011-12-31": "0.49490", "2010-12-31": "-0.79650", "2009-12-31": "-0.08090", "2008-12-31": "-0.03340", "2007-12-31": "-0.01430", "2006-12-31": "-0.00640", "2005-12-31": "-0.00450"}, "Gross Margin": {"2019-12-31": "40.53420", "2018-12-31": "39.68220", "2017-12-31": "39.38830", "2016-12-31": "41.89920", "2015-12-31": "40.02580", "2014-12-31": "37.78520", "2013-12-31": "37.31500", "2012-12-31": "35.31610", "2011-12-31": "34.64930", "2010-12-31": "35.46170", "2009-12-31": "32.72570", "2008-12-31": "29.65030", "2007-12-31": "31.67370", "2006-12-31": "31.12330", "2005-12-31": "30.92430"}, "Operating Margin": {"2019-12-31": "16.68450", "2018-12-31": "16.62960", "2017-12-31": "18.54350", "2016-12-31": "21.66900", "2015-12-31": "17.54700", "2014-12-31": "11.24450", "2013-12-31": "18.66240", "2012-12-31": "13.14210", "2011-12-31": "11.97110", "2010-12-31": "10.67660", "2009-12-31": "5.69200", "2008-12-31": "7.50980", "2007-12-31": "8.15360", "2006-12-31": "5.54040", "2005-12-31": "5.97390"}, "EBIT Margin": {"2019-12-31": "16.68450", "2018-12-31": "16.62960", "2017-12-31": "18.54350", "2016-12-31": "21.66900", "2015-12-31": "17.54700", "2014-12-31": "11.24450", "2013-12-31": "18.66240", "2012-12-31": "13.14210", "2011-12-31": "11.97110", "2010-12-31": "10.67660", "2009-12-31": "5.69200", "2008-12-31": "7.50980", "2007-12-31": "8.15360", "2006-12-31": "5.54040", "2005-12-31": "5.97390"}, "EBITDA Margin": {"2019-12-31": "21.80690", "2018-12-31": "21.84670", "2017-12-31": "25.03930", "2016-12-31": "27.94320", "2015-12-31": "23.63960", "2014-12-31": "17.08870", "2013-12-31": "22.68440", "2012-12-31": "16.91330", "2011-12-31": "15.70720", "2010-12-31": "14.99810", "2009-12-31": "9.69200", "2008-12-31": "11.08830", "2007-12-31": "11.79380", "2006-12-31": "9.55600", "2005-12-31": "10.67910"}, "Pre-Tax Profit Margin": {"2019-12-31": "9.37130", "2018-12-31": "12.67530", "2017-12-31": "12.28660", "2016-12-31": "10.38410", "2015-12-31": "11.89660", "2014-12-31": "5.94660", "2013-12-31": "11.78160", "2012-12-31": "-0.65280", "2011-12-31": "9.55820", "2010-12-31": "8.96820", "2009-12-31": "3.28140", "2008-12-31": "4.25690", "2007-12-31": "3.60170", "2006-12-31": "1.33730", "2005-12-31": "4.26930"}, "Net Profit Margin": {"2019-12-31": "6.45010", "2018-12-31": "8.67450", "2017-12-31": "0.65250", "2016-12-31": "5.88640", "2015-12-31": "8.85640", "2014-12-31": "15.72300", "2013-12-31": "8.36740", "2012-12-31": "1.26760", "2011-12-31": "6.84020", "2010-12-31": "7.74210", "2009-12-31": "2.52040", "2008-12-31": "3.66290", "2007-12-31": "2.85050", "2006-12-31": "0.30430", "2005-12-31": "2.61920"}, "Asset Turnover": {"2019-12-31": "0.49790", "2018-12-31": "0.54190", "2017-12-31": "0.59050", "2016-12-31": "0.54900", "2015-12-31": "0.44660", "2014-12-31": "0.42930", "2013-12-31": "0.56720", "2012-12-31": "0.61990", "2011-12-31": "0.71470", "2010-12-31": "0.62620", "2009-12-31": "0.71190", "2008-12-31": "0.85590", "2007-12-31": "0.79710", "2006-12-31": "0.77710", "2005-12-31": "0.72610"}, "Inventory Turnover Ratio": {"2019-12-31": "3.75730", "2018-12-31": "4.14590", "2017-12-31": "4.50580", "2016-12-31": "4.07370", "2015-12-31": "4.91200", "2014-12-31": "3.28520", "2013-12-31": "6.49710", "2012-12-31": "7.19710", "2011-12-31": "6.37800", "2010-12-31": "6.65790", "2009-12-31": "8.61510", "2008-12-31": "6.57690", "2007-12-31": "5.86530", "2006-12-31": "6.84050", "2005-12-31": "6.37770"}, "Receiveable Turnover": {"2019-12-31": "6.37820", "2018-12-31": "6.69710", "2017-12-31": "6.01860", "2016-12-31": "5.83640", "2015-12-31": "6.39760", "2014-12-31": "3.65270", "2013-12-31": "6.35260", "2012-12-31": "6.43450", "2011-12-31": "6.79050", "2010-12-31": "6.92830", "2009-12-31": "7.72280", "2008-12-31": "7.17030", "2007-12-31": "6.22290", "2006-12-31": "6.63030", "2005-12-31": "6.39660"}, "Days Sales In Receivables": {"2019-12-31": "57.22640", "2018-12-31": "54.50160", "2017-12-31": "60.64550", "2016-12-31": "62.53820", "2015-12-31": "57.05230", "2014-12-31": "99.92690", "2013-12-31": "57.45650", "2012-12-31": "56.72510", "2011-12-31": "53.75170", "2010-12-31": "52.68280", "2009-12-31": "47.26270", "2008-12-31": "50.90410", "2007-12-31": "58.65400", "2006-12-31": "55.05020", "2005-12-31": "57.06190"}, "ROE - Return On Equity": {"2019-12-31": "31.50170", "2018-12-31": "49.49550", "2017-12-31": "3.94990", "2016-12-31": "28.73250", "2015-12-31": "58.30590", "2014-12-31": "31.68020", "2013-12-31": "45.11560", "2012-12-31": "12.82050", "2011-12-31": "130.80590", "2010-12-31": "-301.45370", "2009-12-31": "-27.95180", "2008-12-31": "-38.69420", "2007-12-31": "-32.40850", "2006-12-31": "-1.56420", "2005-12-31": "-11.30520"}, "Return On Tangible Equity": {"2019-12-31": "-25.46730", "2018-12-31": "-29.79100", "2017-12-31": "-2.63620", "2016-12-31": "-36.78240", "2015-12-31": "-35.24890", "2014-12-31": "-31.43320", "2013-12-31": "-127.70080", "2012-12-31": "101.48560", "2011-12-31": "-427.09560", "2010-12-31": "-106.74220", "2009-12-31": "-19.84840", "2008-12-31": "-29.07200", "2007-12-31": "-24.00930", "2006-12-31": "-1.29070", "2005-12-31": "-9.62530"}, "ROA - Return On Assets": {"2019-12-31": "3.22180", "2018-12-31": "4.67840", "2017-12-31": "0.35780", "2016-12-31": "3.67470", "2015-12-31": "3.39850", "2014-12-31": "2.85570", "2013-12-31": "4.77570", "2012-12-31": "0.80540", "2011-12-31": "4.87540", "2010-12-31": "4.85520", "2009-12-31": "2.04630", "2008-12-31": "3.53240", "2007-12-31": "2.89890", "2006-12-31": "0.23640", "2005-12-31": "1.90190"}, "ROI - Return On Investment": {"2019-12-31": "5.36980", "2018-12-31": "7.25850", "2017-12-31": "0.58190", "2016-12-31": "5.69150", "2015-12-31": "5.33130", "2014-12-31": "5.10930", "2013-12-31": "42.89280", "2012-12-31": "11.52980", "2011-12-31": "115.86460", "2010-12-31": "-389.11820", "2009-12-31": "-29.04150", "2008-12-31": "-38.75990", "2007-12-31": "-32.43630", "2006-12-31": "-1.56480", "2005-12-31": "-11.31280"}, "Book Value Per Share": {"2019-12-31": "6.02670", "2018-12-31": "5.04540", "2017-12-31": "3.88460", "2016-12-31": "5.45170", "2015-12-31": "3.01270", "2014-12-31": "5.06010", "2013-12-31": "7.41380", "2012-12-31": "4.23210", "2011-12-31": "2.26700", "2010-12-31": "-0.94090", "2009-12-31": "-4.29820", "2008-12-31": "-4.90310", "2007-12-31": "-4.88080", "2006-12-31": "-7.97790", "2005-12-31": "-8.89540"}, "Operating Cash Flow Per Share": {"2019-12-31": 0.7793, "2018-12-31": 0.4013, "2017-12-31": 0.8861, "2016-12-31": 6.4086, "2015-12-31": 19.6337, "2014-12-31": -28.8876, "2013-12-31": 0.6946, "2012-12-31": 3.039, "2011-12-31": -1.4744, "2010-12-31": -1.5893, "2009-12-31": 5.7628, "2008-12-31": -1.1925, "2007-12-31": -0.8363, "2006-12-31": 1.2357, "2005-12-31": 1}, "Free Cash Flow Per Share": {"2019-12-31": 1.0918, "2018-12-31": -0.9768, "2017-12-31": 0.5141, "2016-12-31": 6.5812, "2015-12-31": 19.7336, "2014-12-31": -28.6136, "2013-12-31": 0.4995, "2012-12-31": 3.1311, "2011-12-31": -1.8884, "2010-12-31": -1.7906, "2009-12-31": 6.2943, "2008-12-31": -1.1892, "2007-12-31": -0.9179, "2006-12-31": 0.8872, "2005-12-31": -0.3967}}, "financial ratios, quarterly": {"Current Ratio": {"2020-09-30": "1.68340", "2020-06-30": "1.26390", "2020-03-31": "1.48730", "2019-12-31": "1.52320", "2019-09-30": "1.49210", "2019-06-30": "1.48300", "2019-03-31": "1.54180", "2018-12-31": "1.66660", "2018-09-30": "1.58530", "2018-06-30": "1.56710", "2018-03-31": "1.56270", "2017-12-31": "1.62560", "2017-09-30": "1.59120", "2017-06-30": "1.52230", "2017-03-31": "1.44880", "2016-12-31": "1.36190", "2016-09-30": "1.58140", "2016-06-30": "1.56030", "2016-03-31": "1.92320", "2015-12-31": "1.67440", "2015-09-30": "1.99450", "2015-06-30": "2.18280", "2015-03-31": "2.01960", "2014-12-31": "1.23280", "2014-09-30": "1.46300", "2014-06-30": "1.14590", "2014-03-31": "1.25830", "2013-12-31": "3.60980", "2013-09-30": "4.20050", "2013-06-30": "4.03190", "2013-03-31": "4.06900", "2012-12-31": "3.78340", "2012-09-30": "3.71820", "2012-06-30": "3.61600", "2012-03-31": "3.45570", "2011-12-31": "3.39140", "2011-09-30": "3.06840", "2011-06-30": "3.23330", "2011-03-31": "3.16590", "2010-12-31": "3.57330", "2010-09-30": "3.65940", "2010-06-30": "3.77150", "2010-03-31": "3.61490", "2009-12-31": "3.29230", "2009-09-30": "3.20700", "2009-06-30": "3.03120", "2009-03-31": "2.80240", "2008-12-31": "2.81040", "2008-09-30": "2.87600", "2008-06-30": "2.39410", "2008-03-31": "3.19340", "2007-12-31": "3.14320", "2007-09-30": "2.82720", "2007-06-30": "2.88390", "2007-03-31": "3.08700", "2006-12-31": "3.05130", "2006-09-30": "3.19360", "2006-06-30": "3.46920", "2006-03-31": "3.49460", "2005-12-31": "3.24440", "2005-09-30": "3.14170", "2005-06-30": "3.18340", "2005-03-31": "3.65030"}, "Long-term Debt / Capital": {"2020-09-30": "0.86100", "2020-06-30": "0.85080", "2020-03-31": "0.83580", "2019-12-31": "0.82950", "2019-09-30": "0.81270", "2019-06-30": "0.83500", "2019-03-31": "0.84720", "2018-12-31": "0.85340", "2018-09-30": "0.87510", "2018-06-30": "0.86940", "2018-03-31": "0.86170", "2017-12-31": "0.85270", "2017-09-30": "0.79310", "2017-06-30": "0.78900", "2017-03-31": "0.79250", "2016-12-31": "0.80190", "2016-09-30": "0.75360", "2016-06-30": "0.75520", "2016-03-31": "0.79250", "2015-12-31": "0.90860", "2015-09-30": "0.89280", "2015-06-30": "0.84780", "2015-03-31": "0.85340", "2014-12-31": "0.83870", "2014-09-30": "0.78630", "2014-06-30": "0.61610", "2014-03-31": "0.61730", "2013-12-31": "0.04930", "2013-09-30": "0.04900", "2013-06-30": "0.05650", "2013-03-31": "0.07510", "2012-12-31": "0.10070", "2012-09-30": "0.08070", "2012-06-30": "0.07530", "2012-03-31": "0.07950", "2011-12-31": "0.11420", "2011-09-30": "0.21550", "2011-06-30": "0.14290", "2011-03-31": "0.80090", "2010-12-31": "-0.29080", "2010-09-30": "-0.09640", "2010-06-30": "-0.05760", "2010-03-31": "-0.05020", "2009-12-31": "-0.03900", "2009-09-30": "-0.00130", "2009-06-30": "-0.00140", "2009-03-31": "-0.00130", "2008-12-31": "-0.00170", "2008-09-30": "-0.00120", "2008-06-30": "-0.00090", "2008-03-31": "-0.00080", "2007-12-31": "-0.00090", "2007-09-30": "-0.00070", "2007-06-30": "-0.00070", "2007-03-31": "-0.00040", "2006-12-31": "-0.00040", "2006-09-30": "-0.00070", "2006-06-30": "-0.00070", "2006-03-31": "-0.00070", "2005-12-31": "-0.00070", "2005-09-30": "-0.00090", "2005-06-30": "-0.00080", "2005-03-31": "-0.00180"}, "Debt/Equity Ratio": {"2020-09-30": "6.25400", "2020-06-30": "7.77290", "2020-03-31": "5.15320", "2019-12-31": "4.92390", "2019-09-30": "4.38830", "2019-06-30": "5.12010", "2019-03-31": "5.60800", "2018-12-31": "5.88520", "2018-09-30": "7.08960", "2018-06-30": "6.73650", "2018-03-31": "6.28910", "2017-12-31": "5.86370", "2017-09-30": "3.95060", "2017-06-30": "3.95220", "2017-03-31": "3.93150", "2016-12-31": "4.25380", "2016-09-30": "3.21510", "2016-06-30": "3.24950", "2016-03-31": "4.01870", "2015-12-31": "10.20990", "2015-09-30": "8.60840", "2015-06-30": "5.77030", "2015-03-31": "6.06360", "2014-12-31": "5.46290", "2014-09-30": "3.86540", "2014-06-30": "1.88050", "2014-03-31": "1.87350", "2013-12-31": "0.19380", "2013-09-30": "0.19970", "2013-06-30": "0.20070", "2013-03-31": "0.25610", "2012-12-31": "0.38400", "2012-09-30": "0.27650", "2012-06-30": "0.29310", "2012-03-31": "0.32770", "2011-12-31": "0.49490", "2011-09-30": "0.92470", "2011-06-30": "0.52460", "2011-03-31": "12.69050", "2010-12-31": "-0.79650", "2010-09-30": "-0.14050", "2010-06-30": "-0.08630", "2010-03-31": "-0.06780", "2009-12-31": "-0.08090", "2009-09-30": "-0.02240", "2009-06-30": "-0.01930", "2009-03-31": "-0.03470", "2008-12-31": "-0.03340", "2008-09-30": "-0.02570", "2008-06-30": "-0.01220", "2008-03-31": "-0.00980", "2007-12-31": "-0.01430", "2007-09-30": "-0.01080", "2007-06-30": "-0.02910", "2007-03-31": "-0.00440", "2006-12-31": "-0.00640", "2006-09-30": "-0.00660", "2006-06-30": "-0.00630", "2006-03-31": "-0.00440", "2005-12-31": "-0.00450", "2005-09-30": "-0.00560", "2005-06-30": "-0.01900", "2005-03-31": "-0.01780"}, "Gross Margin": {"2020-09-30": "37.29140", "2020-06-30": "28.49300", "2020-03-31": "37.86480", "2019-12-31": "40.57480", "2019-09-30": "40.59510", "2019-06-30": "40.77100", "2019-03-31": "40.17040", "2018-12-31": "37.75000", "2018-09-30": "40.85670", "2018-06-30": "40.91000", "2018-03-31": "39.28160", "2017-12-31": "40.13060", "2017-09-30": "39.88360", "2017-06-30": "38.92900", "2017-03-31": "38.49250", "2016-12-31": "39.85930", "2016-09-30": "41.58220", "2016-06-30": "44.35340", "2016-03-31": "42.08930", "2015-12-31": "40.20720", "2015-09-30": "41.60820", "2015-06-30": "41.20830", "2015-03-31": "37.02770", "2014-12-31": "37.25060", "2014-09-30": "38.27650", "2014-06-30": "38.29360", "2014-03-31": "36.15850", "2013-12-31": "38.59920", "2013-09-30": "36.61350", "2013-06-30": "37.48130", "2013-03-31": "36.48400", "2012-12-31": "31.13560", "2012-09-30": "36.67270", "2012-06-30": "36.78480", "2012-03-31": "36.73120", "2011-12-31": "29.00920", "2011-09-30": "36.61190", "2011-06-30": "36.85870", "2011-03-31": "36.28000", "2010-12-31": "35.33910", "2010-09-30": "35.99180", "2010-06-30": "35.69340", "2010-03-31": "34.75360", "2009-12-31": "36.62100", "2009-09-30": "34.83280", "2009-06-30": "34.19130", "2009-03-31": "24.99630", "2008-12-31": "27.30350", "2008-09-30": "29.07580", "2008-06-30": "30.63330", "2008-03-31": "31.53320", "2007-12-31": "32.15130", "2007-09-30": "31.98830", "2007-06-30": "31.97590", "2007-03-31": "30.45000", "2006-12-31": "20.36130", "2006-09-30": "34.77210", "2006-06-30": "35.53700", "2006-03-31": "33.52570", "2005-12-31": "18.84040", "2005-09-30": "34.80260", "2005-06-30": "35.00370", "2005-03-31": "34.89720"}, "Operating Margin": {"2020-09-30": "10.03810", "2020-06-30": "6.66350", "2020-03-31": "16.32270", "2019-12-31": "12.22990", "2019-09-30": "20.87140", "2019-06-30": "22.44940", "2019-03-31": "10.96910", "2018-12-31": "19.17310", "2018-09-30": "7.51670", "2018-06-30": "20.58880", "2018-03-31": "19.55970", "2017-12-31": "15.71270", "2017-09-30": "20.48890", "2017-06-30": "19.62750", "2017-03-31": "18.54270", "2016-12-31": "20.41740", "2016-09-30": "22.00250", "2016-06-30": "24.17410", "2016-03-31": "20.12130", "2015-12-31": "14.59510", "2015-09-30": "20.99200", "2015-06-30": "20.13750", "2015-03-31": "14.58440", "2014-12-31": "33.81750", "2014-09-30": "18.63620", "2014-06-30": "18.68740", "2014-03-31": "15.03020", "2013-12-31": "23.49680", "2013-09-30": "17.85300", "2013-06-30": "17.71300", "2013-03-31": "15.32610", "2012-12-31": "7.19480", "2012-09-30": "15.43910", "2012-06-30": "16.35420", "2012-03-31": "13.54720", "2011-12-31": "3.96080", "2011-09-30": "15.66770", "2011-06-30": "15.27110", "2011-03-31": "12.96540", "2010-12-31": "10.01440", "2010-09-30": "12.02170", "2010-06-30": "11.72260", "2010-03-31": "8.76570", "2009-12-31": "7.97580", "2009-09-30": "11.38530", "2009-06-30": "8.39660", "2009-03-31": "-5.68830", "2008-12-31": "3.65700", "2008-09-30": "8.24150", "2008-06-30": "9.67780", "2008-03-31": "7.98210", "2007-12-31": "6.74380", "2007-09-30": "8.47910", "2007-06-30": "10.10090", "2007-03-31": "7.16880", "2006-12-31": "2.45200", "2006-09-30": "6.52820", "2006-06-30": "7.83160", "2006-03-31": "5.16250", "2005-12-31": "2.26270", "2005-09-30": "8.44810", "2005-06-30": "8.01180", "2005-03-31": "4.92370"}, "EBIT Margin": {"2020-09-30": "10.03810", "2020-06-30": "6.66350", "2020-03-31": "16.32270", "2019-12-31": "12.22990", "2019-09-30": "20.87140", "2019-06-30": "22.44940", "2019-03-31": "10.96910", "2018-12-31": "19.17310", "2018-09-30": "7.51670", "2018-06-30": "20.58880", "2018-03-31": "19.55970", "2017-12-31": "15.71270", "2017-09-30": "20.48890", "2017-06-30": "19.62750", "2017-03-31": "18.54270", "2016-12-31": "20.41740", "2016-09-30": "22.00250", "2016-06-30": "24.17410", "2016-03-31": "20.12130", "2015-12-31": "14.59510", "2015-09-30": "20.99200", "2015-06-30": "20.13750", "2015-03-31": "14.58440", "2014-12-31": "33.81750", "2014-09-30": "18.63620", "2014-06-30": "18.68740", "2014-03-31": "15.03020", "2013-12-31": "23.49680", "2013-09-30": "17.85300", "2013-06-30": "17.71300", "2013-03-31": "15.32610", "2012-12-31": "7.19480", "2012-09-30": "15.43910", "2012-06-30": "16.35420", "2012-03-31": "13.54720", "2011-12-31": "3.96080", "2011-09-30": "15.66770", "2011-06-30": "15.27110", "2011-03-31": "12.96540", "2010-12-31": "10.01440", "2010-09-30": "12.02170", "2010-06-30": "11.72260", "2010-03-31": "8.76570", "2009-12-31": "7.97590", "2009-09-30": "11.38530", "2009-06-30": "8.39660", "2009-03-31": "-5.68830", "2008-12-31": "3.65700", "2008-09-30": "8.24150", "2008-06-30": "9.67780", "2008-03-31": "7.98210", "2007-12-31": "6.74380", "2007-09-30": "8.47910", "2007-06-30": "10.10090", "2007-03-31": "7.16880", "2006-12-31": "2.45200", "2006-09-30": "6.52820", "2006-06-30": "7.83160", "2006-03-31": "5.16250", "2005-12-31": "2.26270", "2005-09-30": "8.44810", "2005-06-30": "8.01180", "2005-03-31": "4.92370"}, "EBITDA Margin": {"2020-09-30": "", "2020-06-30": "", "2020-03-31": "", "2019-12-31": "", "2019-09-30": "", "2019-06-30": "", "2019-03-31": "", "2018-12-31": "", "2018-09-30": "", "2018-06-30": "", "2018-03-31": "", "2017-12-31": "", "2017-09-30": "", "2017-06-30": "", "2017-03-31": "", "2016-12-31": "", "2016-09-30": "", "2016-06-30": "", "2016-03-31": "", "2015-12-31": "", "2015-09-30": "", "2015-06-30": "", "2015-03-31": "", "2014-12-31": "", "2014-09-30": "", "2014-06-30": "", "2014-03-31": "", "2013-12-31": "", "2013-09-30": "", "2013-06-30": "", "2013-03-31": "", "2012-12-31": "", "2012-09-30": "", "2012-06-30": "", "2012-03-31": "", "2011-12-31": "", "2011-09-30": "", "2011-06-30": "", "2011-03-31": "", "2010-12-31": "", "2010-09-30": "", "2010-06-30": "", "2010-03-31": "", "2009-12-31": "", "2009-09-30": "", "2009-06-30": "", "2009-03-31": "", "2008-12-31": "", "2008-09-30": "", "2008-06-30": "", "2008-03-31": "", "2007-12-31": "", "2007-09-30": "", "2007-06-30": "", "2007-03-31": "", "2006-12-31": "", "2006-09-30": "", "2006-06-30": "", "2006-03-31": "", "2005-12-31": "", "2005-09-30": "", "2005-06-30": "", "2005-03-31": ""}, "Pre-Tax Profit Margin": {"2020-09-30": "-5.60320", "2020-06-30": "-0.76430", "2020-03-31": "13.71290", "2019-12-31": "-5.60950", "2019-09-30": "17.23700", "2019-06-30": "18.53580", "2019-03-31": "7.56120", "2018-12-31": "18.55770", "2018-09-30": "3.35420", "2018-06-30": "13.09450", "2018-03-31": "15.80530", "2017-12-31": "6.13710", "2017-09-30": "13.66710", "2017-06-30": "14.69150", "2017-03-31": "15.30150", "2016-12-31": "3.28950", "2016-09-30": "15.00620", "2016-06-30": "15.21130", "2016-03-31": "8.65490", "2015-12-31": "10.40490", "2015-09-30": "12.85070", "2015-06-30": "12.40180", "2015-03-31": "12.01510", "2014-12-31": "32.89320", "2014-09-30": "13.96540", "2014-06-30": "15.39380", "2014-03-31": "10.75890", "2013-12-31": "2.02140", "2013-09-30": "15.67480", "2013-06-30": "16.60440", "2013-03-31": "12.77650", "2012-12-31": "-41.31360", "2012-09-30": "14.34460", "2012-06-30": "12.76160", "2012-03-31": "12.20840", "2011-12-31": "-0.75100", "2011-09-30": "14.07080", "2011-06-30": "13.56490", "2011-03-31": "11.42730", "2010-12-31": "8.13850", "2010-09-30": "10.55560", "2010-06-30": "10.40880", "2010-03-31": "6.53760", "2009-12-31": "6.04450", "2009-09-30": "9.87260", "2009-06-30": "5.55560", "2009-03-31": "-9.11890", "2008-12-31": "1.66580", "2008-09-30": "3.15940", "2008-06-30": "6.86670", "2008-03-31": "5.07110", "2007-12-31": "2.92400", "2007-09-30": "4.17570", "2007-06-30": "4.17080", "2007-03-31": "3.08830", "2006-12-31": "-1.01810", "2006-09-30": "3.22360", "2006-06-30": "1.31670", "2006-03-31": "1.73090", "2005-12-31": "-0.40850", "2005-09-30": "5.64740", "2005-06-30": "8.89870", "2005-03-31": "2.51990"}, "Net Profit Margin": {"2020-09-30": "1.66910", "2020-06-30": "-1.74350", "2020-03-31": "9.96440", "2019-12-31": "-5.60950", "2019-09-30": "11.41340", "2019-06-30": "14.83650", "2019-03-31": "5.26090", "2018-12-31": "13.28850", "2018-09-30": "3.25320", "2018-06-30": "7.98850", "2018-03-31": "10.10430", "2017-12-31": "-26.76820", "2017-09-30": "11.03610", "2017-06-30": "10.22120", "2017-03-31": "10.77890", "2016-12-31": "3.47100", "2016-09-30": "9.78990", "2016-06-30": "9.91040", "2016-03-31": "0.13780", "2015-12-31": "4.77870", "2015-09-30": "3.45690", "2015-06-30": "14.09630", "2015-03-31": "13.27460", "2014-12-31": "-2.27410", "2014-09-30": "8.69920", "2014-06-30": "16.25300", "2014-03-31": "6.72930", "2013-12-31": "3.82390", "2013-09-30": "9.98310", "2013-06-30": "11.24810", "2013-03-31": "8.32510", "2012-12-31": "-20.76960", "2012-09-30": "9.72190", "2012-06-30": "8.38270", "2012-03-31": "8.07260", "2011-12-31": "1.01740", "2011-09-30": "9.40750", "2011-06-30": "9.17230", "2011-03-31": "7.79070", "2010-12-31": "6.47910", "2010-09-30": "8.04870", "2010-06-30": "7.44530", "2010-03-31": "9.15600", "2009-12-31": "6.84060", "2009-09-30": "5.89170", "2009-06-30": "2.71450", "2009-03-31": "-5.70300", "2008-12-31": "5.64810", "2008-09-30": "3.18190", "2008-06-30": "3.56670", "2008-03-31": "2.33140", "2007-12-31": "5.52440", "2007-09-30": "2.43900", "2007-06-30": "2.52210", "2007-03-31": "0.67080", "2006-12-31": "-0.67390", "2006-09-30": "2.48180", "2006-06-30": "-0.71320", "2006-03-31": "0.01520", "2005-12-31": "-0.09430", "2005-09-30": "4.91280", "2005-06-30": "4.83370", "2005-03-31": "0.51390"}, "Asset Turnover": {"2020-09-30": "0.11490", "2020-06-30": "0.09290", "2020-03-31": "0.10970", "2019-12-31": "0.12830", "2019-09-30": "0.12450", "2019-06-30": "0.13780", "2019-03-31": "0.12880", "2018-12-31": "0.14590", "2018-09-30": "0.14090", "2018-06-30": "0.14280", "2018-03-31": "0.14650", "2017-12-31": "0.15810", "2017-09-30": "0.14380", "2017-06-30": "0.14370", "2017-03-31": "0.13770", "2016-12-31": "0.15140", "2016-09-30": "0.13450", "2016-06-30": "0.13100", "2016-03-31": "0.12560", "2015-12-31": "0.11650", "2015-09-30": "0.10770", "2015-06-30": "0.10680", "2015-03-31": "0.10540", "2014-12-31": "-0.16650", "2014-09-30": "0.20490", "2014-06-30": "0.21470", "2014-03-31": "0.18430", "2013-12-31": "0.14390", "2013-09-30": "0.14750", "2013-06-30": "0.15540", "2013-03-31": "0.14060", "2012-12-31": "0.15670", "2012-09-30": "0.16330", "2012-06-30": "0.18150", "2012-03-31": "0.16910", "2011-12-31": "0.18370", "2011-09-30": "0.19200", "2011-06-30": "0.19150", "2011-03-31": "0.16610", "2010-12-31": "0.16220", "2010-09-30": "0.16200", "2010-06-30": "0.16900", "2010-03-31": "0.15540", "2009-12-31": "0.17090", "2009-09-30": "0.19140", "2009-06-30": "0.18640", "2009-03-31": "0.18300", "2008-12-31": "0.19830", "2008-09-30": "0.23690", "2008-06-30": "0.23320", "2008-03-31": "0.19330", "2007-12-31": "0.20560", "2007-09-30": "0.20640", "2007-06-30": "0.21930", "2007-03-31": "0.19730", "2006-12-31": "0.19170", "2006-09-30": "0.20360", "2006-06-30": "0.20190", "2006-03-31": "0.18780", "2005-12-31": "0.17980", "2005-09-30": "0.18860", "2005-06-30": "0.19760", "2005-03-31": "0.17420"}, "Inventory Turnover Ratio": {"2020-09-30": "1.02850", "2020-06-30": "1.12090", "2020-03-31": "0.77230", "2019-12-31": "0.96740", "2019-09-30": "0.83060", "2019-06-30": "0.95600", "2019-03-31": "0.88840", "2018-12-31": "1.15150", "2018-09-30": "0.91760", "2018-06-30": "0.93360", "2018-03-31": "1.02260", "2017-12-31": "1.19140", "2017-09-30": "1.07810", "2017-06-30": "1.10910", "2017-03-31": "1.04570", "2016-12-31": "1.16270", "2016-09-30": "1.00080", "2016-06-30": "0.92940", "2016-03-31": "0.99200", "2015-12-31": "1.27770", "2015-09-30": "0.72140", "2015-06-30": "0.74160", "2015-03-31": "0.76900", "2014-12-31": "-1.28520", "2014-09-30": "1.56720", "2014-06-30": "1.54540", "2014-03-31": "1.46340", "2013-12-31": "1.61500", "2013-09-30": "1.55310", "2013-06-30": "1.60150", "2013-03-31": "1.41880", "2012-12-31": "1.93720", "2012-09-30": "1.59160", "2012-06-30": "1.64860", "2012-03-31": "1.33140", "2011-12-31": "1.78090", "2011-09-30": "1.54270", "2011-06-30": "1.66600", "2011-03-31": "1.46010", "2010-12-31": "1.72810", "2010-09-30": "1.63280", "2010-06-30": "1.80160", "2010-03-31": "1.69280", "2009-12-31": "1.94880", "2009-09-30": "1.88020", "2009-06-30": "1.69900", "2009-03-31": "1.77270", "2008-12-31": "1.57440", "2008-09-30": "1.46220", "2008-06-30": "1.69320", "2008-03-31": "1.39770", "2007-12-31": "1.50260", "2007-09-30": "1.78310", "2007-06-30": "1.92650", "2007-03-31": "1.62220", "2006-12-31": "1.95150", "2006-09-30": "1.68270", "2006-06-30": "1.51960", "2006-03-31": "1.45350", "2005-12-31": "1.85590", "2005-09-30": "1.63160", "2005-06-30": "1.65050", "2005-03-31": "1.52030"}, "Receiveable Turnover": {"2020-09-30": "1.74900", "2020-06-30": "1.91540", "2020-03-31": "1.63180", "2019-12-31": "1.64330", "2019-09-30": "1.77150", "2019-06-30": "1.65680", "2019-03-31": "1.82120", "2018-12-31": "1.80240", "2018-09-30": "1.77260", "2018-06-30": "1.75030", "2018-03-31": "1.60350", "2017-12-31": "1.61120", "2017-09-30": "1.69700", "2017-06-30": "1.62080", "2017-03-31": "1.62780", "2016-12-31": "1.60930", "2016-09-30": "1.60070", "2016-06-30": "1.80370", "2016-03-31": "1.73510", "2015-12-31": "1.66920", "2015-09-30": "0.87700", "2015-06-30": "0.84670", "2015-03-31": "0.88640", "2014-12-31": "-1.41680", "2014-09-30": "1.62410", "2014-06-30": "1.55210", "2014-03-31": "1.47510", "2013-12-31": "1.61210", "2013-09-30": "1.59390", "2013-06-30": "1.66730", "2013-03-31": "1.60100", "2012-12-31": "1.62680", "2012-09-30": "1.60650", "2012-06-30": "1.61940", "2012-03-31": "1.59930", "2011-12-31": "1.74550", "2011-09-30": "1.79970", "2011-06-30": "1.64950", "2011-03-31": "1.61980", "2010-12-31": "1.79490", "2010-09-30": "1.65040", "2010-06-30": "1.73990", "2010-03-31": "1.63360", "2009-12-31": "1.85430", "2009-09-30": "1.70460", "2009-06-30": "1.57230", "2009-03-31": "1.67430", "2008-12-31": "1.66100", "2008-09-30": "1.67460", "2008-06-30": "1.68260", "2008-03-31": "1.55540", "2007-12-31": "1.60550", "2007-09-30": "1.58880", "2007-06-30": "1.64600", "2007-03-31": "1.60200", "2006-12-31": "1.63590", "2006-09-30": "1.52390", "2006-06-30": "1.54340", "2006-03-31": "1.52310", "2005-12-31": "1.58430", "2005-09-30": "1.53380", "2005-06-30": "1.55370", "2005-03-31": "1.50760"}, "Days Sales In Receivables": {"2020-09-30": "51.45920", "2020-06-30": "46.98830", "2020-03-31": "55.15300", "2019-12-31": "54.76710", "2019-09-30": "50.80550", "2019-06-30": "54.32240", "2019-03-31": "49.41850", "2018-12-31": "49.93270", "2018-09-30": "50.77390", "2018-06-30": "51.42060", "2018-03-31": "56.12750", "2017-12-31": "55.86070", "2017-09-30": "53.03610", "2017-06-30": "55.52970", "2017-03-31": "55.28890", "2016-12-31": "55.92330", "2016-09-30": "56.22500", "2016-06-30": "49.89760", "2016-03-31": "51.87160", "2015-12-31": "53.91950", "2015-09-30": "102.62530", "2015-06-30": "106.28930", "2015-03-31": "101.53900", "2014-12-31": "-63.52550", "2014-09-30": "55.41450", "2014-06-30": "57.98450", "2014-03-31": "61.01140", "2013-12-31": "55.82850", "2013-09-30": "56.46440", "2013-06-30": "53.97980", "2013-03-31": "56.21360", "2012-12-31": "55.32210", "2012-09-30": "56.02110", "2012-06-30": "55.57640", "2012-03-31": "56.27390", "2011-12-31": "51.56250", "2011-09-30": "50.00930", "2011-06-30": "54.56200", "2011-03-31": "55.56270", "2010-12-31": "50.14290", "2010-09-30": "54.53310", "2010-06-30": "51.72700", "2010-03-31": "55.09190", "2009-12-31": "48.53610", "2009-09-30": "52.79860", "2009-06-30": "57.24050", "2009-03-31": "53.75460", "2008-12-31": "54.18270", "2008-09-30": "53.74300", "2008-06-30": "53.49000", "2008-03-31": "57.86220", "2007-12-31": "56.05820", "2007-09-30": "56.64790", "2007-06-30": "54.67770", "2007-03-31": "56.18080", "2006-12-31": "55.01430", "2006-09-30": "59.05720", "2006-06-30": "58.31300", "2006-03-31": "59.08900", "2005-12-31": "56.80860", "2005-09-30": "58.67770", "2005-06-30": "57.92460", "2005-03-31": "59.69660"}, "ROE - Return On Equity": {"2020-09-30": "2.09050", "2020-06-30": "-2.74600", "2020-03-31": "10.96640", "2019-12-31": "-6.98660", "2019-09-30": "11.91060", "2019-06-30": "19.72630", "2019-03-31": "6.95310", "2018-12-31": "20.44510", "2018-09-30": "5.67450", "2018-06-30": "13.08920", "2018-03-31": "17.64950", "2017-12-31": "-46.75280", "2017-09-30": "11.86400", "2017-06-30": "10.72490", "2017-03-31": "10.84160", "2016-12-31": "4.72610", "2016-09-30": "8.35020", "2016-06-30": "7.75050", "2016-03-31": "2.58360", "2015-12-31": "12.94120", "2015-09-30": "13.05360", "2015-06-30": "8.46090", "2015-03-31": "8.20210", "2014-12-31": "-39.32250", "2014-09-30": "14.30210", "2014-06-30": "23.94880", "2014-03-31": "8.80290", "2013-12-31": "5.28710", "2013-09-30": "12.63280", "2013-06-30": "17.00060", "2013-03-31": "14.43150", "2012-12-31": "-51.90740", "2012-09-30": "18.89610", "2012-06-30": "24.15110", "2012-03-31": "23.63150", "2011-12-31": "5.01490", "2011-09-30": "107.26540", "2011-06-30": "68.76140", "2011-03-31": "1285.70500", "2010-12-31": "-65.11630", "2010-09-30": "-31.35350", "2010-06-30": "-22.22220", "2010-03-31": "-24.18940", "2009-12-31": "-16.00690", "2009-09-30": "-16.26640", "2009-06-30": "-6.45440", "2009-03-31": "10.34940", "2008-12-31": "-14.21710", "2008-09-30": "-13.03300", "2008-06-30": "-10.85990", "2008-03-31": "-4.96220", "2007-12-31": "-19.70820", "2007-09-30": "-4.70680", "2007-06-30": "-4.56160", "2007-03-31": "-0.91920", "2006-12-31": "0.85490", "2006-09-30": "-3.38170", "2006-06-30": "0.91160", "2006-03-31": "-0.01690", "2005-12-31": "0.10080", "2005-09-30": "-5.59140", "2005-06-30": "-5.40230", "2005-03-31": "-0.49310"}, "Return On Tangible Equity": {"2020-09-30": "-1.18630", "2020-06-30": "1.78110", "2020-03-31": "-8.26140", "2019-12-31": "5.64820", "2019-09-30": "-11.89210", "2019-06-30": "-14.56630", "2019-03-31": "-4.57590", "2018-12-31": "-12.30580", "2018-09-30": "-2.54970", "2018-06-30": "-6.31960", "2018-03-31": "-10.56220", "2017-12-31": "31.20410", "2017-09-30": "-17.84770", "2017-06-30": "-17.13950", "2017-03-31": "-16.20090", "2016-12-31": "-6.05020", "2016-09-30": "-24.16620", "2016-06-30": "-20.78990", "2016-03-31": "-6.14460", "2015-12-31": "-7.82360", "2015-09-30": "-7.49670", "2015-06-30": "-9.78690", "2015-03-31": "-8.54800", "2014-12-31": "39.01590", "2014-09-30": "-32.32760", "2014-06-30": "-67.63980", "2014-03-31": "-25.87450", "2013-12-31": "-14.96530", "2013-09-30": "23.35350", "2013-06-30": "35.74800", "2013-03-31": "42.91900", "2012-12-31": "-410.89300", "2012-09-30": "51.45560", "2012-06-30": "88.78970", "2012-03-31": "56.23860", "2011-12-31": "-16.37430", "2011-09-30": "-110.77720", "2011-06-30": "-370.09460", "2011-03-31": "-43.19990", "2010-12-31": "-23.05720", "2010-09-30": "-18.82070", "2010-06-30": "-15.02210", "2010-03-31": "-16.25570", "2009-12-31": "-11.36640", "2009-09-30": "-11.74570", "2009-06-30": "-4.83180", "2009-03-31": "7.94430", "2008-12-31": "-10.68170", "2008-09-30": "-8.74260", "2008-06-30": "-7.88680", "2008-03-31": "-3.65100", "2007-12-31": "-14.60060", "2007-09-30": "-3.62700", "2007-06-30": "-3.61420", "2007-03-31": "-0.75080", "2006-12-31": "0.70540", "2006-09-30": "-2.79590", "2006-06-30": "0.77150", "2006-03-31": "-0.01430", "2005-12-31": "0.08580", "2005-09-30": "-4.73170", "2005-06-30": "-4.61020", "2005-03-31": "-0.42040"}, "ROA - Return On Assets": {"2020-09-30": "0.18350", "2020-06-30": "-0.21310", "2020-03-31": "1.09520", "2019-12-31": "-0.71450", "2019-09-30": "1.42340", "2019-06-30": "2.05020", "2019-03-31": "0.67460", "2018-12-31": "1.93250", "2018-09-30": "0.45260", "2018-06-30": "1.13460", "2018-03-31": "1.47360", "2017-12-31": "-4.23460", "2017-09-30": "1.57740", "2017-06-30": "1.45490", "2017-03-31": "1.48400", "2016-12-31": "0.60440", "2016-09-30": "1.37320", "2016-06-30": "1.27110", "2016-03-31": "0.35310", "2015-12-31": "0.75430", "2015-09-30": "0.90630", "2015-06-30": "0.85470", "2015-03-31": "0.80150", "2014-12-31": "-3.54460", "2014-09-30": "1.79410", "2014-06-30": "3.50170", "2014-03-31": "1.24550", "2013-12-31": "0.55970", "2013-09-30": "1.47800", "2013-06-30": "1.75780", "2013-03-31": "1.17640", "2012-12-31": "-3.26100", "2012-09-30": "1.59780", "2012-06-30": "1.53010", "2012-03-31": "1.37440", "2011-12-31": "0.18690", "2011-09-30": "1.80390", "2011-06-30": "1.74980", "2011-03-31": "1.28940", "2010-12-31": "1.04880", "2010-09-30": "1.30420", "2010-06-30": "1.25820", "2010-03-31": "1.43260", "2009-12-31": "1.17180", "2009-09-30": "1.29040", "2009-06-30": "0.59500", "2009-03-31": "-1.04110", "2008-12-31": "1.29790", "2008-09-30": "0.86300", "2008-06-30": "0.94590", "2008-03-31": "0.45070", "2007-12-31": "1.76290", "2007-09-30": "0.50340", "2007-06-30": "0.55310", "2007-03-31": "0.13230", "2006-12-31": "-0.12920", "2006-09-30": "0.50540", "2006-06-30": "-0.14400", "2006-03-31": "0.00290", "2005-12-31": "-0.01700", "2005-09-30": "0.92640", "2005-06-30": "0.95520", "2005-03-31": "0.08950"}, "ROI - Return On Investment": {"2020-09-30": "0.29050", "2020-06-30": "-0.40980", "2020-03-31": "1.80010", "2019-12-31": "-1.19090", "2019-09-30": "2.23140", "2019-06-30": "3.25480", "2019-03-31": "1.06250", "2018-12-31": "2.99830", "2018-09-30": "0.70860", "2018-06-30": "1.70930", "2018-03-31": "2.44150", "2017-12-31": "-6.88830", "2017-09-30": "2.45450", "2017-06-30": "2.26320", "2017-03-31": "2.25000", "2016-12-31": "0.93620", "2016-09-30": "2.05710", "2016-06-30": "1.89710", "2016-03-31": "0.53610", "2015-12-31": "1.18330", "2015-09-30": "1.39930", "2015-06-30": "1.28760", "2015-03-31": "1.20220", "2014-12-31": "-6.34180", "2014-09-30": "3.05660", "2014-06-30": "9.19420", "2014-03-31": "3.36930", "2013-12-31": "5.02660", "2013-09-30": "12.01430", "2013-06-30": "16.03960", "2013-03-31": "13.34830", "2012-12-31": "-46.68170", "2012-09-30": "17.37140", "2012-06-30": "22.33260", "2012-03-31": "21.75300", "2011-12-31": "4.44210", "2011-09-30": "84.14510", "2011-06-30": "58.93830", "2011-03-31": "255.92420", "2010-12-31": "-84.05250", "2010-09-30": "-34.37700", "2010-06-30": "-23.50230", "2010-03-31": "-25.40320", "2009-12-31": "-16.63090", "2009-09-30": "-16.28730", "2009-06-30": "-6.46360", "2009-03-31": "10.36330", "2008-12-31": "-14.24120", "2008-09-30": "-13.04870", "2008-06-30": "-10.86960", "2008-03-31": "-4.96630", "2007-12-31": "-19.72520", "2007-09-30": "-4.71020", "2007-06-30": "-4.56470", "2007-03-31": "-0.91950", "2006-12-31": "0.85520", "2006-09-30": "-3.38420", "2006-06-30": "0.91230", "2006-03-31": "-0.01690", "2005-12-31": "0.10090", "2005-09-30": "-5.59620", "2005-06-30": "-5.40670", "2005-03-31": "-0.49390"}, "Book Value Per Share": {"2020-09-30": "4.84210", "2020-06-30": "5.28180", "2020-03-31": "5.80150", "2019-12-31": "6.02670", "2019-09-30": "6.76850", "2019-06-30": "5.80490", "2019-03-31": "5.28730", "2018-12-31": "5.04540", "2018-09-30": "4.17600", "2018-06-30": "4.38600", "2018-03-31": "3.65400", "2017-12-31": "3.88460", "2017-09-30": "5.85910", "2017-06-30": "5.94490", "2017-03-31": "5.79000", "2016-12-31": "5.45170", "2016-09-30": "7.04030", "2016-06-30": "6.94420", "2016-03-31": "5.59730", "2015-12-31": "3.01270", "2015-09-30": "3.60740", "2015-06-30": "5.32050", "2015-03-31": "5.06000", "2014-12-31": "5.06010", "2014-09-30": "7.06670", "2014-06-30": "7.59590", "2014-03-31": "7.43780", "2013-12-31": "7.41380", "2013-09-30": "7.96230", "2013-06-30": "6.97460", "2013-03-31": "5.42490", "2012-12-31": "4.23210", "2012-09-30": "5.34500", "2012-06-30": "3.85590", "2012-03-31": "3.47870", "2011-12-31": "2.26700", "2011-09-30": "1.02590", "2011-06-30": "1.49360", "2011-03-31": "0.05730", "2010-12-31": "-0.94090", "2010-09-30": "-2.40440", "2010-06-30": "-3.15420", "2010-03-31": "-3.22900", "2009-12-31": "-4.29820", "2009-09-30": "-4.32420", "2009-06-30": "-4.87390", "2009-03-31": "-5.19550", "2008-12-31": "-4.90310", "2008-09-30": "-3.44520", "2008-06-30": "-4.65830", "2008-03-31": "-4.94800", "2007-12-31": "-4.88080", "2007-09-30": "-5.77830", "2007-06-30": "-6.40800", "2007-03-31": "-7.47810", "2006-12-31": "-7.97790", "2006-09-30": "-7.97100", "2006-06-30": "-8.35650", "2006-03-31": "-8.83050", "2005-12-31": "-8.89540", "2005-09-30": "-8.57860", "2005-06-30": "-9.04580", "2005-03-31": "-9.39690"}, "Operating Cash Flow Per Share": {"2020-09-30": 1.1254, "2020-06-30": 1.9674, "2020-03-31": "0.82110", "2019-12-31": 1.843, "2019-09-30": 1.8553, "2019-06-30": 1.1014, "2019-03-31": "1.06130", "2018-12-31": 1.5996, "2018-09-30": 1.7165, "2018-06-30": 0.451, "2018-03-31": "1.31460", "2017-12-31": 0.7466, "2017-09-30": 1.8797, "2017-06-30": 1.53, "2017-03-31": "0.52410", "2016-12-31": 0.8579, "2016-09-30": 1.0069, "2016-06-30": 0.8845, "2016-03-31": "1.04500", "2015-12-31": 0.5411, "2015-09-30": 1.0714, "2015-06-30": 0.9786, "2015-03-31": "-5.20540", "2014-12-31": -0.6025, "2014-09-30": -6.1989, "2014-06-30": 0.6008, "2014-03-31": "-16.04740", "2013-12-31": 2.2417, "2013-09-30": 2.2033, "2013-06-30": 1.5456, "2013-03-31": "0.64900", "2012-12-31": 2.1178, "2012-09-30": 2.2645, "2012-06-30": 1.8166, "2012-03-31": "-0.25390", "2011-12-31": 2.1834, "2011-09-30": 1.6789, "2011-06-30": 1.4458, "2011-03-31": "-2.40210", "2010-12-31": 2.1449, "2010-09-30": 1.1159, "2010-06-30": 1.1949, "2010-03-31": "-0.07530", "2009-12-31": 2.6021, "2009-09-30": 1.7407, "2009-06-30": 0.8693, "2009-03-31": "0.75760", "2008-12-31": 2.5242, "2008-09-30": -1.139, "2008-06-30": -0.5195, "2008-03-31": "-0.65880", "2007-12-31": 0.4791, "2007-09-30": 0.8479, "2007-06-30": 0.7674, "2007-03-31": "-0.69500", "2006-12-31": 1.5145, "2006-09-30": 0.5577, "2006-06-30": 0.7148, "2006-03-31": "-0.55130", "2005-12-31": 0.7798, "2005-09-30": 1.3303, "2005-06-30": -0.6435, "2005-03-31": "-0.46660"}, "Free Cash Flow Per Share": {"2020-09-30": 0.6903, "2020-06-30": 1.3911, "2020-03-31": "-0.03760", "2019-12-31": 1.0764, "2019-09-30": 1.2354, "2019-06-30": 0.1575, "2019-03-31": "0.49030", "2018-12-31": 0.7919, "2018-09-30": 0.6575, "2018-06-30": -0.1562, "2018-03-31": "0.57460", "2017-12-31": 0.1696, "2017-09-30": 1.4849, "2017-06-30": 1.1186, "2017-03-31": "0.07150", "2016-12-31": 0.4988, "2016-09-30": 0.7104, "2016-06-30": 0.5601, "2016-03-31": "0.56120", "2015-12-31": 0.0904, "2015-09-30": 0.6671, "2015-06-30": 0.6462, "2015-03-31": "-5.65440", "2014-12-31": -0.729, "2014-09-30": -6.7475, "2014-06-30": 0.053, "2014-03-31": "-16.56080", "2013-12-31": 1.7448, "2013-09-30": 1.6397, "2013-06-30": 1.092, "2013-03-31": "0.15280", "2012-12-31": 1.6586, "2012-09-30": 1.7754, "2012-06-30": 1.4379, "2012-03-31": "-0.74210", "2011-12-31": 1.5588, "2011-09-30": 1.1595, "2011-06-30": 0.9941, "2011-03-31": "-2.71370", "2010-12-31": 1.5802, "2010-09-30": 0.7545, "2010-06-30": 0.8683, "2010-03-31": "-0.31590", "2009-12-31": 2.0453, "2009-09-30": 1.5062, "2009-06-30": 0.5985, "2009-03-31": "0.52770", "2008-12-31": 1.9411, "2008-09-30": -1.6098, "2008-06-30": -0.9659, "2008-03-31": "-0.98200", "2007-12-31": -0.1687, "2007-09-30": 0.3555, "2007-06-30": 0.4128, "2007-03-31": "-1.02700", "2006-12-31": 0.9737, "2006-09-30": 0.1177, "2006-06-30": 0.3085, "2006-03-31": "-0.90940", "2005-12-31": 0.264, "2005-09-30": 0.997, "2005-06-30": -1.0069, "2005-03-31": "-0.65080"}}, "revenue": {"W.R Grace Annual Revenue (Millions of US $)": {"2019": "$1,958", "2018": "$1,932", "2017": "$1,717", "2016": "$1,599", "2015": "$1,628", "2014": "$1,757", "2013": "$3,061", "2012": "$3,156", "2011": "$3,212", "2010": "$2,675", "2009": "$2,825", "2008": "$3,317", "2007": "$3,115", "2006": "$2,827", "2005": "$2,570"}, "W.R Grace Quarterly Revenue (Millions of US $)": {"2020-09-30": "$419", "2020-06-30": "$419", "2020-03-31": "$422", "2019-12-31": "$505", "2019-09-30": "$471", "2019-06-30": "$514", "2019-03-31": "$470", "2018-12-31": "$520", "2018-09-30": "$495", "2018-06-30": "$486", "2018-03-31": "$432", "2017-12-31": "$460", "2017-09-30": "$430", "2017-06-30": "$430", "2017-03-31": "$398", "2016-12-31": "$441", "2016-09-30": "$405", "2016-06-30": "$391", "2016-03-31": "$363", "2015-12-31": "$425", "2015-09-30": "$399", "2015-06-30": "$407", "2015-03-31": "$397", "2014-12-31": "$-682", "2014-09-30": "$856", "2014-06-30": "$838", "2014-03-31": "$745", "2013-12-31": "$777", "2013-09-30": "$771", "2013-06-30": "$803", "2013-03-31": "$710", "2012-12-31": "$798", "2012-09-30": "$777", "2012-06-30": "$827", "2012-03-31": "$754", "2011-12-31": "$826", "2011-09-30": "$864", "2011-06-30": "$826", "2011-03-31": "$696", "2010-12-31": "$693", "2010-09-30": "$682", "2010-06-30": "$685", "2010-03-31": "$615", "2009-12-31": "$678", "2009-09-30": "$754", "2009-06-30": "$711", "2009-03-31": "$682", "2008-12-31": "$768", "2008-09-30": "$889", "2008-06-30": "$900", "2008-03-31": "$759", "2007-12-31": "$804", "2007-09-30": "$783", "2007-06-30": "$813", "2007-03-31": "$716", "2006-12-31": "$697", "2006-09-30": "$741", "2006-06-30": "$729", "2006-03-31": "$659", "2005-12-31": "$636", "2005-09-30": "$653", "2005-06-30": "$677", "2005-03-31": "$603"}}, "gross-profit": {"W.R Grace Annual Gross Profit (Millions of US $)": {"2019": "$794", "2018": "$767", "2017": "$676", "2016": "$670", "2015": "$652", "2014": "$664", "2013": "$1,142", "2012": "$1,114", "2011": "$1,113", "2010": "$949", "2009": "$925", "2008": "$984", "2007": "$987", "2006": "$880", "2005": "$795"}, "W.R Grace Quarterly Gross Profit (Millions of US $)": {"2020-09-30": "$156", "2020-06-30": "$119", "2020-03-31": "$160", "2019-12-31": "$205", "2019-09-30": "$191", "2019-06-30": "$209", "2019-03-31": "$189", "2018-12-31": "$196", "2018-09-30": "$202", "2018-06-30": "$199", "2018-03-31": "$170", "2017-12-31": "$184", "2017-09-30": "$171", "2017-06-30": "$167", "2017-03-31": "$153", "2016-12-31": "$176", "2016-09-30": "$168", "2016-06-30": "$173", "2016-03-31": "$153", "2015-12-31": "$171", "2015-09-30": "$166", "2015-06-30": "$168", "2015-03-31": "$147", "2014-12-31": "$-254", "2014-09-30": "$328", "2014-06-30": "$321", "2014-03-31": "$269", "2013-12-31": "$300", "2013-09-30": "$282", "2013-06-30": "$301", "2013-03-31": "$259", "2012-12-31": "$248", "2012-09-30": "$285", "2012-06-30": "$304", "2012-03-31": "$277", "2011-12-31": "$240", "2011-09-30": "$316", "2011-06-30": "$305", "2011-03-31": "$252", "2010-12-31": "$245", "2010-09-30": "$246", "2010-06-30": "$245", "2010-03-31": "$214", "2009-12-31": "$248", "2009-09-30": "$263", "2009-06-30": "$243", "2009-03-31": "$171", "2008-12-31": "$210", "2008-09-30": "$259", "2008-06-30": "$276", "2008-03-31": "$239", "2007-12-31": "$258", "2007-09-30": "$251", "2007-06-30": "$260", "2007-03-31": "$218", "2006-12-31": "$142", "2006-09-30": "$258", "2006-06-30": "$259", "2006-03-31": "$221", "2005-12-31": "$120", "2005-09-30": "$227", "2005-06-30": "$237", "2005-03-31": "$211"}}, "operating-income": {"W.R Grace Annual Operating Income (Millions of US $)": {"2019": "$327", "2018": "$321", "2017": "$318", "2016": "$346", "2015": "$286", "2014": "$198", "2013": "$571", "2012": "$415", "2011": "$385", "2010": "$286", "2009": "$161", "2008": "$249", "2007": "$254", "2006": "$157", "2005": "$154"}, "W.R Grace Quarterly Operating Income (Millions of US $)": {"2020-09-30": "$42", "2020-06-30": "$28", "2020-03-31": "$69", "2019-12-31": "$62", "2019-09-30": "$98", "2019-06-30": "$115", "2019-03-31": "$52", "2018-12-31": "$100", "2018-09-30": "$37", "2018-06-30": "$100", "2018-03-31": "$84", "2017-12-31": "$72", "2017-09-30": "$88", "2017-06-30": "$84", "2017-03-31": "$74", "2016-12-31": "$90", "2016-09-30": "$89", "2016-06-30": "$94", "2016-03-31": "$73", "2015-12-31": "$62", "2015-09-30": "$84", "2015-06-30": "$82", "2015-03-31": "$58", "2014-12-31": "$-231", "2014-09-30": "$160", "2014-06-30": "$157", "2014-03-31": "$112", "2013-12-31": "$183", "2013-09-30": "$138", "2013-06-30": "$142", "2013-03-31": "$109", "2012-12-31": "$57", "2012-09-30": "$120", "2012-06-30": "$135", "2012-03-31": "$102", "2011-12-31": "$33", "2011-09-30": "$135", "2011-06-30": "$126", "2011-03-31": "$90", "2010-12-31": "$69", "2010-09-30": "$82", "2010-06-30": "$80", "2010-03-31": "$54", "2009-12-31": "$54", "2009-09-30": "$86", "2009-06-30": "$60", "2009-03-31": "$-39", "2008-12-31": "$28", "2008-09-30": "$73", "2008-06-30": "$87", "2008-03-31": "$61", "2007-12-31": "$54", "2007-09-30": "$66", "2007-06-30": "$82", "2007-03-31": "$51", "2006-12-31": "$17", "2006-09-30": "$48", "2006-06-30": "$57", "2006-03-31": "$34", "2005-12-31": "$14", "2005-09-30": "$55", "2005-06-30": "$54", "2005-03-31": "$30"}}, "ebitda": {"W.R Grace Annual EBITDA (Millions of US $)": {"2019": "$427", "2018": "$422", "2017": "$430", "2016": "$447", "2015": "$385", "2014": "$300", "2013": "$694", "2012": "$534", "2011": "$505", "2010": "$401", "2009": "$274", "2008": "$368", "2007": "$367", "2006": "$270", "2005": "$274"}, "W.R Grace Quarterly EBITDA (Millions of US $)": {"2020-09-30": "$68", "2020-06-30": "$53", "2020-03-31": "$94", "2019-12-31": "$87", "2019-09-30": "$124", "2019-06-30": "$140", "2019-03-31": "$76", "2018-12-31": "$124", "2018-09-30": "$62", "2018-06-30": "$126", "2018-03-31": "$109", "2017-12-31": "$101", "2017-09-30": "$116", "2017-06-30": "$111", "2017-03-31": "$101", "2016-12-31": "$117", "2016-09-30": "$116", "2016-06-30": "$118", "2016-03-31": "$96", "2015-12-31": "$86", "2015-09-30": "$108", "2015-06-30": "$107", "2015-03-31": "$83", "2014-12-31": "$-230", "2014-09-30": "$194", "2014-06-30": "$191", "2014-03-31": "$146", "2013-12-31": "$214", "2013-09-30": "$168", "2013-06-30": "$173", "2013-03-31": "$140", "2012-12-31": "$88", "2012-09-30": "$150", "2012-06-30": "$165", "2012-03-31": "$132", "2011-12-31": "$63", "2011-09-30": "$166", "2011-06-30": "$156", "2011-03-31": "$119", "2010-12-31": "$98", "2010-09-30": "$109", "2010-06-30": "$111", "2010-03-31": "$83", "2009-12-31": "$83", "2009-09-30": "$114", "2009-06-30": "$89", "2009-03-31": "$-11", "2008-12-31": "$56", "2008-09-30": "$103", "2008-06-30": "$118", "2008-03-31": "$91", "2007-12-31": "$84", "2007-09-30": "$95", "2007-06-30": "$110", "2007-03-31": "$79", "2006-12-31": "$45", "2006-09-30": "$78", "2006-06-30": "$86", "2006-03-31": "$62", "2005-12-31": "$44", "2005-09-30": "$86", "2005-06-30": "$86", "2005-03-31": "$59"}}, "net-income": {"W.R Grace Annual Net Income (Millions of US $)": {"2019": "$126", "2018": "$168", "2017": "$11", "2016": "$94", "2015": "$144", "2014": "$276", "2013": "$256", "2012": "$40", "2011": "$220", "2010": "$207", "2009": "$71", "2008": "$122", "2007": "$89", "2006": "$9", "2005": "$67"}, "W.R Grace Quarterly Net Income (Millions of US $)": {"2020-09-30": "$7", "2020-06-30": "$-7", "2020-03-31": "$42", "2019-12-31": "$-28", "2019-09-30": "$54", "2019-06-30": "$76", "2019-03-31": "$25", "2018-12-31": "$69", "2018-09-30": "$16", "2018-06-30": "$39", "2018-03-31": "$44", "2017-12-31": "$-123", "2017-09-30": "$47", "2017-06-30": "$44", "2017-03-31": "$43", "2016-12-31": "$15", "2016-09-30": "$40", "2016-06-30": "$39", "2016-03-31": "$1", "2015-12-31": "$20", "2015-09-30": "$14", "2015-06-30": "$57", "2015-03-31": "$53", "2014-12-31": "$16", "2014-09-30": "$75", "2014-06-30": "$136", "2014-03-31": "$50", "2013-12-31": "$30", "2013-09-30": "$77", "2013-06-30": "$90", "2013-03-31": "$59", "2012-12-31": "$-166", "2012-09-30": "$76", "2012-06-30": "$69", "2012-03-31": "$61", "2011-12-31": "$8", "2011-09-30": "$81", "2011-06-30": "$76", "2011-03-31": "$54", "2010-12-31": "$45", "2010-09-30": "$55", "2010-06-30": "$51", "2010-03-31": "$56", "2009-12-31": "$46", "2009-09-30": "$44", "2009-06-30": "$19", "2009-03-31": "$-39", "2008-12-31": "$43", "2008-09-30": "$28", "2008-06-30": "$32", "2008-03-31": "$18", "2007-12-31": "$44", "2007-09-30": "$19", "2007-06-30": "$21", "2007-03-31": "$5", "2006-12-31": "$-5", "2006-09-30": "$18", "2006-06-30": "$-5", "2006-03-31": "$0", "2005-12-31": "$-1", "2005-09-30": "$32", "2005-06-30": "$33", "2005-03-31": "$3"}}, "eps-earnings-per-share-diluted": {"W.R Grace Annual EPS": {"2019": "$1.89", "2018": "$2.49", "2017": "$0.16", "2016": "$1.33", "2015": "$1.99", "2014": "$3.63", "2013": "$3.30", "2012": "$0.52", "2011": "$2.91", "2010": "$2.78", "2009": "$0.98", "2008": "$1.68", "2007": "$1.24", "2006": "$0.13", "2005": "$1.00"}, "W.R Grace Quarterly EPS": {"2020-09-30": "$0.11", "2020-06-30": "$-0.11", "2020-03-31": "$0.63", "2019-12-31": "$-0.42", "2019-09-30": "$0.80", "2019-06-30": "$1.14", "2019-03-31": "$0.37", "2018-12-31": "$1.03", "2018-09-30": "$0.24", "2018-06-30": "$0.58", "2018-03-31": "$0.64", "2017-12-31": "$-1.81", "2017-09-30": "$0.70", "2017-06-30": "$0.64", "2017-03-31": "$0.63", "2016-12-31": "$0.21", "2016-09-30": "$0.56", "2016-06-30": "$0.55", "2016-03-31": "$0.01", "2015-12-31": "$0.30", "2015-09-30": "$0.19", "2015-06-30": "$0.78", "2015-03-31": "$0.72", "2014-12-31": "$0.23", "2014-09-30": "$0.99", "2014-06-30": "$1.77", "2014-03-31": "$0.64", "2013-12-31": "$0.38", "2013-09-30": "$0.99", "2013-06-30": "$1.16", "2013-03-31": "$0.77", "2012-12-31": "$-2.17", "2012-09-30": "$0.99", "2012-06-30": "$0.90", "2012-03-31": "$0.80", "2011-12-31": "$0.12", "2011-09-30": "$1.07", "2011-06-30": "$1.00", "2011-03-31": "$0.72", "2010-12-31": "$0.59", "2010-09-30": "$0.74", "2010-06-30": "$0.69", "2010-03-31": "$0.76", "2009-12-31": "$0.65", "2009-09-30": "$0.61", "2009-06-30": "$0.26", "2009-03-31": "$-0.54", "2008-12-31": "$0.61", "2008-09-30": "$0.39", "2008-06-30": "$0.44", "2008-03-31": "$0.24", "2007-12-31": "$0.61", "2007-09-30": "$0.27", "2007-06-30": "$0.29", "2007-03-31": "$0.07", "2006-12-31": "$-0.06", "2006-09-30": "$0.27", "2006-06-30": "$-0.08", "2006-03-31": "$0.00", "2005-12-31": "$-0.02", "2005-09-30": "$0.48", "2005-06-30": "$0.49", "2005-03-31": "$0.05"}}, "shares-outstanding": {"W.R Grace Annual Shares Outstanding (Millions of Shares)": {"2019": "67", "2018": "67", "2017": "68", "2016": "71", "2015": "73", "2014": "76", "2013": "78", "2012": "76", "2011": "76", "2010": "74", "2009": "73", "2008": "73", "2007": "72", "2006": "68", "2005": "67"}, "W.R Grace Quarterly Shares Outstanding (Millions of Shares)": {"2020-09-30": "66", "2020-06-30": "66", "2020-03-31": "67", "2019-12-31": "67", "2019-09-30": "67", "2019-06-30": "67", "2019-03-31": "67", "2018-12-31": "67", "2018-09-30": "67", "2018-06-30": "67", "2018-03-31": "68", "2017-12-31": "68", "2017-09-30": "68", "2017-06-30": "68", "2017-03-31": "69", "2016-12-31": "71", "2016-09-30": "71", "2016-06-30": "71", "2016-03-31": "71", "2015-12-31": "73", "2015-09-30": "73", "2015-06-30": "73", "2015-03-31": "74", "2014-12-31": "76", "2014-09-30": "76", "2014-06-30": "77", "2014-03-31": "78", "2013-12-31": "78", "2013-09-30": "78", "2013-06-30": "78", "2013-03-31": "77", "2012-12-31": "76", "2012-09-30": "76", "2012-06-30": "77", "2012-03-31": "76", "2011-12-31": "76", "2011-09-30": "76", "2011-06-30": "76", "2011-03-31": "75", "2010-12-31": "74", "2010-09-30": "74", "2010-06-30": "74", "2010-03-31": "74", "2009-12-31": "73", "2009-09-30": "73", "2009-06-30": "73", "2009-03-31": "72", "2008-12-31": "73", "2008-09-30": "73", "2008-06-30": "73", "2008-03-31": "72", "2007-12-31": "72", "2007-09-30": "72", "2007-06-30": "72", "2007-03-31": "71", "2006-12-31": "68", "2006-09-30": "69", "2006-06-30": "68", "2006-03-31": "67", "2005-12-31": "67", "2005-09-30": "67", "2005-06-30": "67", "2005-03-31": "67"}}, "total-assets": {"W.R Grace Annual Total Assets (Millions of US $)": {"2019": "$3,933", "2018": "$3,565", "2017": "$2,907", "2016": "$2,912", "2015": "$3,646", "2014": "$4,094", "2013": "$5,396", "2012": "$5,090", "2011": "$4,494", "2010": "$4,272", "2009": "$3,968", "2008": "$3,876", "2007": "$3,908", "2006": "$3,637", "2005": "$3,539"}, "W.R Grace Quarterly Total Assets (Millions of US $)": {"2020-09-30": "$3,650", "2020-06-30": "$4,505", "2020-03-31": "$3,844", "2019-12-31": "$3,933", "2019-09-30": "$3,780", "2019-06-30": "$3,727", "2019-03-31": "$3,646", "2018-12-31": "$3,565", "2018-09-30": "$3,513", "2018-06-30": "$3,402", "2018-03-31": "$2,945", "2017-12-31": "$2,907", "2017-09-30": "$2,986", "2017-06-30": "$2,990", "2017-03-31": "$2,891", "2016-12-31": "$2,912", "2016-09-30": "$3,008", "2016-06-30": "$2,982", "2016-03-31": "$2,888", "2015-12-31": "$3,646", "2015-09-30": "$3,708", "2015-06-30": "$3,814", "2015-03-31": "$3,768", "2014-12-31": "$4,094", "2014-09-30": "$4,180", "2014-06-30": "$3,904", "2014-03-31": "$4,039", "2013-12-31": "$5,396", "2013-09-30": "$5,230", "2013-06-30": "$5,166", "2013-03-31": "$5,049", "2012-12-31": "$5,090", "2012-09-30": "$4,757", "2012-06-30": "$4,555", "2012-03-31": "$4,460", "2011-12-31": "$4,494", "2011-09-30": "$4,501", "2011-06-30": "$4,315", "2011-03-31": "$4,188", "2010-12-31": "$4,272", "2010-09-30": "$4,210", "2010-06-30": "$4,053", "2010-03-31": "$3,958", "2009-12-31": "$3,968", "2009-09-30": "$3,937", "2009-06-30": "$3,815", "2009-03-31": "$3,727", "2008-12-31": "$3,876", "2008-09-30": "$3,754", "2008-06-30": "$3,859", "2008-03-31": "$3,927", "2007-12-31": "$3,908", "2007-09-30": "$3,794", "2007-06-30": "$3,706", "2007-03-31": "$3,628", "2006-12-31": "$3,637", "2006-09-30": "$3,641", "2006-06-30": "$3,612", "2006-03-31": "$3,506", "2005-12-31": "$3,539", "2005-09-30": "$3,465", "2005-06-30": "$3,423", "2005-03-31": "$3,464"}}, "cash-on-hand": {"W.R Grace Annual Cash on Hand (Millions of US $)": {"2019": "$283", "2018": "$201", "2017": "$164", "2016": "$101", "2015": "$241", "2014": "$558", "2013": "$1,360", "2012": "$1,535", "2011": "$1,185", "2010": "$1,114", "2009": "$893", "2008": "$482", "2007": "$579", "2006": "$539", "2005": "$475"}, "W.R Grace Quarterly Cash on Hand (Millions of US $)": {"2020-09-30": "$269", "2020-06-30": "$998", "2020-03-31": "$194", "2019-12-31": "$283", "2019-09-30": "$219", "2019-06-30": "$160", "2019-03-31": "$204", "2018-12-31": "$201", "2018-09-30": "$153", "2018-06-30": "$133", "2018-03-31": "$151", "2017-12-31": "$164", "2017-09-30": "$187", "2017-06-30": "$173", "2017-03-31": "$86", "2016-12-31": "$101", "2016-09-30": "$214", "2016-06-30": "$204", "2016-03-31": "$424", "2015-12-31": "$241", "2015-09-30": "$331", "2015-06-30": "$367", "2015-03-31": "$327", "2014-12-31": "$558", "2014-09-30": "$608", "2014-06-30": "$284", "2014-03-31": "$423", "2013-12-31": "$1,360", "2013-09-30": "$1,740", "2013-06-30": "$1,611", "2013-03-31": "$1,521", "2012-12-31": "$1,535", "2012-09-30": "$1,412", "2012-06-30": "$1,252", "2012-03-31": "$1,148", "2011-12-31": "$1,185", "2011-09-30": "$1,049", "2011-06-30": "$1,007", "2011-03-31": "$918", "2010-12-31": "$1,114", "2010-09-30": "$1,000", "2010-06-30": "$923", "2010-03-31": "$860", "2009-12-31": "$893", "2009-09-30": "$770", "2009-06-30": "$622", "2009-03-31": "$569", "2008-12-31": "$482", "2008-09-30": "$360", "2008-06-30": "$446", "2008-03-31": "$525", "2007-12-31": "$579", "2007-09-30": "$564", "2007-06-30": "$522", "2007-03-31": "$479", "2006-12-31": "$539", "2006-09-30": "$454", "2006-06-30": "$443", "2006-03-31": "$415", "2005-12-31": "$475", "2005-09-30": "$464", "2005-06-30": "$404", "2005-03-31": "$475"}}, "long-term-debt": {"W.R Grace Annual Long Term Debt (Millions of US $)": {"2019": "$1,957", "2018": "$1,961", "2017": "$1,524", "2016": "$1,508", "2015": "$2,112", "2014": "$1,919", "2013": "$30", "2012": "$36", "2011": "$22", "2010": "$16", "2009": "$11", "2008": "$1", "2007": "$0", "2006": "$0", "2005": "$0"}, "W.R Grace Quarterly Long Term Debt (Millions of US $)": {"2020-09-30": "$1,986", "2020-06-30": "$1,993", "2020-03-31": "$1,955", "2019-12-31": "$1,957", "2019-09-30": "$1,959", "2019-06-30": "$1,960", "2019-03-31": "$1,962", "2018-12-31": "$1,961", "2018-09-30": "$1,964", "2018-06-30": "$1,963", "2018-03-31": "$1,532", "2017-12-31": "$1,524", "2017-09-30": "$1,522", "2017-06-30": "$1,517", "2017-03-31": "$1,511", "2016-12-31": "$1,508", "2016-09-30": "$1,513", "2016-06-30": "$1,509", "2016-03-31": "$1,508", "2015-12-31": "$2,112", "2015-09-30": "$2,144", "2015-06-30": "$2,147", "2015-03-31": "$2,144", "2014-12-31": "$1,919", "2014-09-30": "$1,929", "2014-06-30": "$916", "2014-03-31": "$922", "2013-12-31": "$30", "2013-09-30": "$32", "2013-06-30": "$32", "2013-03-31": "$33", "2012-12-31": "$36", "2012-09-30": "$35", "2012-06-30": "$24", "2012-03-31": "$22", "2011-12-31": "$22", "2011-09-30": "$21", "2011-06-30": "$18", "2011-03-31": "$17", "2010-12-31": "$16", "2010-09-30": "$15", "2010-06-30": "$13", "2010-03-31": "$11", "2009-12-31": "$11", "2009-09-30": "$0", "2009-06-30": "$1", "2009-03-31": "$1", "2008-12-31": "$1", "2008-09-30": "$0", "2008-06-30": "$0", "2008-03-31": "$0", "2007-12-31": "$0", "2007-09-30": "$0", "2007-06-30": "$0", "2007-03-31": "$0", "2006-12-31": "$0", "2006-09-30": "$0", "2006-06-30": "$0", "2006-03-31": "$0", "2005-12-31": "$0", "2005-09-30": "$1", "2005-06-30": "$1", "2005-03-31": "$1"}}, "total-liabilities": {"W.R Grace Annual Total Liabilities (Millions of US $)": {"2019": "$3,530", "2018": "$3,228", "2017": "$2,644", "2016": "$2,539", "2015": "$3,433", "2014": "$3,725", "2013": "$4,825", "2012": "$4,771", "2011": "$4,327", "2010": "$4,341", "2009": "$4,259", "2008": "$4,229", "2007": "$4,258", "2006": "$4,187", "2005": "$4,134"}, "W.R Grace Quarterly Total Liabilities (Millions of US $)": {"2020-09-30": "$3,330", "2020-06-30": "$4,155", "2020-03-31": "$3,460", "2019-12-31": "$3,530", "2019-09-30": "$3,328", "2019-06-30": "$3,339", "2019-03-31": "$3,293", "2018-12-31": "$3,228", "2018-09-30": "$3,233", "2018-06-30": "$3,107", "2018-03-31": "$2,699", "2017-12-31": "$2,644", "2017-09-30": "$2,589", "2017-06-30": "$2,584", "2017-03-31": "$2,495", "2016-12-31": "$2,539", "2016-09-30": "$2,513", "2016-06-30": "$2,493", "2016-03-31": "$2,494", "2015-12-31": "$3,433", "2015-09-30": "$3,450", "2015-06-30": "$3,429", "2015-03-31": "$3,400", "2014-12-31": "$3,725", "2014-09-30": "$3,656", "2014-06-30": "$3,333", "2014-03-31": "$3,467", "2013-12-31": "$4,825", "2013-09-30": "$4,618", "2013-06-30": "$4,631", "2013-03-31": "$4,638", "2012-12-31": "$4,771", "2012-09-30": "$4,354", "2012-06-30": "$4,267", "2012-03-31": "$4,201", "2011-12-31": "$4,327", "2011-09-30": "$4,426", "2011-06-30": "$4,205", "2011-03-31": "$4,184", "2010-12-31": "$4,341", "2010-09-30": "$4,385", "2010-06-30": "$4,283", "2010-03-31": "$4,192", "2009-12-31": "$4,259", "2009-09-30": "$4,249", "2009-06-30": "$4,167", "2009-03-31": "$4,102", "2008-12-31": "$4,229", "2008-09-30": "$4,003", "2008-06-30": "$4,195", "2008-03-31": "$4,284", "2007-12-31": "$4,258", "2007-09-30": "$4,200", "2007-06-30": "$4,156", "2007-03-31": "$4,150", "2006-12-31": "$4,187", "2006-09-30": "$4,185", "2006-06-30": "$4,182", "2006-03-31": "$4,099", "2005-12-31": "$4,134", "2005-09-30": "$4,039", "2005-06-30": "$4,029", "2005-03-31": "$4,092"}}, "total-share-holder-equity": {"W.R Grace Annual Share Holder Equity (Millions of US $)": {"2019": "$402", "2018": "$337", "2017": "$263", "2016": "$372", "2015": "$213", "2014": "$369", "2013": "$571", "2012": "$320", "2011": "$168", "2010": "$-69", "2009": "$-291", "2008": "$-354", "2007": "$-350", "2006": "$-550", "2005": "$-595"}, "W.R Grace Quarterly Share Holder Equity (Millions of US $)": {"2020-09-30": "$321", "2020-06-30": "$350", "2020-03-31": "$384", "2019-12-31": "$402", "2019-09-30": "$452", "2019-06-30": "$387", "2019-03-31": "$354", "2018-12-31": "$337", "2018-09-30": "$280", "2018-06-30": "$295", "2018-03-31": "$246", "2017-12-31": "$263", "2017-09-30": "$397", "2017-06-30": "$406", "2017-03-31": "$396", "2016-12-31": "$372", "2016-09-30": "$495", "2016-06-30": "$489", "2016-03-31": "$395", "2015-12-31": "$213", "2015-09-30": "$257", "2015-06-30": "$385", "2015-03-31": "$368", "2014-12-31": "$369", "2014-09-30": "$524", "2014-06-30": "$571", "2014-03-31": "$571", "2013-12-31": "$571", "2013-09-30": "$612", "2013-06-30": "$534", "2013-03-31": "$412", "2012-12-31": "$320", "2012-09-30": "$402", "2012-06-30": "$289", "2012-03-31": "$259", "2011-12-31": "$168", "2011-09-30": "$76", "2011-06-30": "$110", "2011-03-31": "$4", "2010-12-31": "$-69", "2010-09-30": "$-175", "2010-06-30": "$-230", "2010-03-31": "$-234", "2009-12-31": "$-291", "2009-09-30": "$-312", "2009-06-30": "$-352", "2009-03-31": "$-375", "2008-12-31": "$-354", "2008-09-30": "$-249", "2008-06-30": "$-336", "2008-03-31": "$-357", "2007-12-31": "$-350", "2007-09-30": "$-406", "2007-06-30": "$-449", "2007-03-31": "$-522", "2006-12-31": "$-550", "2006-09-30": "$-544", "2006-06-30": "$-570", "2006-03-31": "$-593", "2005-12-31": "$-595", "2005-09-30": "$-574", "2005-06-30": "$-605", "2005-03-31": "$-629"}}, "profit-margins": {"current": "0.76%"}, "gross margin": {"2020-09-30": "36.26%", "2020-06-30": "37.15%", "2020-03-31": "40.01%", "2019-12-31": "40.51%", "2019-09-30": "39.75%", "2019-06-30": "39.82%", "2019-03-31": "39.88%", "2018-12-31": "39.68%", "2018-09-30": "40.31%", "2018-06-30": "40.04%", "2018-03-31": "39.50%", "2017-12-31": "39.29%", "2017-09-30": "39.26%", "2017-06-30": "39.67%", "2017-03-31": "40.98%", "2016-12-31": "41.88%", "2016-09-30": "41.98%", "2016-06-30": "42.02%", "2016-03-31": "41.28%", "2015-12-31": "40.05%", "2015-09-30": "43.57%", "2015-06-30": "39.78%", "2015-03-31": "38.47%", "2014-12-31": "37.79%", "2014-09-30": "37.87%", "2014-06-30": "37.43%", "2014-03-31": "37.21%", "2013-12-31": "37.31%", "2013-09-30": "35.37%", "2013-06-30": "35.40%", "2013-03-31": "35.22%", "2012-12-31": "35.30%", "2012-09-30": "34.74%", "2012-06-30": "34.76%", "2012-03-31": "34.80%", "2011-12-31": "34.65%", "2011-09-30": "36.31%", "2011-06-30": "36.18%", "2011-03-31": "35.85%", "2010-12-31": "35.51%", "2010-09-30": "35.83%", "2010-06-30": "35.51%", "2010-03-31": "35.10%", "2009-12-31": "32.74%", "2009-09-30": "30.43%", "2009-06-30": "28.95%", "2009-03-31": "28.28%", "2008-12-31": "29.67%", "2008-09-30": "30.79%", "2008-06-30": "31.55%", "2008-03-31": "31.91%", "2007-12-31": "31.68%", "2007-09-30": "28.95%", "2007-06-30": "29.59%", "2007-03-31": "30.42%", "2006-12-31": "31.14%", "2006-09-30": "31.03%", "2006-06-30": "30.89%", "2006-03-31": "30.67%", "2005-12-31": "30.95%"}, "operating margin": {"2020-09-30": "11.39%", "2020-06-30": "14.14%", "2020-03-31": "17.99%", "2019-12-31": "16.68%", "2019-09-30": "18.48%", "2019-06-30": "15.21%", "2019-03-31": "14.66%", "2018-12-31": "16.61%", "2018-09-30": "15.64%", "2018-06-30": "19.03%", "2018-03-31": "18.72%", "2017-12-31": "18.51%", "2017-09-30": "19.78%", "2017-06-30": "20.13%", "2017-03-31": "21.22%", "2016-12-31": "21.63%", "2016-09-30": "20.08%", "2016-06-30": "19.84%", "2016-03-31": "18.88%", "2015-12-31": "17.57%", "2015-09-30": "-1.34%", "2015-06-30": "7.06%", "2015-03-31": "10.22%", "2014-12-31": "11.27%", "2014-09-30": "19.00%", "2014-06-30": "18.81%", "2014-03-31": "18.54%", "2013-12-31": "18.65%", "2013-09-30": "14.47%", "2013-06-30": "13.86%", "2013-03-31": "13.53%", "2012-12-31": "13.12%", "2012-09-30": "12.25%", "2012-06-30": "12.38%", "2012-03-31": "12.11%", "2011-12-31": "11.96%", "2011-09-30": "13.64%", "2011-06-30": "12.67%", "2011-03-31": "11.65%", "2010-12-31": "10.65%", "2010-09-30": "10.15%", "2010-06-30": "10.03%", "2010-03-31": "9.21%", "2009-12-31": "5.70%", "2009-09-30": "4.63%", "2009-06-30": "4.00%", "2009-03-31": "4.60%", "2008-12-31": "7.51%", "2008-09-30": "8.20%", "2008-06-30": "8.26%", "2008-03-31": "8.33%", "2007-12-31": "8.12%", "2007-09-30": "7.18%", "2007-06-30": "6.67%", "2007-03-31": "6.00%", "2006-12-31": "5.52%", "2006-09-30": "5.53%", "2006-06-30": "5.98%", "2006-03-31": "5.98%", "2005-12-31": "5.96%"}, "ebitda margin": {"2020-09-30": "17.11%", "2020-06-30": "19.70%", "2020-03-31": "23.27%", "2019-12-31": "21.79%", "2019-09-30": "23.49%", "2019-06-30": "20.11%", "2019-03-31": "19.69%", "2018-12-31": "21.78%", "2018-09-30": "21.25%", "2018-06-30": "25.00%", "2018-03-31": "24.94%", "2017-12-31": "24.97%", "2017-09-30": "26.19%", "2017-06-30": "26.58%", "2017-03-31": "27.65%", "2016-12-31": "27.94%", "2016-09-30": "26.26%", "2016-06-30": "25.86%", "2016-03-31": "24.91%", "2015-12-31": "23.59%", "2015-09-30": "13.05%", "2015-06-30": "15.75%", "2015-03-31": "16.89%", "2014-12-31": "17.13%", "2014-09-30": "23.17%", "2014-06-30": "22.96%", "2014-03-31": "22.64%", "2013-12-31": "22.70%", "2013-09-30": "18.43%", "2013-06-30": "17.81%", "2013-03-31": "17.42%", "2012-12-31": "16.92%", "2012-09-30": "16.02%", "2012-06-30": "16.08%", "2012-03-31": "15.81%", "2011-12-31": "15.69%", "2011-09-30": "17.51%", "2011-06-30": "16.64%", "2011-03-31": "15.86%", "2010-12-31": "14.99%", "2010-09-30": "14.51%", "2010-06-30": "14.31%", "2010-03-31": "13.38%", "2009-12-31": "9.73%", "2009-09-30": "8.51%", "2009-06-30": "7.77%", "2009-03-31": "8.21%", "2008-12-31": "11.10%", "2008-09-30": "11.81%", "2008-06-30": "11.95%", "2008-03-31": "12.03%", "2007-12-31": "11.81%", "2007-09-30": "10.93%", "2007-06-30": "10.52%", "2007-03-31": "9.99%", "2006-12-31": "9.59%", "2006-09-30": "9.76%", "2006-06-30": "10.38%", "2006-03-31": "10.59%", "2005-12-31": "10.70%"}, "pre tax profit margin": {"2020-09-30": "0.17%", "2020-06-30": "5.94%", "2020-03-31": "10.77%", "2019-12-31": "9.39%", "2019-09-30": "15.65%", "2019-06-30": "12.26%", "2019-03-31": "10.86%", "2018-12-31": "12.73%", "2018-09-30": "9.45%", "2018-06-30": "12.11%", "2018-03-31": "12.44%", "2017-12-31": "12.28%", "2017-09-30": "11.65%", "2017-06-30": "11.95%", "2017-03-31": "11.99%", "2016-12-31": "10.38%", "2016-09-30": "12.31%", "2016-06-30": "11.72%", "2016-03-31": "11.10%", "2015-12-31": "11.92%", "2015-09-30": "-14.20%", "2015-06-30": "-0.51%", "2015-03-31": "5.18%", "2014-12-31": "5.98%", "2014-09-30": "10.73%", "2014-06-30": "11.05%", "2014-03-31": "11.30%", "2013-12-31": "11.79%", "2013-09-30": "0.49%", "2013-06-30": "0.16%", "2013-03-31": "-0.71%", "2012-12-31": "-0.67%", "2012-09-30": "9.52%", "2012-06-30": "9.60%", "2012-03-31": "9.79%", "2011-12-31": "9.59%", "2011-09-30": "12.02%", "2011-06-30": "11.05%", "2011-03-31": "10.12%", "2010-12-31": "8.93%", "2010-09-30": "8.42%", "2010-06-30": "8.27%", "2010-03-31": "7.07%", "2009-12-31": "3.29%", "2009-09-30": "2.23%", "2009-06-30": "0.62%", "2009-03-31": "1.27%", "2008-12-31": "4.28%", "2008-09-30": "4.56%", "2008-06-30": "4.87%", "2008-03-31": "4.12%", "2007-12-31": "3.63%", "2007-09-30": "2.73%", "2007-06-30": "2.46%", "2007-03-31": "1.70%", "2006-12-31": "1.34%", "2006-09-30": "1.52%", "2006-06-30": "2.05%", "2006-03-31": "4.00%", "2005-12-31": "4.24%"}, "net profit margin": {"2020-09-30": "0.79%", "2020-06-30": "3.36%", "2020-03-31": "7.53%", "2019-12-31": "6.48%", "2019-09-30": "11.34%", "2019-06-30": "9.30%", "2019-03-31": "7.56%", "2018-12-31": "8.69%", "2018-09-30": "-1.28%", "2018-06-30": "0.39%", "2018-03-31": "0.68%", "2017-12-31": "0.64%", "2017-09-30": "8.77%", "2017-06-30": "8.48%", "2017-03-31": "8.38%", "2016-12-31": "5.94%", "2016-09-30": "6.31%", "2016-06-30": "4.69%", "2016-03-31": "5.77%", "2015-12-31": "8.85%", "2015-09-30": "26.87%", "2015-06-30": "20.55%", "2015-03-31": "19.87%", "2014-12-31": "15.77%", "2014-09-30": "9.05%", "2014-06-30": "9.36%", "2014-03-31": "7.98%", "2013-12-31": "8.36%", "2013-09-30": "1.95%", "2013-06-30": "1.91%", "2013-03-31": "1.22%", "2012-12-31": "1.27%", "2012-09-30": "6.72%", "2012-06-30": "6.70%", "2012-03-31": "6.91%", "2011-12-31": "6.82%", "2011-09-30": "8.31%", "2011-06-30": "7.94%", "2011-03-31": "7.44%", "2010-12-31": "7.74%", "2010-09-30": "7.82%", "2010-06-30": "7.21%", "2010-03-31": "5.98%", "2009-12-31": "2.48%", "2009-09-30": "2.30%", "2009-06-30": "1.67%", "2009-03-31": "1.98%", "2008-12-31": "3.65%", "2008-09-30": "3.64%", "2008-06-30": "3.48%", "2008-03-31": "3.23%", "2007-12-31": "2.86%", "2007-09-30": "1.33%", "2007-06-30": "1.31%", "2007-03-31": "0.45%", "2006-12-31": "0.28%", "2006-09-30": "0.43%", "2006-06-30": "0.97%", "2006-03-31": "2.44%", "2005-12-31": "2.61%"}, "pe ratio": {"current": "19.87", "2021-02-05": "290.48", "2020-09-30": "190.82", "2020-06-30": "55.76", "2020-03-31": "16.26", "2019-12-31": "36.11", "2019-09-30": "19.45", "2019-06-30": "26.64", "2019-03-31": "34.08", "2018-12-31": "25.19", "2018-09-30": "0.00", "2018-06-30": "639.32", "2018-03-31": "344.35", "2017-12-31": "417.54", "2017-09-30": "32.17", "2017-06-30": "34.26", "2017-03-31": "34.64", "2016-12-31": "51.76", "2016-09-30": "50.95", "2016-06-30": "69.28", "2016-03-31": "54.54", "2015-12-31": "38.06", "2015-09-30": "37.06", "2015-06-30": "28.11", "2015-03-31": "20.27", "2014-12-31": "19.99", "2014-09-30": "18.20", "2014-06-30": "19.44", "2014-03-31": "25.18", "2013-12-31": "24.69", "2013-09-30": "56.53", "2013-06-30": "50.07", "2013-03-31": "53.32", "2012-12-31": "42.04", "2012-09-30": "12.92", "2012-06-30": "10.78", "2012-03-31": "12.02", "2011-12-31": "9.76", "2011-09-30": "7.43", "2011-06-30": "11.28", "2011-03-31": "10.54", "2010-12-31": "9.53", "2010-09-30": "7.50", "2010-06-30": "5.92", "2010-03-31": "9.25", "2009-12-31": "19.78", "2009-09-30": "17.50", "2009-06-30": "13.00", "2009-03-31": "6.05", "2008-12-31": "2.99", "2008-09-30": "7.68", "2008-06-30": "13.36", "2008-03-31": "13.49", "2007-12-31": "16.93", "2007-09-30": "30.80", "2007-06-30": "26.47", "2007-03-31": "60.58", "2006-12-31": "57.63"}, "price sales": {"2021-02-05": "2.30", "2020-09-30": "1.51", "2020-06-30": "1.84", "2020-03-31": "1.22", "2019-12-31": "2.33", "2019-09-30": "2.21", "2019-06-30": "2.49", "2019-03-31": "2.58", "2018-12-31": "2.19", "2018-09-30": "2.48", "2018-06-30": "2.64", "2018-03-31": "2.28", "2017-12-31": "2.66", "2017-09-30": "2.78", "2017-06-30": "2.83", "2017-03-31": "2.83", "2016-12-31": "2.82", "2016-09-30": "3.12", "2016-06-30": "3.12", "2016-03-31": "3.02", "2015-12-31": "3.38", "2015-09-30": "9.38", "2015-06-30": "5.69", "2015-03-31": "4.00", "2014-12-31": "3.16", "2014-09-30": "1.65", "2014-06-30": "1.77", "2014-03-31": "1.89", "2013-12-31": "1.90", "2013-09-30": "1.66", "2013-06-30": "1.58", "2013-03-31": "1.44", "2012-12-31": "1.23", "2012-09-30": "1.07", "2012-06-30": "0.89", "2012-03-31": "1.01", "2011-12-31": "0.82", "2011-09-30": "0.62", "2011-06-30": "0.89", "2011-03-31": "0.78", "2010-12-31": "0.74", "2010-09-30": "0.59", "2010-06-30": "0.43", "2010-03-31": "0.56", "2009-12-31": "0.49", "2009-09-30": "0.41", "2009-06-30": "0.22", "2009-03-31": "0.11", "2008-12-31": "0.10", "2008-09-30": "0.25", "2008-06-30": "0.39", "2008-03-31": "0.39", "2007-12-31": "0.45", "2007-09-30": "0.48", "2007-06-30": "0.44", "2007-03-31": "0.48", "2006-12-31": "0.36"}, "price book": {"current": "12.60", "2021-02-05": "12.60", "2020-09-30": "8.28", "2020-06-30": "9.50", "2020-03-31": "6.03", "2019-12-31": "11.32", "2019-09-30": "9.60", "2019-06-30": "12.76", "2019-03-31": "14.31", "2018-12-31": "12.43", "2018-09-30": "16.47", "2018-06-30": "16.03", "2018-03-31": "16.02", "2017-12-31": "17.20", "2017-09-30": "11.70", "2017-06-30": "11.47", "2017-03-31": "11.37", "2016-12-31": "11.68", "2016-09-30": "9.84", "2016-06-30": "9.88", "2016-03-31": "11.89", "2015-12-31": "25.01", "2015-09-30": "19.52", "2015-06-30": "14.26", "2015-03-31": "14.79", "2014-12-31": "14.26", "2014-09-30": "9.74", "2014-06-30": "9.42", "2014-03-31": "10.09", "2013-12-31": "10.09", "2013-09-30": "8.31", "2013-06-30": "9.12", "2013-03-31": "10.81", "2012-12-31": "12.02", "2012-09-30": "8.36", "2012-06-30": "9.90", "2012-03-31": "12.57", "2011-12-31": "15.33", "2011-09-30": "24.56", "2011-06-30": "23.12", "2011-03-31": "505.65", "2010-12-31": "-28.25", "2010-09-30": "-8.79", "2010-06-30": "-5.05", "2010-03-31": "-6.51", "2009-12-31": "-4.46", "2009-09-30": "-3.80", "2009-06-30": "-1.92", "2009-03-31": "-0.92", "2008-12-31": "-0.92", "2008-09-30": "-3.32", "2008-06-30": "-3.82", "2008-03-31": "-3.49", "2007-12-31": "-4.06", "2007-09-30": "-3.52", "2007-06-30": "-2.89", "2007-03-31": "-2.67", "2006-12-31": "-1.88", "2006-09-30": "-1.26", "2006-06-30": "-1.06", "2006-03-31": "-1.14"}, "price fcf": {"2021-02-05": "", "2020-09-30": "$3.12", "2020-06-30": "$3.67", "2020-03-31": "$2.43", "2019-12-31": "$2.96", "2019-09-30": "$2.68", "2019-06-30": "$2.10", "2019-03-31": "$1.78", "2018-12-31": "$1.87", "2018-09-30": "$1.25", "2018-06-30": "$2.07", "2018-03-31": "$3.35", "2017-12-31": "$2.84", "2017-09-30": "$3.17", "2017-06-30": "$2.40", "2017-03-31": "$1.84", "2016-12-31": "$2.33", "2016-09-30": "$1.92", "2016-06-30": "$1.88", "2016-03-31": "$1.96", "2015-12-31": "$-4.25", "2015-09-30": "$-5.07", "2015-06-30": "$-12.48", "2015-03-31": "$-13.08", "2014-12-31": "$-23.98", "2014-09-30": "$-21.51", "2014-06-30": "$-13.12", "2014-03-31": "$-12.08", "2013-12-31": "$4.63", "2013-09-30": "$4.54", "2013-06-30": "$4.68", "2013-03-31": "$5.02", "2012-12-31": "$4.13", "2012-09-30": "$4.03", "2012-06-30": "$3.41", "2012-03-31": "$2.97", "2011-12-31": "$1.00", "2011-09-30": "$1.02", "2011-06-30": "$0.62", "2011-03-31": "$0.49", "2010-12-31": "$2.89", "2010-09-30": "$3.35", "2010-06-30": "$4.10", "2010-03-31": "$3.83", "2009-12-31": "$4.68", "2009-09-30": "$4.57", "2009-06-30": "$1.46", "2009-03-31": "$-0.11", "2008-12-31": "$-1.62", "2008-09-30": "$-3.73", "2008-06-30": "$-1.76", "2008-03-31": "$-0.38", "2007-12-31": "$-0.43", "2007-09-30": "$0.72", "2007-06-30": "$0.48", "2007-03-31": "$0.37", "2006-12-31": "$0.49"}, "net worth": {"value": "$4.04B"}, "current ratio": {"2020-09-30": "1.68", "2020-06-30": "1.26", "2020-03-31": "1.49", "2019-12-31": "1.52", "2019-09-30": "1.49", "2019-06-30": "1.48", "2019-03-31": "1.54", "2018-12-31": "1.67", "2018-09-30": "1.59", "2018-06-30": "1.57", "2018-03-31": "1.56", "2017-12-31": "1.63", "2017-09-30": "1.59", "2017-06-30": "1.52", "2017-03-31": "1.45", "2016-12-31": "1.36", "2016-09-30": "1.58", "2016-06-30": "1.56", "2016-03-31": "1.92", "2015-12-31": "1.67", "2015-09-30": "2.00", "2015-06-30": "2.18", "2015-03-31": "2.02", "2014-12-31": "1.23", "2014-09-30": "1.46", "2014-06-30": "1.15", "2014-03-31": "1.26", "2013-12-31": "3.61", "2013-09-30": "4.20", "2013-06-30": "4.03", "2013-03-31": "4.07", "2012-12-31": "3.78", "2012-09-30": "3.72", "2012-06-30": "3.62", "2012-03-31": "3.46", "2011-12-31": "3.39", "2011-09-30": "3.07", "2011-06-30": "3.23", "2011-03-31": "3.17", "2010-12-31": "3.57", "2010-09-30": "3.66", "2010-06-30": "3.77", "2010-03-31": "3.62", "2009-12-31": "3.29", "2009-09-30": "3.21", "2009-06-30": "3.03", "2009-03-31": "2.80", "2008-12-31": "2.81", "2008-09-30": "2.88", "2008-06-30": "2.39", "2008-03-31": "3.19", "2007-12-31": "3.14", "2007-09-30": "2.83", "2007-06-30": "2.88", "2007-03-31": "3.09", "2006-12-31": "3.05", "2006-09-30": "3.19", "2006-06-30": "3.47", "2006-03-31": "3.50", "2005-12-31": "3.24", "2005-09-30": "3.14", "2005-06-30": "3.18", "2005-03-31": "3.65"}, "quick ratio": {"2020-09-30": "1.17", "2020-06-30": "1.07", "2020-03-31": "1.00", "2019-12-31": "1.11", "2019-09-30": "1.02", "2019-06-30": "1.02", "2019-03-31": "1.05", "2018-12-31": "1.12", "2018-09-30": "0.99", "2018-06-30": "0.96", "2018-03-31": "1.01", "2017-12-31": "1.11", "2017-09-30": "1.06", "2017-06-30": "1.02", "2017-03-31": "0.91", "2016-12-31": "0.89", "2016-09-30": "1.08", "2016-06-30": "1.05", "2016-03-31": "1.47", "2015-12-31": "1.39", "2015-09-30": "1.54", "2015-06-30": "1.71", "2015-03-31": "1.53", "2014-12-31": "0.95", "2014-09-30": "1.19", "2014-06-30": "0.88", "2014-03-31": "1.00", "2013-12-31": "3.15", "2013-09-30": "3.71", "2013-06-30": "3.54", "2013-03-31": "3.54", "2012-12-31": "3.35", "2012-09-30": "3.23", "2012-06-30": "3.10", "2012-03-31": "2.88", "2011-12-31": "2.87", "2011-09-30": "2.54", "2011-06-30": "2.71", "2011-03-31": "2.64", "2010-12-31": "3.09", "2010-09-30": "3.13", "2010-06-30": "3.23", "2010-03-31": "3.09", "2009-12-31": "2.85", "2009-09-30": "2.68", "2009-06-30": "2.46", "2009-03-31": "2.22", "2008-12-31": "2.15", "2008-09-30": "2.04", "2008-06-30": "1.84", "2008-03-31": "2.45", "2007-12-31": "2.45", "2007-09-30": "2.25", "2007-06-30": "2.30", "2007-03-31": "2.39", "2006-12-31": "2.42", "2006-09-30": "2.50", "2006-06-30": "2.65", "2006-03-31": "2.64", "2005-12-31": "2.53", "2005-09-30": "2.48", "2005-06-30": "2.47", "2005-03-31": "2.87"}, "debt equity ratio": {"current": "6.20", "2020-09-30": "10.39", "2020-06-30": "11.89", "2020-03-31": "9.01", "2019-12-31": "8.78", "2019-09-30": "7.37", "2019-06-30": "8.62", "2019-03-31": "9.31", "2018-12-31": "9.58", "2018-09-30": "11.54", "2018-06-30": "10.54", "2018-03-31": "10.98", "2017-12-31": "10.04", "2017-09-30": "6.52", "2017-06-30": "6.37", "2017-03-31": "6.31", "2016-12-31": "6.82", "2016-09-30": "5.08", "2016-06-30": "5.10", "2016-03-31": "6.32", "2015-12-31": "16.16", "2015-09-30": "13.40", "2015-06-30": "8.90", "2015-03-31": "9.23", "2014-12-31": "10.09", "2014-09-30": "6.97", "2014-06-30": "5.84", "2014-03-31": "6.07", "2013-12-31": "8.45", "2013-09-30": "7.55", "2013-06-30": "8.67", "2013-03-31": "11.27", "2012-12-31": "14.92", "2012-09-30": "10.83", "2012-06-30": "14.78", "2012-03-31": "16.19", "2011-12-31": "25.83", "2011-09-30": "58.46", "2011-06-30": "38.30", "2011-03-31": "996.12", "2010-12-31": "-63.09", "2010-09-30": "-25.04", "2010-06-30": "-18.66", "2010-03-31": "-17.89", "2009-12-31": "-14.66", "2009-09-30": "-13.61", "2009-06-30": "-11.85", "2009-03-31": "-10.94", "2008-12-31": "-11.95", "2008-09-30": "-16.10", "2008-06-30": "-12.48", "2008-03-31": "-12.01", "2007-12-31": "-12.18", "2007-09-30": "-10.35", "2007-06-30": "-9.25", "2007-03-31": "-7.95", "2006-12-31": "-7.62", "2006-09-30": "-7.69", "2006-06-30": "-7.33", "2006-03-31": "-6.91", "2005-12-31": "-6.94", "2005-09-30": "-7.04", "2005-06-30": "-6.66", "2005-03-31": "-6.51"}, "return on equity": {"2020-09-30": "3.84%", "2020-06-30": "15.37%", "2020-03-31": "35.45%", "2019-12-31": "31.85%", "2019-09-30": "58.56%", "2019-06-30": "54.79%", "2019-03-31": "47.08%", "2018-12-31": "58.03%", "2018-09-30": "-8.86%", "2018-06-30": "2.33%", "2018-03-31": "3.66%", "2017-12-31": "3.01%", "2017-09-30": "37.94%", "2017-06-30": "34.03%", "2017-03-31": "31.28%", "2016-12-31": "21.70%", "2016-09-30": "25.13%", "2016-06-30": "21.86%", "2016-03-31": "29.44%", "2015-12-31": "47.10%", "2015-09-30": "40.61%", "2015-06-30": "48.85%", "2015-03-31": "61.14%", "2014-12-31": "54.45%", "2014-09-30": "52.03%", "2014-06-30": "50.41%", "2014-03-31": "43.18%", "2013-12-31": "48.10%", "2013-09-30": "12.78%", "2013-06-30": "14.15%", "2013-03-31": "10.68%", "2012-12-31": "12.60%", "2012-09-30": "76.57%", "2012-06-30": "110.61%", "2012-03-31": "147.47%", "2011-12-31": "244.69%", "2011-09-30": "846.28%", "2011-06-30": "-707.69%", "2011-03-31": "-174.47%", "2010-12-31": "-116.95%", "2010-09-30": "-89.46%", "2010-06-30": "-73.85%", "2010-03-31": "-55.51%", "2009-12-31": "-21.05%", "2009-09-30": "-19.24%", "2009-06-30": "-15.34%", "2009-03-31": "-19.48%", "2008-12-31": "-37.35%", "2008-09-30": "-37.77%", "2008-06-30": "-31.19%", "2008-03-31": "-26.12%", "2007-12-31": "-20.61%", "2007-09-30": "-8.30%", "2007-06-30": "-7.55%", "2007-03-31": "-2.38%", "2006-12-31": "-1.42%", "2006-09-30": "-2.09%", "2006-06-30": "-4.46%", "2006-03-31": "-10.82%", "2005-12-31": "-11.15%"}, "return on assets": {"2020-09-30": "0.35%", "2020-06-30": "1.52%", "2020-03-31": "3.77%", "2019-12-31": "3.37%", "2019-09-30": "6.09%", "2019-06-30": "5.15%", "2019-03-31": "4.22%", "2018-12-31": "5.01%", "2018-09-30": "-0.75%", "2018-06-30": "0.23%", "2018-03-31": "0.41%", "2017-12-31": "0.37%", "2017-09-30": "5.06%", "2017-06-30": "4.81%", "2017-03-31": "4.65%", "2016-12-31": "3.22%", "2016-09-30": "3.19%", "2016-06-30": "2.24%", "2016-03-31": "2.62%", "2015-12-31": "3.86%", "2015-09-30": "3.64%", "2015-06-30": "5.07%", "2015-03-31": "7.02%", "2014-12-31": "6.83%", "2014-09-30": "6.64%", "2014-06-30": "6.31%", "2014-03-31": "4.98%", "2013-12-31": "4.91%", "2013-09-30": "1.17%", "2013-06-30": "1.18%", "2013-03-31": "0.78%", "2012-12-31": "0.85%", "2012-09-30": "4.69%", "2012-06-30": "4.86%", "2012-03-31": "5.09%", "2011-12-31": "5.01%", "2011-09-30": "5.93%", "2011-06-30": "5.42%", "2011-03-31": "4.90%", "2010-12-31": "5.02%", "2010-09-30": "5.14%", "2010-06-30": "4.95%", "2010-03-31": "4.21%", "2009-12-31": "1.81%", "2009-09-30": "1.75%", "2009-06-30": "1.34%", "2009-03-31": "1.68%", "2008-12-31": "3.14%", "2008-09-30": "3.16%", "2008-06-30": "2.92%", "2008-03-31": "2.66%", "2007-12-31": "2.37%", "2007-09-30": "1.08%", "2007-06-30": "1.07%", "2007-03-31": "0.36%", "2006-12-31": "0.22%", "2006-09-30": "0.34%", "2006-06-30": "0.74%", "2006-03-31": "1.84%", "2005-12-31": "1.93%"}, "return on investments": {"2020-09-30": "8.60%", "2020-06-30": "10.87%", "2020-03-31": "14.55%", "2019-12-31": "13.87%", "2019-09-30": "15.58%", "2019-06-30": "13.21%", "2019-03-31": "12.68%", "2018-12-31": "14.97%", "2018-09-30": "14.53%", "2018-06-30": "17.77%", "2018-03-31": "17.72%", "2017-12-31": "16.88%", "2017-09-30": "17.62%", "2017-06-30": "17.47%", "2017-03-31": "17.81%", "2016-12-31": "17.77%", "2016-09-30": "15.45%", "2016-06-30": "14.51%", "2016-03-31": "13.14%", "2015-12-31": "11.71%", "2015-09-30": "-0.29%", "2015-06-30": "2.82%", "2015-03-31": "6.59%", "2014-12-31": "10.26%", "2014-09-30": "40.50%", "2014-06-30": "55.78%", "2014-03-31": "69.51%", "2013-12-31": "101.29%", "2013-09-30": "88.76%", "2013-06-30": "94.85%", "2013-03-31": "108.58%", "2012-12-31": "119.31%", "2012-09-30": "127.76%", "2012-06-30": "184.09%", "2012-03-31": "227.59%", "2011-12-31": "353.10%", "2011-09-30": "870.47%", "2011-06-30": "-2293.75%", "2011-03-31": "-313.94%", "2010-12-31": "-174.58%", "2010-09-30": "-122.73%", "2010-06-30": "-106.20%", "2010-03-31": "-87.14%", "2009-12-31": "-48.90%", "2009-09-30": "-38.85%", "2009-06-30": "-36.80%", "2009-03-31": "-45.46%", "2008-12-31": "-77.03%", "2008-09-30": "-85.34%", "2008-06-30": "-74.08%", "2008-03-31": "-67.44%", "2007-12-31": "-58.63%", "2007-09-30": "-44.84%", "2007-06-30": "-38.35%", "2007-03-31": "-31.66%", "2006-12-31": "-27.65%", "2006-09-30": "-26.59%", "2006-06-30": "-27.44%", "2006-03-31": "-26.53%", "2005-12-31": "-25.48%"}, "return on tangible equity": {"2020-09-30": "-2.65%", "2020-06-30": "-12.21%", "2020-03-31": "-29.03%", "2019-12-31": "-25.25%", "2019-09-30": "-43.18%", "2019-06-30": "-33.11%", "2019-03-31": "-25.55%", "2018-12-31": "-30.46%", "2018-09-30": "4.71%", "2018-06-30": "-1.67%", "2018-03-31": "-3.63%", "2017-12-31": "-3.74%", "2017-09-30": "-55.49%", "2017-06-30": "-57.90%", "2017-03-31": "-60.29%", "2016-12-31": "-46.91%", "2016-09-30": "-45.92%", "2016-06-30": "-25.78%", "2016-03-31": "-28.33%", "2015-12-31": "-38.76%", "2015-09-30": "-37.18%", "2015-06-30": "-62.33%", "2015-03-31": "-96.64%", "2014-12-31": "-110.80%", "2014-09-30": "-140.24%", "2014-06-30": "-438.95%", "2014-03-31": "522.75%", "2013-12-31": "196.55%", "2013-09-30": "31.45%", "2013-06-30": "40.69%", "2013-03-31": "37.53%", "2012-12-31": "42.55%", "2012-09-30": "300.35%", "2012-06-30": "1368.75%", "2012-03-31": "-2582.86%", "2011-12-31": "-325.65%", "2011-09-30": "-248.54%", "2011-06-30": "-145.80%", "2011-03-31": "-86.32%", "2010-12-31": "-70.53%", "2010-09-30": "-59.90%", "2010-06-30": "-51.50%", "2010-03-31": "-39.74%", "2009-12-31": "-15.56%", "2009-09-30": "-14.39%", "2009-06-30": "-11.33%", "2009-03-31": "-14.28%", "2008-12-31": "-27.04%", "2008-09-30": "-27.25%", "2008-06-30": "-23.22%", "2008-03-31": "-19.89%", "2007-12-31": "-16.15%", "2007-09-30": "-6.67%", "2007-06-30": "-6.17%", "2007-03-31": "-1.97%", "2006-12-31": "-1.19%", "2006-09-30": "-1.76%", "2006-06-30": "-3.78%", "2006-03-31": "-9.20%", "2005-12-31": "-9.49%"}, "dividend yield history": {"last payout": "$1.20", "last yield": "1.97%"}}