{"ticker": "WBA", "price": {"title": "Walgreens Historical Annual Stock Price Data", "value": 49.81, "historical": {"2021": {"Average Stock Price": "47.6679", "Year Open": "41.4000", "Year High": "51.1800", "Year Low": "41.1600", "Year Close": "49.8100", "Annual % Change": "24.90%"}, "2020": {"Average Stock Price": "42.6994", "Year Open": "59.0800", "Year High": "59.5900", "Year Low": "33.5200", "Year Close": "39.8800", "Annual % Change": "-32.36%"}, "2019": {"Average Stock Price": "58.0676", "Year Open": "68.0400", "Year High": "74.4300", "Year Low": "49.2900", "Year Close": "58.9600", "Annual % Change": "-13.71%"}, "2018": {"Average Stock Price": "70.2854", "Year Open": "74.9500", "Year High": "85.6900", "Year Low": "59.7000", "Year Close": "68.3300", "Annual % Change": "-5.91%"}, "2017": {"Average Stock Price": "79.1602", "Year Open": "82.9600", "Year High": "87.6100", "Year Low": "64.4800", "Year Close": "72.6200", "Annual % Change": "-12.25%"}, "2016": {"Average Stock Price": "81.2052", "Year Open": "83.0500", "Year High": "87.7300", "Year Low": "72.9100", "Year Close": "82.7600", "Annual % Change": "-2.81%"}, "2015": {"Average Stock Price": "85.3635", "Year Open": "76.0000", "Year High": "96.6800", "Year Low": "73.7500", "Year Close": "85.1550", "Annual % Change": "11.75%"}, "2014": {"Average Stock Price": "66.3102", "Year Open": "56.6300", "Year High": "76.7900", "Year Low": "55.5700", "Year Close": "76.2000", "Annual % Change": "32.66%"}, "2013": {"Average Stock Price": "49.7213", "Year Open": "38.0600", "Year High": "60.5900", "Year Low": "37.1800", "Year Close": "57.4400", "Annual % Change": "55.20%"}, "2012": {"Average Stock Price": "33.9433", "Year Open": "33.0600", "Year High": "37.5500", "Year Low": "28.9900", "Year Close": "37.0100", "Annual % Change": "11.95%"}, "2011": {"Average Stock Price": "38.7589", "Year Open": "39.3200", "Year High": "45.1800", "Year Low": "30.7400", "Year Close": "33.0600", "Annual % Change": "-15.14%"}, "2010": {"Average Stock Price": "33.2348", "Year Open": "37.3000", "Year High": "39.4800", "Year Low": "26.3600", "Year Close": "38.9600", "Annual % Change": "6.10%"}, "2009": {"Average Stock Price": "31.6156", "Year Open": "25.5500", "Year High": "40.3700", "Year Low": "21.5000", "Year Close": "36.7200", "Annual % Change": "48.84%"}, "2008": {"Average Stock Price": "32.5566", "Year Open": "37.3400", "Year High": "38.9300", "Year Low": "21.4000", "Year Close": "24.6700", "Annual % Change": "-35.22%"}, "2007": {"Average Stock Price": "43.5077", "Year Open": "46.0700", "Year High": "47.9300", "Year Low": "35.8100", "Year Close": "38.0800", "Annual % Change": "-17.02%"}, "2006": {"Average Stock Price": "44.4581", "Year Open": "45.3900", "Year High": "51.4800", "Year Low": "39.8000", "Year Close": "45.8900", "Annual % Change": "3.68%"}, "2005": {"Average Stock Price": "44.9306", "Year Open": "40.3800", "Year High": "48.3400", "Year Low": "40.0900", "Year Close": "44.2600", "Annual % Change": "15.35%"}, "2004": {"Average Stock Price": "35.7993", "Year Open": "35.7100", "Year High": "39.4800", "Year Low": "32.4500", "Year Close": "38.3700", "Annual % Change": "5.47%"}, "2003": {"Average Stock Price": "31.8180", "Year Open": "30.1000", "Year High": "37.1500", "Year Low": "27.3500", "Year Close": "36.3800", "Annual % Change": "24.63%"}, "2002": {"Average Stock Price": "35.4750", "Year Open": "33.0800", "Year High": "40.2400", "Year Low": "28.5000", "Year Close": "29.1900", "Annual % Change": "-13.28%"}, "2001": {"Average Stock Price": "37.3707", "Year Open": "40.8100", "Year High": "45.2700", "Year Low": "30.9800", "Year Close": "33.6600", "Annual % Change": "-19.49%"}, "2000": {"Average Stock Price": "32.7390", "Year Open": "28.5600", "Year High": "45.6300", "Year Low": "22.7500", "Year Close": "41.8100", "Annual % Change": "42.94%"}, "1999": {"Average Stock Price": "27.4001", "Year Open": "28.4400", "Year High": "32.8800", "Year Low": "23.1900", "Year Close": "29.2500", "Annual % Change": "-0.10%"}, "1998": {"Average Stock Price": "21.0086", "Year Open": "15.4700", "Year High": "30.0950", "Year Low": "15.0300", "Year Close": "29.2800", "Annual % Change": "86.62%"}, "1997": {"Average Stock Price": "12.7687", "Year Open": "9.9075", "Year High": "16.5950", "Year Low": "9.8125", "Year Close": "15.6900", "Annual % Change": "55.93%"}, "1996": {"Average Stock Price": "8.6840", "Year Open": "7.5300", "Year High": "10.7200", "Year Low": "7.5000", "Year Close": "10.0625", "Annual % Change": "34.71%"}, "1995": {"Average Stock Price": "6.3717", "Year Open": "5.5938", "Year High": "7.8125", "Year Low": "5.5938", "Year Close": "7.4700", "Annual % Change": "37.00%"}, "1994": {"Average Stock Price": "4.9626", "Year Open": "5.0150", "Year High": "5.6250", "Year Low": "4.2650", "Year Close": "5.4525", "Annual % Change": "6.70%"}, "1993": {"Average Stock Price": "4.9728", "Year Open": "5.5625", "Year High": "5.5625", "Year Low": "4.5150", "Year Close": "5.1100", "Annual % Change": "-6.28%"}, "1992": {"Average Stock Price": "4.6525", "Year Open": "4.7500", "Year High": "5.5625", "Year Low": "3.8125", "Year Close": "5.4525", "Annual % Change": "14.79%"}, "1991": {"Average Stock Price": "4.0385", "Year Open": "3.2113", "Year High": "4.7500", "Year Low": "3.1094", "Year Close": "4.7500", "Annual % Change": "47.92%"}, "1990": {"Average Stock Price": "2.8617", "Year Open": "2.9925", "Year High": "3.3050", "Year Low": "2.5238", "Year Close": "3.2113", "Annual % Change": "9.90%"}, "1989": {"Average Stock Price": "2.5909", "Year Open": "1.8988", "Year High": "3.1325", "Year Low": "1.8988", "Year Close": "2.9219", "Annual % Change": "54.55%"}, "1988": {"Average Stock Price": "1.9810", "Year Open": "1.9844", "Year High": "2.2575", "Year Low": "1.7031", "Year Close": "1.8906", "Annual % Change": "-1.63%"}, "1987": {"Average Stock Price": "2.2914", "Year Open": "2.0938", "Year High": "2.7969", "Year Low": "1.6094", "Year Close": "1.9219", "Annual % Change": "-5.04%"}, "1986": {"Average Stock Price": "2.0663", "Year Open": "1.7113", "Year High": "2.4613", "Year Low": "1.5863", "Year Close": "2.0238", "Annual % Change": "15.15%"}}}, "market cap": {"value": "$43.04B"}, "income statement": {"Revenue": {"2020-08-31": "139537.00000", "2019-08-31": "136866.00000", "2018-08-31": "131537.00000", "2017-08-31": "118214.00000", "2016-08-31": "117351.00000", "2015-08-31": "103444.00000", "2014-08-31": "76392.00000", "2013-08-31": "72217.00000", "2012-08-31": "71633.00000", "2011-08-31": "72184.00000", "2010-08-31": "67420.00000", "2009-08-31": "63335.00000", "2008-08-31": "59034.00000", "2007-08-31": "53762.00000", "2006-08-31": "47409.00000", "2005-08-31": "42201.60000"}, "Cost Of Goods Sold": {"2020-08-31": "111520.00000", "2019-08-31": "106790.00000", "2018-08-31": "100745.00000", "2017-08-31": "89052.00000", "2016-08-31": "87477.00000", "2015-08-31": "76691.00000", "2014-08-31": "54823.00000", "2013-08-31": "51098.00000", "2012-08-31": "51291.00000", "2011-08-31": "51692.00000", "2010-08-31": "48444.00000", "2009-08-31": "45722.00000", "2008-08-31": "42391.00000", "2007-08-31": "38518.00000", "2006-08-31": "34240.00000", "2005-08-31": "30413.80000"}, "Gross Profit": {"2020-08-31": "28017.00000", "2019-08-31": "30076.00000", "2018-08-31": "30792.00000", "2017-08-31": "29162.00000", "2016-08-31": "29874.00000", "2015-08-31": "26753.00000", "2014-08-31": "21569.00000", "2013-08-31": "21119.00000", "2012-08-31": "20342.00000", "2011-08-31": "20492.00000", "2010-08-31": "18976.00000", "2009-08-31": "17613.00000", "2008-08-31": "16643.00000", "2007-08-31": "15244.00000", "2006-08-31": "13169.00000", "2005-08-31": "11787.80000"}, "Research And Development Expenses": {"2020-08-31": "", "2019-08-31": "", "2018-08-31": "", "2017-08-31": "", "2016-08-31": "", "2015-08-31": "", "2014-08-31": "", "2013-08-31": "", "2012-08-31": "", "2011-08-31": "", "2010-08-31": "", "2009-08-31": "", "2008-08-31": "", "2007-08-31": "", "2006-08-31": "", "2005-08-31": ""}, "SG&A Expenses": {"2020-08-31": "27045.00000", "2019-08-31": "25242.00000", "2018-08-31": "24694.00000", "2017-08-31": "23813.00000", "2016-08-31": "23910.00000", "2015-08-31": "22400.00000", "2014-08-31": "17992.00000", "2013-08-31": "17543.00000", "2012-08-31": "16878.00000", "2011-08-31": "16561.00000", "2010-08-31": "15518.00000", "2009-08-31": "14366.00000", "2008-08-31": "13202.00000", "2007-08-31": "12093.00000", "2006-08-31": "10467.00000", "2005-08-31": "9363.80000"}, "Other Operating Income Or Expenses": {"2020-08-31": "", "2019-08-31": "", "2018-08-31": "", "2017-08-31": "", "2016-08-31": "", "2015-08-31": "", "2014-08-31": "", "2013-08-31": "20.00000", "2012-08-31": "0.00000", "2011-08-31": "434.00000", "2010-08-31": "", "2009-08-31": "0.00000", "2008-08-31": "", "2007-08-31": "", "2006-08-31": "", "2005-08-31": ""}, "Operating Expenses": {"2020-08-31": "138224.00000", "2019-08-31": "131868.00000", "2018-08-31": "125248.00000", "2017-08-31": "112730.00000", "2016-08-31": "111350.00000", "2015-08-31": "98776.00000", "2014-08-31": "72198.00000", "2013-08-31": "68125.00000", "2012-08-31": "68169.00000", "2011-08-31": "67819.00000", "2010-08-31": "63962.00000", "2009-08-31": "60088.00000", "2008-08-31": "55593.00000", "2007-08-31": "50611.00000", "2006-08-31": "44707.00000", "2005-08-31": "39777.60000"}, "Operating Income": {"2020-08-31": "1313.00000", "2019-08-31": "4998.00000", "2018-08-31": "6289.00000", "2017-08-31": "5484.00000", "2016-08-31": "6001.00000", "2015-08-31": "4668.00000", "2014-08-31": "4194.00000", "2013-08-31": "4092.00000", "2012-08-31": "3464.00000", "2011-08-31": "4365.00000", "2010-08-31": "3458.00000", "2009-08-31": "3247.00000", "2008-08-31": "3441.00000", "2007-08-31": "3151.00000", "2006-08-31": "2702.00000", "2005-08-31": "2424.00000"}, "Total Non-Operating Income/Expense": {"2020-08-31": "-569.00000", "2019-08-31": "-471.00000", "2018-08-31": "-314.00000", "2017-08-31": "-631.00000", "2016-08-31": "-857.00000", "2015-08-31": "643.00000", "2014-08-31": "-637.00000", "2013-08-31": "-45.00000", "2012-08-31": "-88.00000", "2011-08-31": "-71.00000", "2010-08-31": "-85.00000", "2009-08-31": "-83.00000", "2008-08-31": "-11.00000", "2007-08-31": "38.00000", "2006-08-31": "52.00000", "2005-08-31": "31.60000"}, "Pre-Tax Income": {"2020-08-31": "743.00000", "2019-08-31": "4527.00000", "2018-08-31": "5975.00000", "2017-08-31": "4853.00000", "2016-08-31": "5144.00000", "2015-08-31": "5311.00000", "2014-08-31": "3557.00000", "2013-08-31": "4047.00000", "2012-08-31": "3376.00000", "2011-08-31": "4294.00000", "2010-08-31": "3373.00000", "2009-08-31": "3164.00000", "2008-08-31": "3430.00000", "2007-08-31": "3189.00000", "2006-08-31": "2754.00000", "2005-08-31": "2455.60000"}, "Income Taxes": {"2020-08-31": "360.00000", "2019-08-31": "588.00000", "2018-08-31": "998.00000", "2017-08-31": "760.00000", "2016-08-31": "997.00000", "2015-08-31": "1056.00000", "2014-08-31": "1526.00000", "2013-08-31": "1499.00000", "2012-08-31": "1249.00000", "2011-08-31": "1580.00000", "2010-08-31": "1282.00000", "2009-08-31": "1158.00000", "2008-08-31": "1273.00000", "2007-08-31": "1148.00000", "2006-08-31": "1003.00000", "2005-08-31": "896.10000"}, "Income After Taxes": {"2020-08-31": "383.00000", "2019-08-31": "3939.00000", "2018-08-31": "4977.00000", "2017-08-31": "4093.00000", "2016-08-31": "4147.00000", "2015-08-31": "4255.00000", "2014-08-31": "2031.00000", "2013-08-31": "2548.00000", "2012-08-31": "2127.00000", "2011-08-31": "2714.00000", "2010-08-31": "2091.00000", "2009-08-31": "2006.00000", "2008-08-31": "2157.00000", "2007-08-31": "2041.00000", "2006-08-31": "1751.00000", "2005-08-31": "1559.50000"}, "Other Income": {"2020-08-31": "", "2019-08-31": "", "2018-08-31": "", "2017-08-31": "", "2016-08-31": "", "2015-08-31": "", "2014-08-31": "", "2013-08-31": "", "2012-08-31": "", "2011-08-31": "", "2010-08-31": "", "2009-08-31": "", "2008-08-31": "", "2007-08-31": "", "2006-08-31": "", "2005-08-31": ""}, "Income From Continuous Operations": {"2020-08-31": "424.00000", "2019-08-31": "3962.00000", "2018-08-31": "5031.00000", "2017-08-31": "4101.00000", "2016-08-31": "4191.00000", "2015-08-31": "4279.00000", "2014-08-31": "2031.00000", "2013-08-31": "2548.00000", "2012-08-31": "2127.00000", "2011-08-31": "2714.00000", "2010-08-31": "2091.00000", "2009-08-31": "2006.00000", "2008-08-31": "2157.00000", "2007-08-31": "2041.00000", "2006-08-31": "1751.00000", "2005-08-31": "1559.50000"}, "Income From Discontinued Operations": {"2020-08-31": "", "2019-08-31": "", "2018-08-31": "", "2017-08-31": "", "2016-08-31": "", "2015-08-31": "", "2014-08-31": "", "2013-08-31": "", "2012-08-31": "", "2011-08-31": "", "2010-08-31": "", "2009-08-31": "", "2008-08-31": "", "2007-08-31": "", "2006-08-31": "", "2005-08-31": ""}, "Net Income": {"2020-08-31": "456.00000", "2019-08-31": "3982.00000", "2018-08-31": "5024.00000", "2017-08-31": "4078.00000", "2016-08-31": "4173.00000", "2015-08-31": "4220.00000", "2014-08-31": "1932.00000", "2013-08-31": "2548.00000", "2012-08-31": "2127.00000", "2011-08-31": "2714.00000", "2010-08-31": "2091.00000", "2009-08-31": "2006.00000", "2008-08-31": "2157.00000", "2007-08-31": "2041.00000", "2006-08-31": "1751.00000", "2005-08-31": "1559.50000"}, "EBITDA": {"2020-08-31": "3581.00000", "2019-08-31": "7200.00000", "2018-08-31": "8250.00000", "2017-08-31": "7273.00000", "2016-08-31": "7756.00000", "2015-08-31": "6725.00000", "2014-08-31": "6127.00000", "2013-08-31": "5871.00000", "2012-08-31": "4630.00000", "2011-08-31": "5451.00000", "2010-08-31": "4488.00000", "2009-08-31": "4222.00000", "2008-08-31": "4281.00000", "2007-08-31": "3827.00000", "2006-08-31": "3274.00000", "2005-08-31": "2906.10000"}, "EBIT": {"2020-08-31": "1654.00000", "2019-08-31": "5162.00000", "2018-08-31": "6480.00000", "2017-08-31": "5619.00000", "2016-08-31": "6038.00000", "2015-08-31": "4983.00000", "2014-08-31": "4811.00000", "2013-08-31": "4588.00000", "2012-08-31": "3464.00000", "2011-08-31": "4365.00000", "2010-08-31": "3458.00000", "2009-08-31": "3247.00000", "2008-08-31": "3441.00000", "2007-08-31": "3151.00000", "2006-08-31": "2702.00000", "2005-08-31": "2424.00000"}, "Basic Shares Outstanding": {"2020-08-31": "879.40000", "2019-08-31": "921.50000", "2018-08-31": "991.00000", "2017-08-31": "1073.50000", "2016-08-31": "1083.10000", "2015-08-31": "1043.20000", "2014-08-31": "953.10000", "2013-08-31": "946.00000", "2012-08-31": "874.70000", "2011-08-31": "915.10000", "2010-08-31": "981.70000", "2009-08-31": "990.00000", "2008-08-31": "990.60000", "2007-08-31": "998.63400", "2006-08-31": "1010.25300", "2005-08-31": "1019.67000"}, "Shares Outstanding": {"2020-08-31": "880.30000", "2019-08-31": "923.50000", "2018-08-31": "995.00000", "2017-08-31": "1078.50000", "2016-08-31": "1091.10000", "2015-08-31": "1053.90000", "2014-08-31": "965.20000", "2013-08-31": "955.20000", "2012-08-31": "880.10000", "2011-08-31": "924.50000", "2010-08-31": "987.90000", "2009-08-31": "991.30000", "2008-08-31": "995.50000", "2007-08-31": "1006.34000", "2006-08-31": "1019.40100", "2005-08-31": "1028.33400"}, "Basic EPS": {"2020-08-31": "0.52000", "2019-08-31": "4.32000", "2018-08-31": "5.07000", "2017-08-31": "3.80000", "2016-08-31": "3.85000", "2015-08-31": "4.05000", "2014-08-31": "2.03000", "2013-08-31": "2.69000", "2012-08-31": "2.43000", "2011-08-31": "2.97000", "2010-08-31": "2.13000", "2009-08-31": "2.03000", "2008-08-31": "2.18000", "2007-08-31": "2.04000", "2006-08-31": "1.73000", "2005-08-31": "1.53000"}, "EPS - Earnings Per Share": {"2020-08-31": "0.52000", "2019-08-31": "4.31000", "2018-08-31": "5.05000", "2017-08-31": "3.78000", "2016-08-31": "3.82000", "2015-08-31": "4.00000", "2014-08-31": "2.00000", "2013-08-31": "2.67000", "2012-08-31": "2.42000", "2011-08-31": "2.94000", "2010-08-31": "2.12000", "2009-08-31": "2.02000", "2008-08-31": "2.17000", "2007-08-31": "2.03000", "2006-08-31": "1.72000", "2005-08-31": "1.52000"}}, "income statement, quarterly": {"Revenue": {"2020-11-30": "36307.00000", "2020-08-31": "34747.00000", "2020-05-31": "34631.00000", "2020-02-29": "35820.00000", "2019-11-30": "34339.00000", "2019-08-31": "33954.00000", "2019-05-31": "34591.00000", "2019-02-28": "34528.00000", "2018-11-30": "33793.00000", "2018-08-31": "33442.00000", "2018-05-31": "34334.00000", "2018-02-28": "33021.00000", "2017-11-30": "30740.00000", "2017-08-31": "30149.00000", "2017-05-31": "30118.00000", "2017-02-28": "29446.00000", "2016-11-30": "28501.00000", "2016-08-31": "28636.00000", "2016-05-31": "29498.00000", "2016-02-29": "30184.00000", "2015-11-30": "29033.00000", "2015-08-31": "28522.00000", "2015-05-31": "28795.00000", "2015-02-28": "26573.00000", "2014-11-30": "19554.00000", "2014-08-31": "19057.00000", "2014-05-31": "19401.00000", "2014-02-28": "19605.00000", "2013-11-30": "18329.00000", "2013-08-31": "17941.00000", "2013-05-31": "18313.00000", "2013-02-28": "18647.00000", "2012-11-30": "17316.00000", "2012-08-31": "17073.00000", "2012-05-31": "17752.00000", "2012-02-29": "18651.00000", "2011-11-30": "18157.00000", "2011-08-31": "17967.00000", "2011-05-31": "18371.00000", "2011-02-28": "18502.00000", "2010-11-30": "17344.00000", "2010-08-31": "16870.00000", "2010-05-31": "17199.00000", "2010-02-28": "16987.00000", "2009-11-30": "16364.00000", "2009-08-31": "15703.00000", "2009-05-31": "16210.00000", "2009-02-28": "16475.00000", "2008-11-30": "14947.00000", "2008-08-31": "14597.00000", "2008-05-31": "15015.00000", "2008-02-29": "15394.00000", "2007-11-30": "14028.00000", "2007-08-31": "13421.50000", "2007-05-31": "13698.30000", "2007-02-28": "13933.70000", "2006-11-30": "12708.50000", "2006-08-31": "12170.30000", "2006-05-31": "12175.20000", "2006-02-28": "12163.10000", "2005-11-30": "10900.40000", "2005-08-31": "10494.90000", "2005-05-31": "10830.60000", "2005-02-28": "10987.00000"}, "Cost Of Goods Sold": {"2020-11-30": "29168.00000", "2020-08-31": "27943.00000", "2020-05-31": "28193.00000", "2020-02-29": "28307.00000", "2019-11-30": "27077.00000", "2019-08-31": "26727.00000", "2019-05-31": "27138.00000", "2019-02-28": "26773.00000", "2018-11-30": "26152.00000", "2018-08-31": "25867.00000", "2018-05-31": "26554.00000", "2018-02-28": "24925.00000", "2017-11-30": "23399.00000", "2017-08-31": "22809.00000", "2017-05-31": "22973.00000", "2017-02-28": "21885.00000", "2016-11-30": "21385.00000", "2016-08-31": "21481.00000", "2016-05-31": "22065.00000", "2016-02-29": "22317.00000", "2015-11-30": "21614.00000", "2015-08-31": "21428.00000", "2015-05-31": "21314.00000", "2015-02-28": "19691.00000", "2014-11-30": "14258.00000", "2014-08-31": "13730.00000", "2014-05-31": "13961.00000", "2014-02-28": "13955.00000", "2013-11-30": "13177.00000", "2013-08-31": "12750.00000", "2013-05-31": "13091.00000", "2013-02-28": "13040.00000", "2012-11-30": "12217.00000", "2012-08-31": "12238.00000", "2012-05-31": "12738.00000", "2012-02-29": "13262.00000", "2011-11-30": "13053.00000", "2011-08-31": "12898.00000", "2011-05-31": "13217.00000", "2011-02-28": "13178.00000", "2010-11-30": "12399.00000", "2010-08-31": "12078.00000", "2010-05-31": "12450.00000", "2010-02-28": "12090.00000", "2009-11-30": "11826.00000", "2009-08-31": "11357.00000", "2009-05-31": "11751.00000", "2009-02-28": "11818.00000", "2008-11-30": "10796.00000", "2008-08-31": "10562.00000", "2008-05-31": "10770.00000", "2008-02-29": "10952.00000", "2007-11-30": "10107.00000", "2007-08-31": "9666.10000", "2007-05-31": "9821.10000", "2007-02-28": "9897.90000", "2006-11-30": "9132.90000", "2006-08-31": "8806.29900", "2006-05-31": "8832.00000", "2006-02-28": "8703.80000", "2005-11-30": "7897.90000", "2005-08-31": "7561.80000", "2005-05-31": "7814.40000", "2005-02-28": "7856.40000"}, "Gross Profit": {"2020-11-30": "7139.00000", "2020-08-31": "6804.00000", "2020-05-31": "6438.00000", "2020-02-29": "7513.00000", "2019-11-30": "7262.00000", "2019-08-31": "7227.00000", "2019-05-31": "7453.00000", "2019-02-28": "7755.00000", "2018-11-30": "7641.00000", "2018-08-31": "7575.00000", "2018-05-31": "7780.00000", "2018-02-28": "8096.00000", "2017-11-30": "7341.00000", "2017-08-31": "7340.00000", "2017-05-31": "7145.00000", "2017-02-28": "7561.00000", "2016-11-30": "7116.00000", "2016-08-31": "7155.00000", "2016-05-31": "7433.00000", "2016-02-29": "7867.00000", "2015-11-30": "7419.00000", "2015-08-31": "7094.00000", "2015-05-31": "7481.00000", "2015-02-28": "6882.00000", "2014-11-30": "5296.00000", "2014-08-31": "5327.00000", "2014-05-31": "5440.00000", "2014-02-28": "5650.00000", "2013-11-30": "5152.00000", "2013-08-31": "5191.00000", "2013-05-31": "5222.00000", "2013-02-28": "5607.00000", "2012-11-30": "5099.00000", "2012-08-31": "4835.00000", "2012-05-31": "5014.00000", "2012-02-29": "5389.00000", "2011-11-30": "5104.00000", "2011-08-31": "5069.00000", "2011-05-31": "5154.00000", "2011-02-28": "5324.00000", "2010-11-30": "4945.00000", "2010-08-31": "4792.00000", "2010-05-31": "4749.00000", "2010-02-28": "4897.00000", "2009-11-30": "4538.00000", "2009-08-31": "4346.00000", "2009-05-31": "4459.00000", "2009-02-28": "4657.00000", "2008-11-30": "4151.00000", "2008-08-31": "4035.00000", "2008-05-31": "4245.00000", "2008-02-29": "4442.00000", "2007-11-30": "3921.00000", "2007-08-31": "3755.40000", "2007-05-31": "3877.20000", "2007-02-28": "4035.80000", "2006-11-30": "3575.60000", "2006-08-31": "3364.00200", "2006-05-31": "3343.20000", "2006-02-28": "3459.30000", "2005-11-30": "3002.50000", "2005-08-31": "2933.10300", "2005-05-31": "3016.20000", "2005-02-28": "3130.60000"}, "Research And Development Expenses": {"2020-11-30": "", "2020-08-31": "", "2020-05-31": "", "2020-02-29": "", "2019-11-30": "", "2019-08-31": "", "2019-05-31": "", "2019-02-28": "", "2018-11-30": "", "2018-08-31": "", "2018-05-31": "", "2018-02-28": "", "2017-11-30": "", "2017-08-31": "", "2017-05-31": "", "2017-02-28": "", "2016-11-30": "", "2016-08-31": "", "2016-05-31": "", "2016-02-29": "", "2015-11-30": "", "2015-08-31": "", "2015-05-31": "", "2015-02-28": "", "2014-11-30": "", "2014-08-31": "", "2014-05-31": "", "2014-02-28": "", "2013-11-30": "", "2013-08-31": "", "2013-05-31": "", "2013-02-28": "", "2012-11-30": "", "2012-08-31": "", "2012-05-31": "", "2012-02-29": "", "2011-11-30": "", "2011-08-31": "", "2011-05-31": "", "2011-02-28": "", "2010-11-30": "", "2010-08-31": "", "2010-05-31": "", "2010-02-28": "", "2009-11-30": "", "2009-08-31": "", "2009-05-31": "", "2009-02-28": "", "2008-11-30": "", "2008-08-31": "", "2008-05-31": "", "2008-02-29": "", "2007-11-30": "", "2007-08-31": "", "2007-05-31": "", "2007-02-28": "", "2006-11-30": "", "2006-08-31": "", "2006-05-31": "", "2006-02-28": "", "2005-11-30": "", "2005-08-31": "", "2005-05-31": "", "2005-02-28": ""}, "SG&A Expenses": {"2020-11-30": "6207.00000", "2020-08-31": "6210.00000", "2020-05-31": "8265.00000", "2020-02-29": "6308.00000", "2019-11-30": "6262.00000", "2019-08-31": "6407.00000", "2019-05-31": "6235.00000", "2019-02-28": "6320.00000", "2018-11-30": "6280.00000", "2018-08-31": "6228.00000", "2018-05-31": "6235.00000", "2018-02-28": "6321.00000", "2017-11-30": "5910.00000", "2017-08-31": "6291.00000", "2017-05-31": "5712.00000", "2017-02-28": "6124.00000", "2016-11-30": "5686.00000", "2016-08-31": "6049.00000", "2016-05-31": "5903.00000", "2016-02-29": "6007.00000", "2015-11-30": "5951.00000", "2015-08-31": "6258.00000", "2015-05-31": "6080.00000", "2015-02-28": "5606.00000", "2014-11-30": "4456.00000", "2014-08-31": "4493.00000", "2014-05-31": "4551.00000", "2014-02-28": "4569.00000", "2013-11-30": "4379.00000", "2013-08-31": "4286.00000", "2013-05-31": "4362.00000", "2013-02-28": "4497.00000", "2012-11-30": "4398.00000", "2012-08-31": "4249.00000", "2012-05-31": "4141.00000", "2012-02-29": "4284.00000", "2011-11-30": "4204.00000", "2011-08-31": "4237.00000", "2011-05-31": "4203.00000", "2011-02-28": "4117.00000", "2010-11-30": "4004.00000", "2010-08-31": "4046.00000", "2010-05-31": "3920.00000", "2010-02-28": "3811.00000", "2009-11-30": "3741.00000", "2009-08-31": "3644.00000", "2009-05-31": "3613.00000", "2009-02-28": "3627.00000", "2008-11-30": "3482.00000", "2008-08-31": "3324.00000", "2008-05-31": "3331.00000", "2008-02-29": "3354.00000", "2007-11-30": "3193.00000", "2007-08-31": "3151.60000", "2007-05-31": "3022.40000", "2007-02-28": "3015.30000", "2006-11-30": "2903.70000", "2006-08-31": "2732.30000", "2006-05-31": "2635.60000", "2006-02-28": "2638.40000", "2005-11-30": "2460.70000", "2005-08-31": "2434.90000", "2005-05-31": "2372.10000", "2005-02-28": "2355.00000"}, "Other Operating Income Or Expenses": {"2020-11-30": "", "2020-08-31": "", "2020-05-31": "", "2020-02-29": "", "2019-11-30": "", "2019-08-31": "", "2019-05-31": "", "2019-02-28": "", "2018-11-30": "", "2018-08-31": "", "2018-05-31": "", "2018-02-28": "", "2017-11-30": "", "2017-08-31": "", "2017-05-31": "", "2017-02-28": "", "2016-11-30": "", "2016-08-31": "", "2016-05-31": "", "2016-02-29": "", "2015-11-30": "", "2015-08-31": "", "2015-05-31": "", "2015-02-28": "", "2014-11-30": "", "2014-08-31": "", "2014-05-31": "", "2014-02-28": "", "2013-11-30": "", "2013-08-31": "", "2013-05-31": "", "2013-02-28": "20.00000", "2012-11-30": "", "2012-08-31": "", "2012-05-31": "", "2012-02-29": "", "2011-11-30": "", "2011-08-31": "", "2011-05-31": "", "2011-02-28": "", "2010-11-30": "", "2010-08-31": "", "2010-05-31": "", "2010-02-28": "", "2009-11-30": "", "2009-08-31": "", "2009-05-31": "", "2009-02-28": "", "2008-11-30": "", "2008-08-31": "", "2008-05-31": "", "2008-02-29": "", "2007-11-30": "", "2007-08-31": "", "2007-05-31": "", "2007-02-28": "", "2006-11-30": "", "2006-08-31": "", "2006-05-31": "", "2006-02-28": "", "2005-11-30": "", "2005-08-31": "", "2005-05-31": "", "2005-02-28": ""}, "Operating Expenses": {"2020-11-30": "36748.00000", "2020-08-31": "34096.00000", "2020-05-31": "36215.00000", "2020-02-29": "34587.00000", "2019-11-30": "33326.00000", "2019-08-31": "33076.00000", "2019-05-31": "33389.00000", "2019-02-28": "33010.00000", "2018-11-30": "32393.00000", "2018-08-31": "32046.00000", "2018-05-31": "32737.00000", "2018-02-28": "31044.00000", "2017-11-30": "29421.00000", "2017-08-31": "29108.00000", "2017-05-31": "28601.00000", "2017-02-28": "27967.00000", "2016-11-30": "27054.00000", "2016-08-31": "27496.00000", "2016-05-31": "27965.00000", "2016-02-29": "28324.00000", "2015-11-30": "27565.00000", "2015-08-31": "27686.00000", "2015-05-31": "27394.00000", "2015-02-28": "25196.00000", "2014-11-30": "18500.00000", "2014-08-31": "18028.00000", "2014-05-31": "18377.00000", "2014-02-28": "18388.00000", "2013-11-30": "17405.00000", "2013-08-31": "16760.00000", "2013-05-31": "17322.00000", "2013-02-28": "17432.00000", "2012-11-30": "16611.00000", "2012-08-31": "16487.00000", "2012-05-31": "16879.00000", "2012-02-29": "17546.00000", "2011-11-30": "17257.00000", "2011-08-31": "16701.00000", "2011-05-31": "17420.00000", "2011-02-28": "17295.00000", "2010-11-30": "16403.00000", "2010-08-31": "16124.00000", "2010-05-31": "16370.00000", "2010-02-28": "15901.00000", "2009-11-30": "15567.00000", "2009-08-31": "15001.00000", "2009-05-31": "15364.00000", "2009-02-28": "15445.00000", "2008-11-30": "14278.00000", "2008-08-31": "13886.00000", "2008-05-31": "14101.00000", "2008-02-29": "14306.00000", "2007-11-30": "13300.00000", "2007-08-31": "12817.70000", "2007-05-31": "12843.50000", "2007-02-28": "12913.20000", "2006-11-30": "12036.60000", "2006-08-31": "11538.60000", "2006-05-31": "11467.60000", "2006-02-28": "11342.20000", "2005-11-30": "10358.60000", "2005-08-31": "9996.70100", "2005-05-31": "10186.50000", "2005-02-28": "10211.40000"}, "Operating Income": {"2020-11-30": "-441.00000", "2020-08-31": "651.00000", "2020-05-31": "-1584.00000", "2020-02-29": "1233.00000", "2019-11-30": "1013.00000", "2019-08-31": "878.00000", "2019-05-31": "1202.00000", "2019-02-28": "1518.00000", "2018-11-30": "1400.00000", "2018-08-31": "1396.00000", "2018-05-31": "1597.00000", "2018-02-28": "1977.00000", "2017-11-30": "1319.00000", "2017-08-31": "1041.00000", "2017-05-31": "1517.00000", "2017-02-28": "1479.00000", "2016-11-30": "1447.00000", "2016-08-31": "1140.00000", "2016-05-31": "1533.00000", "2016-02-29": "1860.00000", "2015-11-30": "1468.00000", "2015-08-31": "836.00000", "2015-05-31": "1401.00000", "2015-02-28": "1377.00000", "2014-11-30": "1054.00000", "2014-08-31": "1029.00000", "2014-05-31": "1024.00000", "2014-02-28": "1217.00000", "2013-11-30": "924.00000", "2013-08-31": "1181.00000", "2013-05-31": "991.00000", "2013-02-28": "1215.00000", "2012-11-30": "705.00000", "2012-08-31": "586.00000", "2012-05-31": "873.00000", "2012-02-29": "1105.00000", "2011-11-30": "900.00000", "2011-08-31": "1266.00000", "2011-05-31": "951.00000", "2011-02-28": "1207.00000", "2010-11-30": "941.00000", "2010-08-31": "746.00000", "2010-05-31": "829.00000", "2010-02-28": "1086.00000", "2009-11-30": "797.00000", "2009-08-31": "702.00000", "2009-05-31": "846.00000", "2009-02-28": "1030.00000", "2008-11-30": "669.00000", "2008-08-31": "711.00000", "2008-05-31": "914.00000", "2008-02-29": "1088.00000", "2007-11-30": "728.00000", "2007-08-31": "603.79980", "2007-05-31": "854.79980", "2007-02-28": "1020.50000", "2006-11-30": "671.89940", "2006-08-31": "631.70120", "2006-05-31": "707.60060", "2006-02-28": "820.90040", "2005-11-30": "541.80080", "2005-08-31": "498.20120", "2005-05-31": "644.09960", "2005-02-28": "775.59960"}, "Total Non-Operating Income/Expense": {"2020-11-30": "-80.00000", "2020-08-31": "-112.00000", "2020-05-31": "-189.00000", "2020-02-29": "-137.00000", "2019-11-30": "-131.00000", "2019-08-31": "-169.00000", "2019-05-31": "-5.00000", "2019-02-28": "-162.00000", "2018-11-30": "-135.00000", "2018-08-31": "265.00000", "2018-05-31": "-157.00000", "2018-02-28": "-139.00000", "2017-11-30": "-283.00000", "2017-08-31": "-109.00000", "2017-05-31": "-163.00000", "2017-02-28": "-187.00000", "2016-11-30": "-172.00000", "2016-08-31": "93.00000", "2016-05-31": "-119.00000", "2016-02-29": "-636.00000", "2015-11-30": "-195.00000", "2015-08-31": "-877.00000", "2015-05-31": "310.00000", "2015-02-28": "1066.00000", "2014-11-30": "144.00000", "2014-08-31": "-814.00000", "2014-05-31": "89.00000", "2014-02-28": "-96.00000", "2013-11-30": "184.00000", "2013-08-31": "-12.00000", "2013-05-31": "27.00000", "2013-02-28": "-23.00000", "2012-11-30": "-37.00000", "2012-08-31": "-37.00000", "2012-05-31": "-17.00000", "2012-02-29": "-17.00000", "2011-11-30": "-17.00000", "2011-08-31": "-15.00000", "2011-05-31": "-18.00000", "2011-02-28": "-18.00000", "2010-11-30": "-20.00000", "2010-08-31": "-18.00000", "2010-05-31": "-24.00000", "2010-02-28": "-22.00000", "2009-11-30": "-21.00000", "2009-08-31": "-23.00000", "2009-05-31": "-25.00000", "2009-02-28": "-20.00000", "2008-11-30": "-15.00000", "2008-08-31": "-7.00000", "2008-05-31": "-2.00000", "2008-02-29": "-2.00000", "2007-11-30": "", "2007-08-31": "6.00000", "2007-05-31": "11.20000", "2007-02-28": "10.20000", "2006-11-30": "10.60000", "2006-08-31": "19.60000", "2006-05-31": "15.60000", "2006-02-28": "10.00000", "2005-11-30": "6.80000", "2005-08-31": "8.90000", "2005-05-31": "10.90000", "2005-02-28": "6.70000"}, "Pre-Tax Income": {"2020-11-30": "-520.00000", "2020-08-31": "537.00000", "2020-05-31": "-1773.00000", "2020-02-29": "1097.00000", "2019-11-30": "882.00000", "2019-08-31": "708.00000", "2019-05-31": "1198.00000", "2019-02-28": "1356.00000", "2018-11-30": "1265.00000", "2018-08-31": "1661.00000", "2018-05-31": "1440.00000", "2018-02-28": "1838.00000", "2017-11-30": "1036.00000", "2017-08-31": "932.00000", "2017-05-31": "1354.00000", "2017-02-28": "1292.00000", "2016-11-30": "1275.00000", "2016-08-31": "1233.00000", "2016-05-31": "1414.00000", "2016-02-29": "1224.00000", "2015-11-30": "1273.00000", "2015-08-31": "-41.00000", "2015-05-31": "1711.00000", "2015-02-28": "2443.00000", "2014-11-30": "1198.00000", "2014-08-31": "215.00000", "2014-05-31": "1113.00000", "2014-02-28": "1121.00000", "2013-11-30": "1108.00000", "2013-08-31": "1169.00000", "2013-05-31": "1018.00000", "2013-02-28": "1192.00000", "2012-11-30": "668.00000", "2012-08-31": "549.00000", "2012-05-31": "856.00000", "2012-02-29": "1088.00000", "2011-11-30": "883.00000", "2011-08-31": "1251.00000", "2011-05-31": "933.00000", "2011-02-28": "1189.00000", "2010-11-30": "921.00000", "2010-08-31": "728.00000", "2010-05-31": "805.00000", "2010-02-28": "1064.00000", "2009-11-30": "776.00000", "2009-08-31": "679.00000", "2009-05-31": "821.00000", "2009-02-28": "1010.00000", "2008-11-30": "654.00000", "2008-08-31": "704.00000", "2008-05-31": "912.00000", "2008-02-29": "1086.00000", "2007-11-30": "728.00000", "2007-08-31": "609.80000", "2007-05-31": "866.00000", "2007-02-28": "1030.70000", "2006-11-30": "682.50000", "2006-08-31": "651.30000", "2006-05-31": "723.20000", "2006-02-28": "830.90000", "2005-11-30": "548.60000", "2005-08-31": "507.10010", "2005-05-31": "655.00000", "2005-02-28": "782.30000"}, "Income Taxes": {"2020-11-30": "-199.00000", "2020-08-31": "208.00000", "2020-05-31": "-40.00000", "2020-02-29": "160.00000", "2019-11-30": "32.00000", "2019-08-31": "26.00000", "2019-05-31": "156.00000", "2019-02-28": "226.00000", "2018-11-30": "180.00000", "2018-08-31": "159.00000", "2018-05-31": "109.00000", "2018-02-28": "503.00000", "2017-11-30": "227.00000", "2017-08-31": "126.00000", "2017-05-31": "168.00000", "2017-02-28": "246.00000", "2016-11-30": "220.00000", "2016-08-31": "207.00000", "2016-05-31": "322.00000", "2016-02-29": "301.00000", "2015-11-30": "167.00000", "2015-08-31": "-64.00000", "2015-05-31": "408.00000", "2015-02-28": "391.00000", "2014-11-30": "321.00000", "2014-08-31": "374.00000", "2014-05-31": "357.00000", "2014-02-28": "391.00000", "2013-11-30": "404.00000", "2013-08-31": "414.00000", "2013-05-31": "394.00000", "2013-02-28": "436.00000", "2012-11-30": "255.00000", "2012-08-31": "196.00000", "2012-05-31": "319.00000", "2012-02-29": "405.00000", "2011-11-30": "329.00000", "2011-08-31": "459.00000", "2011-05-31": "330.00000", "2011-02-28": "450.00000", "2010-11-30": "341.00000", "2010-08-31": "258.00000", "2010-05-31": "342.00000", "2010-02-28": "395.00000", "2009-11-30": "287.00000", "2009-08-31": "243.00000", "2009-05-31": "299.00000", "2009-02-28": "370.00000", "2008-11-30": "246.00000", "2008-08-31": "261.00000", "2008-05-31": "340.00000", "2008-02-29": "400.00000", "2007-11-30": "272.00000", "2007-08-31": "213.60000", "2007-05-31": "304.80000", "2007-02-28": "378.80000", "2006-11-30": "250.80000", "2006-08-31": "238.60000", "2006-05-31": "254.00000", "2006-02-28": "307.40000", "2005-11-30": "203.00000", "2005-08-31": "178.10000", "2005-05-31": "244.00000", "2005-02-28": "291.40000"}, "Income After Taxes": {"2020-11-30": "-321.00000", "2020-08-31": "329.00000", "2020-05-31": "-1733.00000", "2020-02-29": "937.00000", "2019-11-30": "850.00000", "2019-08-31": "682.00000", "2019-05-31": "1042.00000", "2019-02-28": "1130.00000", "2018-11-30": "1085.00000", "2018-08-31": "1502.00000", "2018-05-31": "1331.00000", "2018-02-28": "1335.00000", "2017-11-30": "809.00000", "2017-08-31": "806.00000", "2017-05-31": "1186.00000", "2017-02-28": "1046.00000", "2016-11-30": "1055.00000", "2016-08-31": "1026.00000", "2016-05-31": "1092.00000", "2016-02-29": "923.00000", "2015-11-30": "1106.00000", "2015-08-31": "23.00000", "2015-05-31": "1303.00000", "2015-02-28": "2052.00000", "2014-11-30": "877.00000", "2014-08-31": "-159.00000", "2014-05-31": "756.00000", "2014-02-28": "730.00000", "2013-11-30": "704.00000", "2013-08-31": "755.00000", "2013-05-31": "624.00000", "2013-02-28": "756.00000", "2012-11-30": "413.00000", "2012-08-31": "353.00000", "2012-05-31": "537.00000", "2012-02-29": "683.00000", "2011-11-30": "554.00000", "2011-08-31": "792.00000", "2011-05-31": "603.00000", "2011-02-28": "739.00000", "2010-11-30": "580.00000", "2010-08-31": "470.00000", "2010-05-31": "463.00000", "2010-02-28": "669.00000", "2009-11-30": "489.00000", "2009-08-31": "436.00000", "2009-05-31": "522.00000", "2009-02-28": "640.00000", "2008-11-30": "408.00000", "2008-08-31": "443.00000", "2008-05-31": "572.00000", "2008-02-29": "686.00000", "2007-11-30": "456.00000", "2007-08-31": "396.20010", "2007-05-31": "561.20000", "2007-02-28": "651.90000", "2006-11-30": "431.70000", "2006-08-31": "412.70010", "2006-05-31": "469.20000", "2006-02-28": "523.50000", "2005-11-30": "345.60000", "2005-08-31": "329.00010", "2005-05-31": "411.00000", "2005-02-28": "490.90000"}, "Other Income": {"2020-11-30": "", "2020-08-31": "", "2020-05-31": "", "2020-02-29": "", "2019-11-30": "", "2019-08-31": "", "2019-05-31": "", "2019-02-28": "", "2018-11-30": "", "2018-08-31": "", "2018-05-31": "", "2018-02-28": "", "2017-11-30": "", "2017-08-31": "", "2017-05-31": "", "2017-02-28": "", "2016-11-30": "", "2016-08-31": "", "2016-05-31": "", "2016-02-29": "", "2015-11-30": "", "2015-08-31": "", "2015-05-31": "", "2015-02-28": "", "2014-11-30": "", "2014-08-31": "", "2014-05-31": "", "2014-02-28": "", "2013-11-30": "", "2013-08-31": "", "2013-05-31": "", "2013-02-28": "", "2012-11-30": "", "2012-08-31": "", "2012-05-31": "", "2012-02-29": "", "2011-11-30": "", "2011-08-31": "", "2011-05-31": "", "2011-02-28": "", "2010-11-30": "", "2010-08-31": "", "2010-05-31": "", "2010-02-28": "", "2009-11-30": "", "2009-08-31": "", "2009-05-31": "", "2009-02-28": "", "2008-11-30": "", "2008-08-31": "", "2008-05-31": "", "2008-02-29": "", "2007-11-30": "", "2007-08-31": "", "2007-05-31": "", "2007-02-28": "", "2006-11-30": "", "2006-08-31": "", "2006-05-31": "", "2006-02-28": "", "2005-11-30": "", "2005-08-31": "", "2005-05-31": "", "2005-02-28": ""}, "Income From Continuous Operations": {"2020-11-30": "-298.00000", "2020-08-31": "357.00000", "2020-05-31": "-1726.00000", "2020-02-29": "952.00000", "2019-11-30": "841.00000", "2019-08-31": "686.00000", "2019-05-31": "1037.00000", "2019-02-28": "1139.00000", "2018-11-30": "1100.00000", "2018-08-31": "1514.00000", "2018-05-31": "1346.00000", "2018-02-28": "1349.00000", "2017-11-30": "822.00000", "2017-08-31": "807.00000", "2017-05-31": "1165.00000", "2017-02-28": "1062.00000", "2016-11-30": "1067.00000", "2016-08-31": "1035.00000", "2016-05-31": "1107.00000", "2016-02-29": "932.00000", "2015-11-30": "1117.00000", "2015-08-31": "32.00000", "2015-05-31": "1310.00000", "2015-02-28": "2060.00000", "2014-11-30": "877.00000", "2014-08-31": "-159.00000", "2014-05-31": "756.00000", "2014-02-28": "730.00000", "2013-11-30": "704.00000", "2013-08-31": "755.00000", "2013-05-31": "624.00000", "2013-02-28": "756.00000", "2012-11-30": "413.00000", "2012-08-31": "353.00000", "2012-05-31": "537.00000", "2012-02-29": "683.00000", "2011-11-30": "554.00000", "2011-08-31": "792.00000", "2011-05-31": "603.00000", "2011-02-28": "739.00000", "2010-11-30": "580.00000", "2010-08-31": "470.00000", "2010-05-31": "463.00000", "2010-02-28": "669.00000", "2009-11-30": "489.00000", "2009-08-31": "436.00000", "2009-05-31": "522.00000", "2009-02-28": "640.00000", "2008-11-30": "408.00000", "2008-08-31": "443.00000", "2008-05-31": "572.00000", "2008-02-29": "686.00000", "2007-11-30": "456.00000", "2007-08-31": "396.20010", "2007-05-31": "561.20000", "2007-02-28": "651.90000", "2006-11-30": "431.70000", "2006-08-31": "412.70010", "2006-05-31": "469.20000", "2006-02-28": "523.50000", "2005-11-30": "345.60000", "2005-08-31": "329.00010", "2005-05-31": "411.00000", "2005-02-28": "490.90000"}, "Income From Discontinued Operations": {"2020-11-30": "", "2020-08-31": "", "2020-05-31": "", "2020-02-29": "", "2019-11-30": "", "2019-08-31": "", "2019-05-31": "", "2019-02-28": "", "2018-11-30": "", "2018-08-31": "", "2018-05-31": "", "2018-02-28": "", "2017-11-30": "", "2017-08-31": "", "2017-05-31": "", "2017-02-28": "", "2016-11-30": "", "2016-08-31": "", "2016-05-31": "", "2016-02-29": "", "2015-11-30": "", "2015-08-31": "", "2015-05-31": "", "2015-02-28": "", "2014-11-30": "", "2014-08-31": "", "2014-05-31": "", "2014-02-28": "", "2013-11-30": "", "2013-08-31": "", "2013-05-31": "", "2013-02-28": "", "2012-11-30": "", "2012-08-31": "", "2012-05-31": "", "2012-02-29": "", "2011-11-30": "", "2011-08-31": "", "2011-05-31": "", "2011-02-28": "", "2010-11-30": "", "2010-08-31": "", "2010-05-31": "", "2010-02-28": "", "2009-11-30": "", "2009-08-31": "", "2009-05-31": "", "2009-02-28": "", "2008-11-30": "", "2008-08-31": "", "2008-05-31": "", "2008-02-29": "", "2007-11-30": "", "2007-08-31": "", "2007-05-31": "", "2007-02-28": "", "2006-11-30": "", "2006-08-31": "", "2006-05-31": "", "2006-02-28": "", "2005-11-30": "", "2005-08-31": "", "2005-05-31": "", "2005-02-28": ""}, "Net Income": {"2020-11-30": "-308.00000", "2020-08-31": "373.00000", "2020-05-31": "-1708.00000", "2020-02-29": "946.00000", "2019-11-30": "845.00000", "2019-08-31": "678.00000", "2019-05-31": "1025.00000", "2019-02-28": "1156.00000", "2018-11-30": "1123.00000", "2018-08-31": "1512.00000", "2018-05-31": "1342.00000", "2018-02-28": "1349.00000", "2017-11-30": "821.00000", "2017-08-31": "802.00000", "2017-05-31": "1162.00000", "2017-02-28": "1060.00000", "2016-11-30": "1054.00000", "2016-08-31": "1030.00000", "2016-05-31": "1103.00000", "2016-02-29": "930.00000", "2015-11-30": "1110.00000", "2015-08-31": "26.00000", "2015-05-31": "1302.00000", "2015-02-28": "2042.00000", "2014-11-30": "850.00000", "2014-08-31": "-193.00000", "2014-05-31": "714.00000", "2014-02-28": "716.00000", "2013-11-30": "695.00000", "2013-08-31": "755.00000", "2013-05-31": "624.00000", "2013-02-28": "756.00000", "2012-11-30": "413.00000", "2012-08-31": "353.00000", "2012-05-31": "537.00000", "2012-02-29": "683.00000", "2011-11-30": "554.00000", "2011-08-31": "792.00000", "2011-05-31": "603.00000", "2011-02-28": "739.00000", "2010-11-30": "580.00000", "2010-08-31": "470.00000", "2010-05-31": "463.00000", "2010-02-28": "669.00000", "2009-11-30": "489.00000", "2009-08-31": "436.00000", "2009-05-31": "522.00000", "2009-02-28": "640.00000", "2008-11-30": "408.00000", "2008-08-31": "443.00000", "2008-05-31": "572.00000", "2008-02-29": "686.00000", "2007-11-30": "456.00000", "2007-08-31": "396.20000", "2007-05-31": "561.20000", "2007-02-28": "651.90000", "2006-11-30": "431.70000", "2006-08-31": "412.70000", "2006-05-31": "469.20000", "2006-02-28": "523.50000", "2005-11-30": "345.60000", "2005-08-31": "329.00000", "2005-05-31": "411.00000", "2005-02-28": "490.90000"}, "EBITDA": {"2020-11-30": "-1339.00000", "2020-08-31": "-813.00000", "2020-05-31": "1138.00000", "2020-02-29": "1753.00000", "2019-11-30": "1503.00000", "2019-08-31": "1462.00000", "2019-05-31": "1708.00000", "2019-02-28": "2101.00000", "2018-11-30": "1929.00000", "2018-08-31": "1915.00000", "2018-05-31": "2091.00000", "2018-02-28": "2621.00000", "2017-11-30": "1623.00000", "2017-08-31": "1443.00000", "2017-05-31": "2014.00000", "2017-02-28": "1933.00000", "2016-11-30": "1883.00000", "2016-08-31": "1621.00000", "2016-05-31": "1983.00000", "2016-02-29": "2302.00000", "2015-11-30": "1850.00000", "2015-08-31": "1314.00000", "2015-05-31": "1839.00000", "2015-02-28": "1985.00000", "2014-11-30": "1587.00000", "2014-08-31": "1539.00000", "2014-05-31": "1497.00000", "2014-02-28": "1684.00000", "2013-11-30": "1407.00000", "2013-08-31": "1782.00000", "2013-05-31": "1440.00000", "2013-02-28": "1627.00000", "2012-11-30": "1022.00000", "2012-08-31": "896.00000", "2012-05-31": "1169.00000", "2012-02-29": "1388.00000", "2011-11-30": "1177.00000", "2011-08-31": "1554.00000", "2011-05-31": "1220.00000", "2011-02-28": "1463.00000", "2010-11-30": "1214.00000", "2010-08-31": "1008.00000", "2010-05-31": "1092.00000", "2010-02-28": "1334.00000", "2009-11-30": "1054.00000", "2009-08-31": "936.00000", "2009-05-31": "1110.00000", "2009-02-28": "1271.00000", "2008-11-30": "905.00000", "2008-08-31": "943.00000", "2008-05-31": "1125.00000", "2008-02-29": "1290.00000", "2007-11-30": "923.00000", "2007-08-31": "783.89980", "2007-05-31": "1032.00000", "2007-02-28": "1179.00000", "2006-11-30": "832.09940", "2006-08-31": "795.00120", "2006-05-31": "844.60060", "2006-02-28": "959.60040", "2005-11-30": "674.80080", "2005-08-31": "628.10120", "2005-05-31": "644.09960", "2005-02-28": "775.59960"}, "EBIT": {"2020-11-30": "-1814.00000", "2020-08-31": "708.00000", "2020-05-31": "-1341.00000", "2020-02-29": "1261.00000", "2019-11-30": "1026.00000", "2019-08-31": "936.00000", "2019-05-31": "1186.00000", "2019-02-28": "1601.00000", "2018-11-30": "1439.00000", "2018-08-31": "1445.00000", "2018-05-31": "1649.00000", "2018-02-28": "2179.00000", "2017-11-30": "1207.00000", "2017-08-31": "1033.00000", "2017-05-31": "1601.00000", "2017-02-28": "1521.00000", "2016-11-30": "1464.00000", "2016-08-31": "1174.00000", "2016-05-31": "1536.00000", "2016-02-29": "1860.00000", "2015-11-30": "1468.00000", "2015-08-31": "836.00000", "2015-05-31": "1401.00000", "2015-02-28": "1478.00000", "2014-11-30": "1268.00000", "2014-08-31": "1224.00000", "2014-05-31": "1159.00000", "2014-02-28": "1353.00000", "2013-11-30": "1075.00000", "2013-08-31": "1457.00000", "2013-05-31": "1122.00000", "2013-02-28": "1300.00000", "2012-11-30": "709.00000", "2012-08-31": "586.00000", "2012-05-31": "873.00000", "2012-02-29": "1105.00000", "2011-11-30": "900.00000", "2011-08-31": "1266.00000", "2011-05-31": "951.00000", "2011-02-28": "1207.00000", "2010-11-30": "941.00000", "2010-08-31": "746.00000", "2010-05-31": "829.00000", "2010-02-28": "1086.00000", "2009-11-30": "797.00000", "2009-08-31": "702.00000", "2009-05-31": "846.00000", "2009-02-28": "1030.00000", "2008-11-30": "669.00000", "2008-08-31": "711.00000", "2008-05-31": "914.00000", "2008-02-29": "1088.00000", "2007-11-30": "728.00000", "2007-08-31": "603.80080", "2007-05-31": "854.79980", "2007-02-28": "1020.50000", "2006-11-30": "671.89940", "2006-08-31": "631.69820", "2006-05-31": "707.60060", "2006-02-28": "820.90040", "2005-11-30": "541.80080", "2005-08-31": "498.20120", "2005-05-31": "644.09960", "2005-02-28": "775.59960"}, "Basic Shares Outstanding": {"2020-11-30": "865.30000", "2020-08-31": "879.40000", "2020-05-31": "875.40000", "2020-02-29": "884.50000", "2019-11-30": "891.40000", "2019-08-31": "921.50000", "2019-05-31": "909.90000", "2019-02-28": "928.40000", "2018-11-30": "948.20000", "2018-08-31": "991.00000", "2018-05-31": "992.10000", "2018-02-28": "991.00000", "2017-11-30": "1006.10000", "2017-08-31": "1073.50000", "2017-05-31": "1077.10000", "2017-02-28": "1079.70000", "2016-11-30": "1082.10000", "2016-08-31": "1083.10000", "2016-05-31": "1080.80000", "2016-02-29": "1080.20000", "2015-11-30": "1089.00000", "2015-08-31": "1043.20000", "2015-05-31": "1091.40000", "2015-02-28": "1043.60000", "2014-11-30": "945.80000", "2014-08-31": "953.10000", "2014-05-31": "955.30000", "2014-02-28": "951.90000", "2013-11-30": "949.30000", "2013-08-31": "946.00000", "2013-05-31": "947.70000", "2013-02-28": "945.40000", "2012-11-30": "945.30000", "2012-08-31": "874.70000", "2012-05-31": "859.80000", "2012-02-29": "869.30000", "2011-11-30": "879.70000", "2011-08-31": "915.10000", "2011-05-31": "911.30000", "2011-02-28": "919.10000", "2010-11-30": "928.80000", "2010-08-31": "981.70000", "2010-05-31": "976.40000", "2010-02-28": "982.90000", "2009-11-30": "988.40000", "2009-08-31": "990.00000", "2009-05-31": "992.00000", "2009-02-28": "988.00000", "2008-11-30": "988.60000", "2008-08-31": "990.60000", "2008-05-31": "990.20000", "2008-02-29": "991.10000", "2007-11-30": "991.30000", "2007-08-31": "998.63400", "2007-05-31": "995.80000", "2007-02-28": "999.60000", "2006-11-30": "1005.20000", "2006-08-31": "1010.25300", "2006-05-31": "1008.80000", "2006-02-28": "1010.70000", "2005-11-30": "1012.80000", "2005-08-31": "1019.67000", "2005-05-31": "1019.50000", "2005-02-28": "1021.60000"}, "Shares Outstanding": {"2020-11-30": "865.30000", "2020-08-31": "880.30000", "2020-05-31": "875.40000", "2020-02-29": "885.50000", "2019-11-30": "892.60000", "2019-08-31": "923.50000", "2019-05-31": "911.20000", "2019-02-28": "930.70000", "2018-11-30": "951.40000", "2018-08-31": "995.00000", "2018-05-31": "995.30000", "2018-02-28": "995.50000", "2017-11-30": "1011.10000", "2017-08-31": "1078.50000", "2017-05-31": "1082.60000", "2017-02-28": "1085.50000", "2016-11-30": "1088.30000", "2016-08-31": "1091.10000", "2016-05-31": "1088.20000", "2016-02-29": "1088.40000", "2015-11-30": "1098.60000", "2015-08-31": "1053.90000", "2015-05-31": "1102.40000", "2015-02-28": "1054.70000", "2014-11-30": "956.00000", "2014-08-31": "965.20000", "2014-05-31": "967.60000", "2014-02-28": "963.70000", "2013-11-30": "961.50000", "2013-08-31": "955.20000", "2013-05-31": "959.00000", "2013-02-28": "953.40000", "2012-11-30": "951.20000", "2012-08-31": "880.10000", "2012-05-31": "865.20000", "2012-02-29": "874.70000", "2011-11-30": "885.20000", "2011-08-31": "924.50000", "2011-05-31": "922.20000", "2011-02-28": "928.00000", "2010-11-30": "934.30000", "2010-08-31": "987.90000", "2010-05-31": "982.00000", "2010-02-28": "982.90000", "2009-11-30": "993.40000", "2009-08-31": "991.30000", "2009-05-31": "993.00000", "2009-02-28": "988.90000", "2008-11-30": "990.20000", "2008-08-31": "995.50000", "2008-05-31": "994.00000", "2008-02-29": "995.00000", "2007-11-30": "997.50000", "2007-08-31": "1006.34000", "2007-05-31": "1003.40000", "2007-02-28": "1007.20000", "2006-11-30": "1013.40000", "2006-08-31": "1019.40100", "2006-05-31": "1017.90000", "2006-02-28": "1020.00000", "2005-11-30": "1022.30000", "2005-08-31": "1028.33400", "2005-05-31": "1029.10000", "2005-02-28": "1029.60000"}, "Basic EPS": {"2020-11-30": "-0.36000", "2020-08-31": "0.45000", "2020-05-31": "-1.95000", "2020-02-29": "1.07000", "2019-11-30": "0.95000", "2019-08-31": "0.76000", "2019-05-31": "1.13000", "2019-02-28": "1.25000", "2018-11-30": "1.18000", "2018-08-31": "1.54000", "2018-05-31": "1.35000", "2018-02-28": "1.36000", "2017-11-30": "0.82000", "2017-08-31": "0.77000", "2017-05-31": "1.08000", "2017-02-28": "0.98000", "2016-11-30": "0.97000", "2016-08-31": "0.95000", "2016-05-31": "1.02000", "2016-02-29": "0.86000", "2015-11-30": "1.02000", "2015-08-31": "0.00000", "2015-05-31": "1.19000", "2015-02-28": "1.96000", "2014-11-30": "0.90000", "2014-08-31": "-0.20000", "2014-05-31": "0.75000", "2014-02-28": "0.75000", "2013-11-30": "0.73000", "2013-08-31": "0.79000", "2013-05-31": "0.66000", "2013-02-28": "0.80000", "2012-11-30": "0.44000", "2012-08-31": "0.38000", "2012-05-31": "0.63000", "2012-02-29": "0.79000", "2011-11-30": "0.63000", "2011-08-31": "0.89000", "2011-05-31": "0.66000", "2011-02-28": "0.80000", "2010-11-30": "0.62000", "2010-08-31": "0.49000", "2010-05-31": "0.47000", "2010-02-28": "0.68000", "2009-11-30": "0.49000", "2009-08-31": "0.44000", "2009-05-31": "0.53000", "2009-02-28": "0.65000", "2008-11-30": "0.41000", "2008-08-31": "0.45000", "2008-05-31": "0.58000", "2008-02-29": "0.69000", "2007-11-30": "0.46000", "2007-08-31": "0.40000", "2007-05-31": "0.56000", "2007-02-28": "0.65000", "2006-11-30": "0.43000", "2006-08-31": "0.41000", "2006-05-31": "0.46000", "2006-02-28": "0.52000", "2005-11-30": "0.34000", "2005-08-31": "0.32000", "2005-05-31": "0.41000", "2005-02-28": "0.48000"}, "EPS - Earnings Per Share": {"2020-11-30": "-0.36000", "2020-08-31": "0.45000", "2020-05-31": "-1.95000", "2020-02-29": "1.07000", "2019-11-30": "0.95000", "2019-08-31": "0.76000", "2019-05-31": "1.13000", "2019-02-28": "1.24000", "2018-11-30": "1.18000", "2018-08-31": "1.53000", "2018-05-31": "1.35000", "2018-02-28": "1.36000", "2017-11-30": "0.81000", "2017-08-31": "0.76000", "2017-05-31": "1.07000", "2017-02-28": "0.98000", "2016-11-30": "0.97000", "2016-08-31": "0.95000", "2016-05-31": "1.01000", "2016-02-29": "0.85000", "2015-11-30": "1.01000", "2015-08-31": "0.00000", "2015-05-31": "1.18000", "2015-02-28": "1.93000", "2014-11-30": "0.89000", "2014-08-31": "-0.20000", "2014-05-31": "0.74000", "2014-02-28": "0.74000", "2013-11-30": "0.72000", "2013-08-31": "0.80000", "2013-05-31": "0.65000", "2013-02-28": "0.79000", "2012-11-30": "0.43000", "2012-08-31": "0.39000", "2012-05-31": "0.62000", "2012-02-29": "0.78000", "2011-11-30": "0.63000", "2011-08-31": "0.87000", "2011-05-31": "0.65000", "2011-02-28": "0.80000", "2010-11-30": "0.62000", "2010-08-31": "0.48000", "2010-05-31": "0.47000", "2010-02-28": "0.68000", "2009-11-30": "0.49000", "2009-08-31": "0.43000", "2009-05-31": "0.53000", "2009-02-28": "0.65000", "2008-11-30": "0.41000", "2008-08-31": "0.44000", "2008-05-31": "0.58000", "2008-02-29": "0.69000", "2007-11-30": "0.46000", "2007-08-31": "0.39000", "2007-05-31": "0.56000", "2007-02-28": "0.65000", "2006-11-30": "0.43000", "2006-08-31": "0.41000", "2006-05-31": "0.46000", "2006-02-28": "0.51000", "2005-11-30": "0.34000", "2005-08-31": "0.32000", "2005-05-31": "0.40000", "2005-02-28": "0.48000"}}, "balance sheet": {"Cash On Hand": {"2020-08-31": "516.00000", "2019-08-31": "1023.00000", "2018-08-31": "785.00000", "2017-08-31": "3301.00000", "2016-08-31": "9807.00000", "2015-08-31": "3000.00000", "2014-08-31": "2646.00000", "2013-08-31": "2106.00000", "2012-08-31": "1297.00000", "2011-08-31": "1556.00000", "2010-08-31": "1880.00000", "2009-08-31": "2587.00000", "2008-08-31": "443.00000", "2007-08-31": "255.00000", "2006-08-31": "1335.00000", "2005-08-31": "1071.60000"}, "Receivables": {"2020-08-31": "7132.00000", "2019-08-31": "7226.00000", "2018-08-31": "6573.00000", "2017-08-31": "6528.00000", "2016-08-31": "6260.00000", "2015-08-31": "6849.00000", "2014-08-31": "3218.00000", "2013-08-31": "2632.00000", "2012-08-31": "2167.00000", "2011-08-31": "2497.00000", "2010-08-31": "2450.00000", "2009-08-31": "2496.00000", "2008-08-31": "2527.00000", "2007-08-31": "2237.00000", "2006-08-31": "2062.70000", "2005-08-31": "1396.30000"}, "Inventory": {"2020-08-31": "9451.00000", "2019-08-31": "9333.00000", "2018-08-31": "9565.00000", "2017-08-31": "8899.00000", "2016-08-31": "8956.00000", "2015-08-31": "8678.00000", "2014-08-31": "6076.00000", "2013-08-31": "6852.00000", "2012-08-31": "7036.00000", "2011-08-31": "8044.00000", "2010-08-31": "7378.00000", "2009-08-31": "6789.00000", "2008-08-31": "7249.00000", "2007-08-31": "6790.00000", "2006-08-31": "6050.40000", "2005-08-31": "5592.70000"}, "Pre-Paid Expenses": {"2020-08-31": "", "2019-08-31": "", "2018-08-31": "", "2017-08-31": "", "2016-08-31": "", "2015-08-31": "", "2014-08-31": "", "2013-08-31": "", "2012-08-31": "", "2011-08-31": "", "2010-08-31": "", "2009-08-31": "", "2008-08-31": "", "2007-08-31": "", "2006-08-31": "", "2005-08-31": ""}, "Other Current Assets": {"2020-08-31": "974.00000", "2019-08-31": "1118.00000", "2018-08-31": "923.00000", "2017-08-31": "1025.00000", "2016-08-31": "860.00000", "2015-08-31": "1130.00000", "2014-08-31": "302.00000", "2013-08-31": "284.00000", "2012-08-31": "260.00000", "2011-08-31": "225.00000", "2010-08-31": "214.00000", "2009-08-31": "177.00000", "2008-08-31": "214.00000", "2007-08-31": "229.00000", "2006-08-31": "257.30000", "2005-08-31": "255.90000"}, "Total Current Assets": {"2020-08-31": "18073.00000", "2019-08-31": "18700.00000", "2018-08-31": "17846.00000", "2017-08-31": "19753.00000", "2016-08-31": "25883.00000", "2015-08-31": "19657.00000", "2014-08-31": "12242.00000", "2013-08-31": "11874.00000", "2012-08-31": "10760.00000", "2011-08-31": "12322.00000", "2010-08-31": "11922.00000", "2009-08-31": "12049.00000", "2008-08-31": "10433.00000", "2007-08-31": "9511.00000", "2006-08-31": "9705.40000", "2005-08-31": "8316.50000"}, "Property, Plant, And Equipment": {"2020-08-31": "13342.00000", "2019-08-31": "13478.00000", "2018-08-31": "13911.00000", "2017-08-31": "13642.00000", "2016-08-31": "14335.00000", "2015-08-31": "15068.00000", "2014-08-31": "12257.00000", "2013-08-31": "12138.00000", "2012-08-31": "12038.00000", "2011-08-31": "11526.00000", "2010-08-31": "11184.00000", "2009-08-31": "10802.00000", "2008-08-31": "9775.00000", "2007-08-31": "8204.00000", "2006-08-31": "6948.90000", "2005-08-31": "6165.00000"}, "Long-Term Investments": {"2020-08-31": "7338.00000", "2019-08-31": "6851.00000", "2018-08-31": "6610.00000", "2017-08-31": "6320.00000", "2016-08-31": "6174.00000", "2015-08-31": "1242.00000", "2014-08-31": "7336.00000", "2013-08-31": "7100.00000", "2012-08-31": "7006.00000", "2011-08-31": "", "2010-08-31": "", "2009-08-31": "", "2008-08-31": "", "2007-08-31": "", "2006-08-31": "", "2005-08-31": ""}, "Goodwill And Intangible Assets": {"2020-08-31": "26021.00000", "2019-08-31": "27436.00000", "2018-08-31": "28697.00000", "2017-08-31": "25788.00000", "2016-08-31": "25829.00000", "2015-08-31": "28723.00000", "2014-08-31": "3539.00000", "2013-08-31": "2410.00000", "2012-08-31": "2161.00000", "2011-08-31": "2017.00000", "2010-08-31": "1887.00000", "2009-08-31": "1461.00000", "2008-08-31": "1438.00000", "2007-08-31": "1060.00000", "2006-08-31": "168.40000", "2005-08-31": ""}, "Other Long-Term Assets": {"2020-08-31": "677.00000", "2019-08-31": "1133.00000", "2018-08-31": "1060.00000", "2017-08-31": "506.00000", "2016-08-31": "467.00000", "2015-08-31": "4092.00000", "2014-08-31": "1876.00000", "2013-08-31": "1959.00000", "2012-08-31": "1497.00000", "2011-08-31": "1589.00000", "2010-08-31": "1282.00000", "2009-08-31": "830.00000", "2008-08-31": "764.00000", "2007-08-31": "539.00000", "2006-08-31": "308.40000", "2005-08-31": "127.30000"}, "Total Long-Term Assets": {"2020-08-31": "69102.00000", "2019-08-31": "48898.00000", "2018-08-31": "50278.00000", "2017-08-31": "46256.00000", "2016-08-31": "46805.00000", "2015-08-31": "49125.00000", "2014-08-31": "25008.00000", "2013-08-31": "23607.00000", "2012-08-31": "22702.00000", "2011-08-31": "15132.00000", "2010-08-31": "14353.00000", "2009-08-31": "13093.00000", "2008-08-31": "11977.00000", "2007-08-31": "9803.00000", "2006-08-31": "7425.70000", "2005-08-31": "6292.30000"}, "Total Assets": {"2020-08-31": "87174.00000", "2019-08-31": "67598.00000", "2018-08-31": "68124.00000", "2017-08-31": "66009.00000", "2016-08-31": "72688.00000", "2015-08-31": "68782.00000", "2014-08-31": "37250.00000", "2013-08-31": "35481.00000", "2012-08-31": "33462.00000", "2011-08-31": "27454.00000", "2010-08-31": "26275.00000", "2009-08-31": "25142.00000", "2008-08-31": "22410.00000", "2007-08-31": "19314.00000", "2006-08-31": "17131.10000", "2005-08-31": "14608.80000"}, "Total Current Liabilities": {"2020-08-31": "27070.00000", "2019-08-31": "25769.00000", "2018-08-31": "21667.00000", "2017-08-31": "18547.00000", "2016-08-31": "17013.00000", "2015-08-31": "16557.00000", "2014-08-31": "8895.00000", "2013-08-31": "8883.00000", "2012-08-31": "8722.00000", "2011-08-31": "8083.00000", "2010-08-31": "7433.00000", "2009-08-31": "6769.00000", "2008-08-31": "6644.00000", "2007-08-31": "6745.00000", "2006-08-31": "5755.30000", "2005-08-31": "4481.00000"}, "Long Term Debt": {"2020-08-31": "12203.00000", "2019-08-31": "11098.00000", "2018-08-31": "12431.00000", "2017-08-31": "12684.00000", "2016-08-31": "18705.00000", "2015-08-31": "13315.00000", "2014-08-31": "3716.00000", "2013-08-31": "4477.00000", "2012-08-31": "4073.00000", "2011-08-31": "2396.00000", "2010-08-31": "2389.00000", "2009-08-31": "2336.00000", "2008-08-31": "1337.00000", "2007-08-31": "22.00000", "2006-08-31": "", "2005-08-31": ""}, "Other Non-Current Liabilities": {"2020-08-31": "3294.00000", "2019-08-31": "4795.00000", "2018-08-31": "5522.00000", "2017-08-31": "4223.00000", "2016-08-31": "4045.00000", "2015-08-31": "4072.00000", "2014-08-31": "2942.00000", "2013-08-31": "2067.00000", "2012-08-31": "1886.00000", "2011-08-31": "1785.00000", "2010-08-31": "1735.00000", "2009-08-31": "1396.00000", "2008-08-31": "1410.00000", "2007-08-31": "1285.00000", "2006-08-31": "1118.90000", "2005-08-31": "997.70000"}, "Total Long Term Liabilities": {"2020-08-31": "38968.00000", "2019-08-31": "17678.00000", "2018-08-31": "19768.00000", "2017-08-31": "19188.00000", "2016-08-31": "25394.00000", "2015-08-31": "20925.00000", "2014-08-31": "7738.00000", "2013-08-31": "7144.00000", "2012-08-31": "6504.00000", "2011-08-31": "4524.00000", "2010-08-31": "4442.00000", "2009-08-31": "3997.00000", "2008-08-31": "2897.00000", "2007-08-31": "1465.00000", "2006-08-31": "1260.00000", "2005-08-31": "1238.10000"}, "Total Liabilities": {"2020-08-31": "66038.00000", "2019-08-31": "43446.00000", "2018-08-31": "41435.00000", "2017-08-31": "37735.00000", "2016-08-31": "42407.00000", "2015-08-31": "37482.00000", "2014-08-31": "16633.00000", "2013-08-31": "16027.00000", "2012-08-31": "15226.00000", "2011-08-31": "12607.00000", "2010-08-31": "11875.00000", "2009-08-31": "10766.00000", "2008-08-31": "9541.00000", "2007-08-31": "8210.00000", "2006-08-31": "7015.30000", "2005-08-31": "5719.10000"}, "Common Stock Net": {"2020-08-31": "12.00000", "2019-08-31": "12.00000", "2018-08-31": "12.00000", "2017-08-31": "12.00000", "2016-08-31": "12.00000", "2015-08-31": "12.00000", "2014-08-31": "80.00000", "2013-08-31": "80.00000", "2012-08-31": "80.00000", "2011-08-31": "80.00000", "2010-08-31": "80.00000", "2009-08-31": "80.00000", "2008-08-31": "80.00000", "2007-08-31": "80.00000", "2006-08-31": "80.10000", "2005-08-31": "80.10000"}, "Retained Earnings (Accumulated Deficit)": {"2020-08-31": "34210.00000", "2019-08-31": "35815.00000", "2018-08-31": "33551.00000", "2017-08-31": "30137.00000", "2016-08-31": "27684.00000", "2015-08-31": "25089.00000", "2014-08-31": "22327.00000", "2013-08-31": "21523.00000", "2012-08-31": "20156.00000", "2011-08-31": "18877.00000", "2010-08-31": "16848.00000", "2009-08-31": "15327.00000", "2008-08-31": "13792.00000", "2007-08-31": "12027.00000", "2006-08-31": "10311.70000", "2005-08-31": "8836.30000"}, "Comprehensive Income": {"2020-08-31": "-3771.00000", "2019-08-31": "-3897.00000", "2018-08-31": "-3002.00000", "2017-08-31": "-3051.00000", "2016-08-31": "-2992.00000", "2015-08-31": "-214.00000", "2014-08-31": "136.00000", "2013-08-31": "-98.00000", "2012-08-31": "68.00000", "2011-08-31": "16.00000", "2010-08-31": "-24.00000", "2009-08-31": "37.00000", "2008-08-31": "9.00000", "2007-08-31": "-4.00000", "2006-08-31": "", "2005-08-31": ""}, "Other Share Holders Equity": {"2020-08-31": "", "2019-08-31": "", "2018-08-31": "", "2017-08-31": "", "2016-08-31": "-1.00000", "2015-08-31": "-2.00000", "2014-08-31": "-5.00000", "2013-08-31": "-11.00000", "2012-08-31": "-19.00000", "2011-08-31": "-34.00000", "2010-08-31": "-87.00000", "2009-08-31": "-140.00000", "2008-08-31": "-36.00000", "2007-08-31": "-52.00000", "2006-08-31": "-70.30000", "2005-08-31": "-76.80000"}, "Share Holder Equity": {"2020-08-31": "21136.00000", "2019-08-31": "24152.00000", "2018-08-31": "26689.00000", "2017-08-31": "28274.00000", "2016-08-31": "30281.00000", "2015-08-31": "31300.00000", "2014-08-31": "20617.00000", "2013-08-31": "19454.00000", "2012-08-31": "18236.00000", "2011-08-31": "14847.00000", "2010-08-31": "14400.00000", "2009-08-31": "14376.00000", "2008-08-31": "12869.00000", "2007-08-31": "11104.00000", "2006-08-31": "10115.80000", "2005-08-31": "8889.70000"}, "Total Liabilities And Share Holders Equity": {"2020-08-31": "87174.00000", "2019-08-31": "67598.00000", "2018-08-31": "68124.00000", "2017-08-31": "66009.00000", "2016-08-31": "72688.00000", "2015-08-31": "68782.00000", "2014-08-31": "37250.00000", "2013-08-31": "35481.00000", "2012-08-31": "33462.00000", "2011-08-31": "27454.00000", "2010-08-31": "26275.00000", "2009-08-31": "25142.00000", "2008-08-31": "22410.00000", "2007-08-31": "19314.00000", "2006-08-31": "17131.10000", "2005-08-31": "14608.80000"}}, "balance sheet, quarterly": {"Cash On Hand": {"2020-11-30": "1111.00000", "2020-08-31": "516.00000", "2020-05-31": "768.00000", "2020-02-29": "792.00000", "2019-11-30": "811.00000", "2019-08-31": "1023.00000", "2019-05-31": "839.00000", "2019-02-28": "818.00000", "2018-11-30": "980.00000", "2018-08-31": "785.00000", "2018-05-31": "1818.00000", "2018-02-28": "1749.00000", "2017-11-30": "1830.00000", "2017-08-31": "3301.00000", "2017-05-31": "12253.00000", "2017-02-28": "11822.00000", "2016-11-30": "9598.00000", "2016-08-31": "9807.00000", "2016-05-31": "3291.00000", "2016-02-29": "3586.00000", "2015-11-30": "2570.00000", "2015-08-31": "3000.00000", "2015-05-31": "4449.00000", "2015-02-28": "3005.00000", "2014-11-30": "12861.00000", "2014-08-31": "2646.00000", "2014-05-31": "2126.00000", "2014-02-28": "1777.00000", "2013-11-30": "969.00000", "2013-08-31": "2106.00000", "2013-05-31": "2994.00000", "2013-02-28": "2431.00000", "2012-11-30": "1829.00000", "2012-08-31": "1297.00000", "2012-05-31": "1995.00000", "2012-02-29": "1084.00000", "2011-11-30": "1094.00000", "2011-08-31": "1556.00000", "2011-05-31": "2652.00000", "2011-02-28": "2243.00000", "2010-11-30": "2062.00000", "2010-08-31": "1880.00000", "2010-05-31": "2312.00000", "2010-02-28": "3101.00000", "2009-11-30": "3152.00000", "2009-08-31": "2587.00000", "2009-05-31": "2400.00000", "2009-02-28": "1559.00000", "2008-11-30": "886.00000", "2008-08-31": "443.00000", "2008-05-31": "472.00000", "2008-02-29": "255.00000", "2007-11-30": "295.00000", "2007-08-31": "255.00000", "2007-05-31": "758.10000", "2007-02-28": "958.10000", "2006-11-30": "769.40000", "2006-08-31": "1335.00000", "2006-05-31": "1803.20000", "2006-02-28": "1224.80000", "2005-11-30": "895.50000", "2005-08-31": "1071.60000", "2005-05-31": "1370.20000", "2005-02-28": "1447.20000"}, "Receivables": {"2020-11-30": "7869.00000", "2020-08-31": "7132.00000", "2020-05-31": "6982.00000", "2020-02-29": "7572.00000", "2019-11-30": "7435.00000", "2019-08-31": "7226.00000", "2019-05-31": "7239.00000", "2019-02-28": "7828.00000", "2018-11-30": "7144.00000", "2018-08-31": "6573.00000", "2018-05-31": "7159.00000", "2018-02-28": "7281.00000", "2017-11-30": "6858.00000", "2017-08-31": "6528.00000", "2017-05-31": "6339.00000", "2017-02-28": "5674.00000", "2016-11-30": "6138.00000", "2016-08-31": "6260.00000", "2016-05-31": "6508.00000", "2016-02-29": "6733.00000", "2015-11-30": "6821.00000", "2015-08-31": "6849.00000", "2015-05-31": "6899.00000", "2015-02-28": "7017.00000", "2014-11-30": "3579.00000", "2014-08-31": "3218.00000", "2014-05-31": "3029.00000", "2014-02-28": "2774.00000", "2013-11-30": "2727.00000", "2013-08-31": "2632.00000", "2013-05-31": "2418.00000", "2013-02-28": "2481.00000", "2012-11-30": "2264.00000", "2012-08-31": "2167.00000", "2012-05-31": "2294.00000", "2012-02-29": "2509.00000", "2011-11-30": "2586.00000", "2011-08-31": "2497.00000", "2011-05-31": "2598.00000", "2011-02-28": "2497.00000", "2010-11-30": "2472.00000", "2010-08-31": "2450.00000", "2010-05-31": "2729.00000", "2010-02-28": "2694.00000", "2009-11-30": "2577.00000", "2009-08-31": "2496.00000", "2009-05-31": "2797.00000", "2009-02-28": "2836.00000", "2008-11-30": "2776.00000", "2008-08-31": "2527.00000", "2008-05-31": "2395.00000", "2008-02-29": "2340.00000", "2007-11-30": "2247.00000", "2007-08-31": "2237.00000", "2007-05-31": "2003.60000", "2007-02-28": "1979.10000", "2006-11-30": "2304.30000", "2006-08-31": "2062.70000", "2006-05-31": "2041.50000", "2006-02-28": "1848.20000", "2005-11-30": "1472.80000", "2005-08-31": "1396.30000", "2005-05-31": "1515.70000", "2005-02-28": "1483.00000"}, "Inventory": {"2020-11-30": "11180.00000", "2020-08-31": "9451.00000", "2020-05-31": "9563.00000", "2020-02-29": "9652.00000", "2019-11-30": "10536.00000", "2019-08-31": "9333.00000", "2019-05-31": "9874.00000", "2019-02-28": "10188.00000", "2018-11-30": "10976.00000", "2018-08-31": "9565.00000", "2018-05-31": "9889.00000", "2018-02-28": "10316.00000", "2017-11-30": "10010.00000", "2017-08-31": "8899.00000", "2017-05-31": "8681.00000", "2017-02-28": "9230.00000", "2016-11-30": "10039.00000", "2016-08-31": "8956.00000", "2016-05-31": "8931.00000", "2016-02-29": "9025.00000", "2015-11-30": "9884.00000", "2015-08-31": "8678.00000", "2015-05-31": "8764.00000", "2015-02-28": "9379.00000", "2014-11-30": "6518.00000", "2014-08-31": "6076.00000", "2014-05-31": "6439.00000", "2014-02-28": "7213.00000", "2013-11-30": "7729.00000", "2013-08-31": "6852.00000", "2013-05-31": "6881.00000", "2013-02-28": "7253.00000", "2012-11-30": "7821.00000", "2012-08-31": "7036.00000", "2012-05-31": "7004.00000", "2012-02-29": "7347.00000", "2011-11-30": "8231.00000", "2011-08-31": "8044.00000", "2011-05-31": "7552.00000", "2011-02-28": "7607.00000", "2010-11-30": "7909.00000", "2010-08-31": "7378.00000", "2010-05-31": "7110.00000", "2010-02-28": "7200.00000", "2009-11-30": "7474.00000", "2009-08-31": "6789.00000", "2009-05-31": "6891.00000", "2009-02-28": "7584.00000", "2008-11-30": "8298.00000", "2008-08-31": "7249.00000", "2008-05-31": "7064.00000", "2008-02-29": "7328.00000", "2007-11-30": "7553.00000", "2007-08-31": "6790.00000", "2007-05-31": "6455.70000", "2007-02-28": "6531.30000", "2006-11-30": "6998.80000", "2006-08-31": "6050.40000", "2006-05-31": "5543.70000", "2006-02-28": "5616.00000", "2005-11-30": "6239.80000", "2005-08-31": "5592.70000", "2005-05-31": "5204.60000", "2005-02-28": "5159.90000"}, "Pre-Paid Expenses": {"2020-11-30": "", "2020-08-31": "", "2020-05-31": "", "2020-02-29": "", "2019-11-30": "", "2019-08-31": "", "2019-05-31": "", "2019-02-28": "", "2018-11-30": "", "2018-08-31": "", "2018-05-31": "", "2018-02-28": "", "2017-11-30": "", "2017-08-31": "", "2017-05-31": "", "2017-02-28": "", "2016-11-30": "", "2016-08-31": "", "2016-05-31": "", "2016-02-29": "", "2015-11-30": "", "2015-08-31": "", "2015-05-31": "", "2015-02-28": "", "2014-11-30": "", "2014-08-31": "", "2014-05-31": "", "2014-02-28": "", "2013-11-30": "", "2013-08-31": "", "2013-05-31": "", "2013-02-28": "", "2012-11-30": "", "2012-08-31": "", "2012-05-31": "", "2012-02-29": "", "2011-11-30": "", "2011-08-31": "", "2011-05-31": "", "2011-02-28": "", "2010-11-30": "", "2010-08-31": "", "2010-05-31": "", "2010-02-28": "", "2009-11-30": "", "2009-08-31": "", "2009-05-31": "", "2009-02-28": "", "2008-11-30": "", "2008-08-31": "", "2008-05-31": "", "2008-02-29": "", "2007-11-30": "", "2007-08-31": "", "2007-05-31": "", "2007-02-28": "", "2006-11-30": "", "2006-08-31": "", "2006-05-31": "", "2006-02-28": "", "2005-11-30": "", "2005-08-31": "", "2005-05-31": "", "2005-02-28": ""}, "Other Current Assets": {"2020-11-30": "924.00000", "2020-08-31": "974.00000", "2020-05-31": "1013.00000", "2020-02-29": "893.00000", "2019-11-30": "822.00000", "2019-08-31": "1118.00000", "2019-05-31": "1070.00000", "2019-02-28": "1016.00000", "2018-11-30": "983.00000", "2018-08-31": "923.00000", "2018-05-31": "1122.00000", "2018-02-28": "1012.00000", "2017-11-30": "983.00000", "2017-08-31": "1025.00000", "2017-05-31": "879.00000", "2017-02-28": "783.00000", "2016-11-30": "893.00000", "2016-08-31": "860.00000", "2016-05-31": "983.00000", "2016-02-29": "1034.00000", "2015-11-30": "956.00000", "2015-08-31": "1130.00000", "2015-05-31": "917.00000", "2015-02-28": "1314.00000", "2014-11-30": "322.00000", "2014-08-31": "302.00000", "2014-05-31": "334.00000", "2014-02-28": "272.00000", "2013-11-30": "297.00000", "2013-08-31": "284.00000", "2013-05-31": "278.00000", "2013-02-28": "267.00000", "2012-11-30": "248.00000", "2012-08-31": "260.00000", "2012-05-31": "277.00000", "2012-02-29": "270.00000", "2011-11-30": "196.00000", "2011-08-31": "225.00000", "2011-05-31": "203.00000", "2011-02-28": "190.00000", "2010-11-30": "220.00000", "2010-08-31": "214.00000", "2010-05-31": "185.00000", "2010-02-28": "164.00000", "2009-11-30": "170.00000", "2009-08-31": "177.00000", "2009-05-31": "164.00000", "2009-02-28": "203.00000", "2008-11-30": "199.00000", "2008-08-31": "214.00000", "2008-05-31": "253.00000", "2008-02-29": "220.00000", "2007-11-30": "240.00000", "2007-08-31": "229.00000", "2007-05-31": "200.30000", "2007-02-28": "225.40000", "2006-11-30": "228.90000", "2006-08-31": "257.30000", "2006-05-31": "162.00000", "2006-02-28": "220.70000", "2005-11-30": "208.30000", "2005-08-31": "255.90000", "2005-05-31": "191.90000", "2005-02-28": "176.10000"}, "Total Current Assets": {"2020-11-30": "21084.00000", "2020-08-31": "18073.00000", "2020-05-31": "18326.00000", "2020-02-29": "18909.00000", "2019-11-30": "19604.00000", "2019-08-31": "18700.00000", "2019-05-31": "19021.00000", "2019-02-28": "19851.00000", "2018-11-30": "20083.00000", "2018-08-31": "17846.00000", "2018-05-31": "19988.00000", "2018-02-28": "20358.00000", "2017-11-30": "19681.00000", "2017-08-31": "19753.00000", "2017-05-31": "28152.00000", "2017-02-28": "27509.00000", "2016-11-30": "26668.00000", "2016-08-31": "25883.00000", "2016-05-31": "19713.00000", "2016-02-29": "20378.00000", "2015-11-30": "20231.00000", "2015-08-31": "19657.00000", "2015-05-31": "21029.00000", "2015-02-28": "20715.00000", "2014-11-30": "23280.00000", "2014-08-31": "12242.00000", "2014-05-31": "11928.00000", "2014-02-28": "12036.00000", "2013-11-30": "11722.00000", "2013-08-31": "11874.00000", "2013-05-31": "12571.00000", "2013-02-28": "12432.00000", "2012-11-30": "12162.00000", "2012-08-31": "10760.00000", "2012-05-31": "11570.00000", "2012-02-29": "11210.00000", "2011-11-30": "12107.00000", "2011-08-31": "12322.00000", "2011-05-31": "13005.00000", "2011-02-28": "12537.00000", "2010-11-30": "12663.00000", "2010-08-31": "11922.00000", "2010-05-31": "12336.00000", "2010-02-28": "13159.00000", "2009-11-30": "13373.00000", "2009-08-31": "12049.00000", "2009-05-31": "12252.00000", "2009-02-28": "12182.00000", "2008-11-30": "12159.00000", "2008-08-31": "10433.00000", "2008-05-31": "10184.00000", "2008-02-29": "10143.00000", "2007-11-30": "10335.00000", "2007-08-31": "9511.00000", "2007-05-31": "9417.70000", "2007-02-28": "9693.90000", "2006-11-30": "10301.40000", "2006-08-31": "9705.40000", "2006-05-31": "9550.40000", "2006-02-28": "8909.70000", "2005-11-30": "8816.40000", "2005-08-31": "8316.50000", "2005-05-31": "8282.40000", "2005-02-28": "8266.20000"}, "Property, Plant, And Equipment": {"2020-11-30": "13277.00000", "2020-08-31": "13342.00000", "2020-05-31": "13071.00000", "2020-02-29": "13482.00000", "2019-11-30": "13620.00000", "2019-08-31": "13478.00000", "2019-05-31": "13717.00000", "2019-02-28": "13828.00000", "2018-11-30": "13821.00000", "2018-08-31": "13911.00000", "2018-05-31": "13938.00000", "2018-02-28": "14045.00000", "2017-11-30": "13693.00000", "2017-08-31": "13642.00000", "2017-05-31": "13535.00000", "2017-02-28": "13528.00000", "2016-11-30": "13709.00000", "2016-08-31": "14335.00000", "2016-05-31": "14493.00000", "2016-02-29": "14552.00000", "2015-11-30": "14878.00000", "2015-08-31": "15068.00000", "2015-05-31": "15241.00000", "2015-02-28": "15646.00000", "2014-11-30": "12103.00000", "2014-08-31": "12257.00000", "2014-05-31": "12088.00000", "2014-02-28": "12136.00000", "2013-11-30": "12351.00000", "2013-08-31": "12138.00000", "2013-05-31": "12075.00000", "2013-02-28": "12048.00000", "2012-11-30": "12110.00000", "2012-08-31": "12038.00000", "2012-05-31": "11790.00000", "2012-02-29": "11705.00000", "2011-11-30": "11699.00000", "2011-08-31": "11526.00000", "2011-05-31": "11130.00000", "2011-02-28": "11148.00000", "2010-11-30": "11197.00000", "2010-08-31": "11184.00000", "2010-05-31": "11154.00000", "2010-02-28": "10891.00000", "2009-11-30": "10865.00000", "2009-08-31": "10802.00000", "2009-05-31": "10595.00000", "2009-02-28": "10387.00000", "2008-11-30": "10150.00000", "2008-08-31": "9775.00000", "2008-05-31": "9311.00000", "2008-02-29": "8945.00000", "2007-11-30": "8502.00000", "2007-08-31": "8204.00000", "2007-05-31": "7753.80000", "2007-02-28": "7451.70000", "2006-11-30": "7203.10000", "2006-08-31": "6948.90000", "2006-05-31": "6656.40000", "2006-02-28": "6501.40000", "2005-11-30": "6371.30000", "2005-08-31": "6165.00000", "2005-05-31": "5931.50000", "2005-02-28": "5780.30000"}, "Long-Term Investments": {"2020-11-30": "6019.00000", "2020-08-31": "7338.00000", "2020-05-31": "7033.00000", "2020-02-29": "6921.00000", "2019-11-30": "6902.00000", "2019-08-31": "6851.00000", "2019-05-31": "6673.00000", "2019-02-28": "6683.00000", "2018-11-30": "6570.00000", "2018-08-31": "6610.00000", "2018-05-31": "6272.00000", "2018-02-28": "6431.00000", "2017-11-30": "6028.00000", "2017-08-31": "6320.00000", "2017-05-31": "6323.00000", "2017-02-28": "6164.00000", "2016-11-30": "6136.00000", "2016-08-31": "6174.00000", "2016-05-31": "", "2016-02-29": "", "2015-11-30": "", "2015-08-31": "1242.00000", "2015-05-31": "", "2015-02-28": "", "2014-11-30": "7335.00000", "2014-08-31": "7336.00000", "2014-05-31": "7959.00000", "2014-02-28": "7708.00000", "2013-11-30": "7295.00000", "2013-08-31": "7100.00000", "2013-05-31": "7042.00000", "2013-02-28": "7065.00000", "2012-11-30": "6988.00000", "2012-08-31": "7006.00000", "2012-05-31": "", "2012-02-29": "", "2011-11-30": "", "2011-08-31": "", "2011-05-31": "", "2011-02-28": "", "2010-11-30": "", "2010-08-31": "", "2010-05-31": "", "2010-02-28": "", "2009-11-30": "", "2009-08-31": "", "2009-05-31": "", "2009-02-28": "", "2008-11-30": "", "2008-08-31": "", "2008-05-31": "", "2008-02-29": "", "2007-11-30": "", "2007-08-31": "", "2007-05-31": "", "2007-02-28": "", "2006-11-30": "", "2006-08-31": "", "2006-05-31": "", "2006-02-28": "", "2005-11-30": "", "2005-08-31": "", "2005-05-31": "", "2005-02-28": ""}, "Goodwill And Intangible Assets": {"2020-11-30": "26005.00000", "2020-08-31": "26021.00000", "2020-05-31": "25131.00000", "2020-02-29": "27717.00000", "2019-11-30": "27855.00000", "2019-08-31": "27436.00000", "2019-05-31": "28042.00000", "2019-02-28": "28959.00000", "2018-11-30": "28393.00000", "2018-08-31": "28697.00000", "2018-05-31": "29200.00000", "2018-02-28": "29237.00000", "2017-11-30": "26519.00000", "2017-08-31": "25788.00000", "2017-05-31": "25724.00000", "2017-02-28": "24864.00000", "2016-11-30": "24931.00000", "2016-08-31": "25829.00000", "2016-05-31": "27658.00000", "2016-02-29": "26918.00000", "2015-11-30": "28235.00000", "2015-08-31": "28723.00000", "2015-05-31": "28590.00000", "2015-02-28": "29269.00000", "2014-11-30": "2356.00000", "2014-08-31": "3539.00000", "2014-05-31": "2365.00000", "2014-02-28": "2455.00000", "2013-11-30": "2491.00000", "2013-08-31": "2410.00000", "2013-05-31": "2400.00000", "2013-02-28": "2387.00000", "2012-11-30": "2404.00000", "2012-08-31": "2161.00000", "2012-05-31": "2168.00000", "2012-02-29": "2078.00000", "2011-11-30": "2017.00000", "2011-08-31": "2017.00000", "2011-05-31": "1898.00000", "2011-02-28": "1898.00000", "2010-11-30": "1896.00000", "2010-08-31": "1887.00000", "2010-05-31": "1894.00000", "2010-02-28": "1480.00000", "2009-11-30": "1467.00000", "2009-08-31": "1461.00000", "2009-05-31": "1463.00000", "2009-02-28": "1451.00000", "2008-11-30": "1433.00000", "2008-08-31": "1438.00000", "2008-05-31": "1418.00000", "2008-02-29": "1079.00000", "2007-11-30": "1066.00000", "2007-08-31": "1060.00000", "2007-05-31": "398.20000", "2007-02-28": "167.60000", "2006-11-30": "167.20000", "2006-08-31": "168.40000", "2006-05-31": "", "2006-02-28": "", "2005-11-30": "", "2005-08-31": "", "2005-05-31": "", "2005-02-28": ""}, "Other Long-Term Assets": {"2020-11-30": "831.00000", "2020-08-31": "677.00000", "2020-05-31": "1274.00000", "2020-02-29": "1218.00000", "2019-11-30": "1152.00000", "2019-08-31": "1133.00000", "2019-05-31": "1133.00000", "2019-02-28": "1114.00000", "2018-11-30": "1074.00000", "2018-08-31": "1060.00000", "2018-05-31": "754.00000", "2018-02-28": "745.00000", "2017-11-30": "697.00000", "2017-08-31": "506.00000", "2017-05-31": "439.00000", "2017-02-28": "440.00000", "2016-11-30": "468.00000", "2016-08-31": "467.00000", "2016-05-31": "5469.00000", "2016-02-29": "4537.00000", "2015-11-30": "5313.00000", "2015-08-31": "4092.00000", "2015-05-31": "5784.00000", "2015-02-28": "5727.00000", "2014-11-30": "3538.00000", "2014-08-31": "1876.00000", "2014-05-31": "3051.00000", "2014-02-28": "2746.00000", "2013-11-30": "2622.00000", "2013-08-31": "1959.00000", "2013-05-31": "1753.00000", "2013-02-28": "1632.00000", "2012-11-30": "1595.00000", "2012-08-31": "1497.00000", "2012-05-31": "1671.00000", "2012-02-29": "1629.00000", "2011-11-30": "1606.00000", "2011-08-31": "1589.00000", "2011-05-31": "1283.00000", "2011-02-28": "1295.00000", "2010-11-30": "1288.00000", "2010-08-31": "1282.00000", "2010-05-31": "1323.00000", "2010-02-28": "804.00000", "2009-11-30": "843.00000", "2009-08-31": "830.00000", "2009-05-31": "833.00000", "2009-02-28": "805.00000", "2008-11-30": "771.00000", "2008-08-31": "764.00000", "2008-05-31": "675.00000", "2008-02-29": "581.00000", "2007-11-30": "573.00000", "2007-08-31": "539.00000", "2007-05-31": "374.60000", "2007-02-28": "355.70000", "2006-11-30": "354.30000", "2006-08-31": "308.40000", "2006-05-31": "234.90000", "2006-02-28": "228.00000", "2005-11-30": "214.40000", "2005-08-31": "127.30000", "2005-05-31": "127.70000", "2005-02-28": "127.50000"}, "Total Long-Term Assets": {"2020-11-30": "68083.00000", "2020-08-31": "69102.00000", "2020-05-31": "68118.00000", "2020-02-29": "71093.00000", "2019-11-30": "71203.00000", "2019-08-31": "48898.00000", "2019-05-31": "49565.00000", "2019-02-28": "50584.00000", "2018-11-30": "49858.00000", "2018-08-31": "50278.00000", "2018-05-31": "50164.00000", "2018-02-28": "50458.00000", "2017-11-30": "46937.00000", "2017-08-31": "46256.00000", "2017-05-31": "46021.00000", "2017-02-28": "44996.00000", "2016-11-30": "45244.00000", "2016-08-31": "46805.00000", "2016-05-31": "47620.00000", "2016-02-29": "46007.00000", "2015-11-30": "48426.00000", "2015-08-31": "49125.00000", "2015-05-31": "49615.00000", "2015-02-28": "50642.00000", "2014-11-30": "25332.00000", "2014-08-31": "25008.00000", "2014-05-31": "25463.00000", "2014-02-28": "25045.00000", "2013-11-30": "24759.00000", "2013-08-31": "23607.00000", "2013-05-31": "23270.00000", "2013-02-28": "23132.00000", "2012-11-30": "23097.00000", "2012-08-31": "22702.00000", "2012-05-31": "15629.00000", "2012-02-29": "15412.00000", "2011-11-30": "15322.00000", "2011-08-31": "15132.00000", "2011-05-31": "14311.00000", "2011-02-28": "14341.00000", "2010-11-30": "14381.00000", "2010-08-31": "14353.00000", "2010-05-31": "14371.00000", "2010-02-28": "13175.00000", "2009-11-30": "13175.00000", "2009-08-31": "13093.00000", "2009-05-31": "12891.00000", "2009-02-28": "12643.00000", "2008-11-30": "12354.00000", "2008-08-31": "11977.00000", "2008-05-31": "11404.00000", "2008-02-29": "10605.00000", "2007-11-30": "10141.00000", "2007-08-31": "9803.00000", "2007-05-31": "8526.60000", "2007-02-28": "7975.00000", "2006-11-30": "7724.60000", "2006-08-31": "7425.70000", "2006-05-31": "6891.30000", "2006-02-28": "6729.40000", "2005-11-30": "6585.70000", "2005-08-31": "6292.30000", "2005-05-31": "6059.20000", "2005-02-28": "5907.80000"}, "Total Assets": {"2020-11-30": "89167.00000", "2020-08-31": "87174.00000", "2020-05-31": "86444.00000", "2020-02-29": "90003.00000", "2019-11-30": "90807.00000", "2019-08-31": "67598.00000", "2019-05-31": "68586.00000", "2019-02-28": "70434.00000", "2018-11-30": "69941.00000", "2018-08-31": "68124.00000", "2018-05-31": "70152.00000", "2018-02-28": "70816.00000", "2017-11-30": "66618.00000", "2017-08-31": "66009.00000", "2017-05-31": "74173.00000", "2017-02-28": "72505.00000", "2016-11-30": "71912.00000", "2016-08-31": "72688.00000", "2016-05-31": "67333.00000", "2016-02-29": "66385.00000", "2015-11-30": "68657.00000", "2015-08-31": "68782.00000", "2015-05-31": "70644.00000", "2015-02-28": "71357.00000", "2014-11-30": "48612.00000", "2014-08-31": "37250.00000", "2014-05-31": "37391.00000", "2014-02-28": "37081.00000", "2013-11-30": "36481.00000", "2013-08-31": "35481.00000", "2013-05-31": "35841.00000", "2013-02-28": "35564.00000", "2012-11-30": "35259.00000", "2012-08-31": "33462.00000", "2012-05-31": "27199.00000", "2012-02-29": "26622.00000", "2011-11-30": "27429.00000", "2011-08-31": "27454.00000", "2011-05-31": "27316.00000", "2011-02-28": "26878.00000", "2010-11-30": "27044.00000", "2010-08-31": "26275.00000", "2010-05-31": "26707.00000", "2010-02-28": "26334.00000", "2009-11-30": "26548.00000", "2009-08-31": "25142.00000", "2009-05-31": "25143.00000", "2009-02-28": "24825.00000", "2008-11-30": "24513.00000", "2008-08-31": "22410.00000", "2008-05-31": "21588.00000", "2008-02-29": "20748.00000", "2007-11-30": "20476.00000", "2007-08-31": "19314.00000", "2007-05-31": "17944.30000", "2007-02-28": "17668.90000", "2006-11-30": "18026.00000", "2006-08-31": "17131.10000", "2006-05-31": "16441.70000", "2006-02-28": "15639.10000", "2005-11-30": "15402.10000", "2005-08-31": "14608.80000", "2005-05-31": "14341.60000", "2005-02-28": "14174.00000"}, "Total Current Liabilities": {"2020-11-30": "30379.00000", "2020-08-31": "27070.00000", "2020-05-31": "26649.00000", "2020-02-29": "28662.00000", "2019-11-30": "29494.00000", "2019-08-31": "25769.00000", "2019-05-31": "25060.00000", "2019-02-28": "25303.00000", "2018-11-30": "25099.00000", "2018-08-31": "21667.00000", "2018-05-31": "21482.00000", "2018-02-28": "22559.00000", "2017-11-30": "20517.00000", "2017-08-31": "18547.00000", "2017-05-31": "21713.00000", "2017-02-28": "17678.00000", "2016-11-30": "17729.00000", "2016-08-31": "17013.00000", "2016-05-31": "15811.00000", "2016-02-29": "16272.00000", "2015-11-30": "16874.00000", "2015-08-31": "16557.00000", "2015-05-31": "16157.00000", "2015-02-28": "16690.00000", "2014-11-30": "9877.00000", "2014-08-31": "8895.00000", "2014-05-31": "8409.00000", "2014-02-28": "8499.00000", "2013-11-30": "8821.00000", "2013-08-31": "8883.00000", "2013-05-31": "9690.00000", "2013-02-28": "9025.00000", "2012-11-30": "9320.00000", "2012-08-31": "8722.00000", "2012-05-31": "7501.00000", "2012-02-29": "7254.00000", "2011-11-30": "8229.00000", "2011-08-31": "8083.00000", "2011-05-31": "7918.00000", "2011-02-28": "7544.00000", "2010-11-30": "8149.00000", "2010-08-31": "7433.00000", "2010-05-31": "7341.00000", "2010-02-28": "7297.00000", "2009-11-30": "7822.00000", "2009-08-31": "6769.00000", "2009-05-31": "6973.00000", "2009-02-28": "7261.00000", "2008-11-30": "8496.00000", "2008-08-31": "6644.00000", "2008-05-31": "7502.00000", "2008-02-29": "7230.00000", "2007-11-30": "7546.00000", "2007-08-31": "6745.00000", "2007-05-31": "5702.50000", "2007-02-28": "5815.60000", "2006-11-30": "6598.70000", "2006-08-31": "5755.30000", "2006-05-31": "5403.10000", "2006-02-28": "4969.60000", "2005-11-30": "5096.00000", "2005-08-31": "4481.00000", "2005-05-31": "4388.00000", "2005-02-28": "4306.80000"}, "Long Term Debt": {"2020-11-30": "10973.00000", "2020-08-31": "12203.00000", "2020-05-31": "12111.00000", "2020-02-29": "10625.00000", "2019-11-30": "10628.00000", "2019-08-31": "11098.00000", "2019-05-31": "12127.00000", "2019-02-28": "12685.00000", "2018-11-30": "11646.00000", "2018-08-31": "12431.00000", "2018-05-31": "12456.00000", "2018-02-28": "12532.00000", "2017-11-30": "12737.00000", "2017-08-31": "12684.00000", "2017-05-31": "14372.00000", "2017-02-28": "17758.00000", "2016-11-30": "17777.00000", "2016-08-31": "18705.00000", "2016-05-31": "13151.00000", "2016-02-29": "12974.00000", "2015-11-30": "13194.00000", "2015-08-31": "13315.00000", "2015-05-31": "15055.00000", "2015-02-28": "16001.00000", "2014-11-30": "13756.00000", "2014-08-31": "3716.00000", "2014-05-31": "3747.00000", "2014-02-28": "4489.00000", "2013-11-30": "4501.00000", "2013-08-31": "4477.00000", "2013-05-31": "4501.00000", "2013-02-28": "5058.00000", "2012-11-30": "5069.00000", "2012-08-31": "4073.00000", "2012-05-31": "2387.00000", "2012-02-29": "2381.00000", "2011-11-30": "2390.00000", "2011-08-31": "2396.00000", "2011-05-31": "2384.00000", "2011-02-28": "2380.00000", "2010-11-30": "2389.00000", "2010-08-31": "2389.00000", "2010-05-31": "2359.00000", "2010-02-28": "2347.00000", "2009-11-30": "2366.00000", "2009-08-31": "2336.00000", "2009-05-31": "2338.00000", "2009-02-28": "2332.00000", "2008-11-30": "1337.00000", "2008-08-31": "1337.00000", "2008-05-31": "19.00000", "2008-02-29": "26.00000", "2007-11-30": "20.00000", "2007-08-31": "22.00000", "2007-05-31": "", "2007-02-28": "", "2006-11-30": "", "2006-08-31": "", "2006-05-31": "", "2006-02-28": "", "2005-11-30": "", "2005-08-31": "", "2005-05-31": "", "2005-02-28": ""}, "Other Non-Current Liabilities": {"2020-11-30": "3809.00000", "2020-08-31": "3294.00000", "2020-05-31": "2882.00000", "2020-02-29": "2786.00000", "2019-11-30": "2861.00000", "2019-08-31": "4795.00000", "2019-05-31": "4768.00000", "2019-02-28": "5053.00000", "2018-11-30": "5140.00000", "2018-08-31": "5522.00000", "2018-05-31": "5771.00000", "2018-02-28": "5601.00000", "2017-11-30": "4289.00000", "2017-08-31": "4223.00000", "2017-05-31": "4201.00000", "2017-02-28": "4309.00000", "2016-11-30": "4198.00000", "2016-08-31": "4045.00000", "2016-05-31": "3999.00000", "2016-02-29": "4114.00000", "2015-11-30": "4122.00000", "2015-08-31": "4072.00000", "2015-05-31": "3971.00000", "2015-02-28": "3951.00000", "2014-11-30": "3081.00000", "2014-08-31": "2942.00000", "2014-05-31": "2740.00000", "2014-02-28": "2382.00000", "2013-11-30": "2325.00000", "2013-08-31": "2067.00000", "2013-05-31": "2093.00000", "2013-02-28": "1991.00000", "2012-11-30": "1932.00000", "2012-08-31": "1886.00000", "2012-05-31": "1903.00000", "2012-02-29": "1876.00000", "2011-11-30": "1852.00000", "2011-08-31": "1785.00000", "2011-05-31": "1872.00000", "2011-02-28": "1850.00000", "2010-11-30": "1783.00000", "2010-08-31": "1735.00000", "2010-05-31": "1627.00000", "2010-02-28": "1489.00000", "2009-11-30": "1464.00000", "2009-08-31": "1396.00000", "2009-05-31": "1329.00000", "2009-02-28": "1387.00000", "2008-11-30": "1395.00000", "2008-08-31": "1410.00000", "2008-05-31": "1382.00000", "2008-02-29": "1351.00000", "2007-11-30": "1313.00000", "2007-08-31": "1285.00000", "2007-05-31": "1226.10000", "2007-02-28": "1199.70000", "2006-11-30": "1165.10000", "2006-08-31": "1118.90000", "2006-05-31": "1071.70000", "2006-02-28": "1045.20000", "2005-11-30": "1014.00000", "2005-08-31": "997.70000", "2005-05-31": "965.30000", "2005-02-28": "937.30000"}, "Total Long Term Liabilities": {"2020-11-30": "38225.00000", "2020-08-31": "38968.00000", "2020-05-31": "38474.00000", "2020-02-29": "37007.00000", "2019-11-30": "37001.00000", "2019-08-31": "17678.00000", "2019-05-31": "18755.00000", "2019-02-28": "19720.00000", "2018-11-30": "18579.00000", "2018-08-31": "19768.00000", "2018-05-31": "20200.00000", "2018-02-28": "20079.00000", "2017-11-30": "19345.00000", "2017-08-31": "19188.00000", "2017-05-31": "20976.00000", "2017-02-28": "24406.00000", "2016-11-30": "24491.00000", "2016-08-31": "25394.00000", "2016-05-31": "20208.00000", "2016-02-29": "20195.00000", "2015-11-30": "20629.00000", "2015-08-31": "20925.00000", "2015-05-31": "22558.00000", "2015-02-28": "23641.00000", "2014-11-30": "17968.00000", "2014-08-31": "7738.00000", "2014-05-31": "7497.00000", "2014-02-28": "7749.00000", "2013-11-30": "7604.00000", "2013-08-31": "7144.00000", "2013-05-31": "7171.00000", "2013-02-28": "7566.00000", "2012-11-30": "7560.00000", "2012-08-31": "6504.00000", "2012-05-31": "4658.00000", "2012-02-29": "4552.00000", "2011-11-30": "4526.00000", "2011-08-31": "4524.00000", "2011-05-31": "4675.00000", "2011-02-28": "4653.00000", "2010-11-30": "4532.00000", "2010-08-31": "4442.00000", "2010-05-31": "4254.00000", "2010-02-28": "4089.00000", "2009-11-30": "4105.00000", "2009-08-31": "3997.00000", "2009-05-31": "3983.00000", "2009-02-28": "3885.00000", "2008-11-30": "2886.00000", "2008-08-31": "2897.00000", "2008-05-31": "1551.00000", "2008-02-29": "1455.00000", "2007-11-30": "1440.00000", "2007-08-31": "1465.00000", "2007-05-31": "1340.40000", "2007-02-28": "1287.00000", "2006-11-30": "1272.80000", "2006-08-31": "1260.00000", "2006-05-31": "1249.30000", "2006-02-28": "1216.40000", "2005-11-30": "1200.30000", "2005-08-31": "1238.10000", "2005-05-31": "1237.10000", "2005-02-28": "1202.00000"}, "Total Liabilities": {"2020-11-30": "68604.00000", "2020-08-31": "66038.00000", "2020-05-31": "65121.00000", "2020-02-29": "65669.00000", "2019-11-30": "66495.00000", "2019-08-31": "43446.00000", "2019-05-31": "43815.00000", "2019-02-28": "45021.00000", "2018-11-30": "43678.00000", "2018-08-31": "41435.00000", "2018-05-31": "41682.00000", "2018-02-28": "42638.00000", "2017-11-30": "39862.00000", "2017-08-31": "37735.00000", "2017-05-31": "42689.00000", "2017-02-28": "42084.00000", "2016-11-30": "42220.00000", "2016-08-31": "42407.00000", "2016-05-31": "36019.00000", "2016-02-29": "36467.00000", "2015-11-30": "37503.00000", "2015-08-31": "37482.00000", "2015-05-31": "38715.00000", "2015-02-28": "40331.00000", "2014-11-30": "27845.00000", "2014-08-31": "16633.00000", "2014-05-31": "15906.00000", "2014-02-28": "16248.00000", "2013-11-30": "16425.00000", "2013-08-31": "16027.00000", "2013-05-31": "16861.00000", "2013-02-28": "16591.00000", "2012-11-30": "16880.00000", "2012-08-31": "15226.00000", "2012-05-31": "12159.00000", "2012-02-29": "11806.00000", "2011-11-30": "12755.00000", "2011-08-31": "12607.00000", "2011-05-31": "12593.00000", "2011-02-28": "12197.00000", "2010-11-30": "12681.00000", "2010-08-31": "11875.00000", "2010-05-31": "11595.00000", "2010-02-28": "11386.00000", "2009-11-30": "11927.00000", "2009-08-31": "10766.00000", "2009-05-31": "10956.00000", "2009-02-28": "11146.00000", "2008-11-30": "11382.00000", "2008-08-31": "9541.00000", "2008-05-31": "9053.00000", "2008-02-29": "8685.00000", "2007-11-30": "8986.00000", "2007-08-31": "8210.00000", "2007-05-31": "7042.90000", "2007-02-28": "7102.60000", "2006-11-30": "7871.50000", "2006-08-31": "7015.30000", "2006-05-31": "6652.40000", "2006-02-28": "6186.00000", "2005-11-30": "6296.30000", "2005-08-31": "5719.10000", "2005-05-31": "5625.10000", "2005-02-28": "5508.80000"}, "Common Stock Net": {"2020-11-30": "12.00000", "2020-08-31": "12.00000", "2020-05-31": "12.00000", "2020-02-29": "12.00000", "2019-11-30": "12.00000", "2019-08-31": "12.00000", "2019-05-31": "12.00000", "2019-02-28": "12.00000", "2018-11-30": "12.00000", "2018-08-31": "12.00000", "2018-05-31": "12.00000", "2018-02-28": "12.00000", "2017-11-30": "12.00000", "2017-08-31": "12.00000", "2017-05-31": "12.00000", "2017-02-28": "12.00000", "2016-11-30": "12.00000", "2016-08-31": "12.00000", "2016-05-31": "12.00000", "2016-02-29": "12.00000", "2015-11-30": "12.00000", "2015-08-31": "12.00000", "2015-05-31": "12.00000", "2015-02-28": "12.00000", "2014-11-30": "80.00000", "2014-08-31": "80.00000", "2014-05-31": "80.00000", "2014-02-28": "80.00000", "2013-11-30": "80.00000", "2013-08-31": "80.00000", "2013-05-31": "80.00000", "2013-02-28": "80.00000", "2012-11-30": "80.00000", "2012-08-31": "80.00000", "2012-05-31": "80.00000", "2012-02-29": "80.00000", "2011-11-30": "80.00000", "2011-08-31": "80.00000", "2011-05-31": "80.00000", "2011-02-28": "80.00000", "2010-11-30": "80.00000", "2010-08-31": "80.00000", "2010-05-31": "80.00000", "2010-02-28": "80.00000", "2009-11-30": "80.00000", "2009-08-31": "80.00000", "2009-05-31": "80.00000", "2009-02-28": "80.00000", "2008-11-30": "80.00000", "2008-08-31": "80.00000", "2008-05-31": "80.00000", "2008-02-29": "80.00000", "2007-11-30": "80.00000", "2007-08-31": "80.00000", "2007-05-31": "80.10000", "2007-02-28": "80.10000", "2006-11-30": "80.10000", "2006-08-31": "80.10000", "2006-05-31": "80.10000", "2006-02-28": "80.10000", "2005-11-30": "80.10000", "2005-08-31": "80.10000", "2005-05-31": "80.10000", "2005-02-28": "80.10000"}, "Retained Earnings (Accumulated Deficit)": {"2020-11-30": "33495.00000", "2020-08-31": "34210.00000", "2020-05-31": "34244.00000", "2020-02-29": "36351.00000", "2019-11-30": "35810.00000", "2019-08-31": "35815.00000", "2019-05-31": "35547.00000", "2019-02-28": "34928.00000", "2018-11-30": "34168.00000", "2018-08-31": "33551.00000", "2018-05-31": "32460.00000", "2018-02-28": "31513.00000", "2017-11-30": "30560.00000", "2017-08-31": "30137.00000", "2017-05-31": "29744.00000", "2017-02-28": "28987.00000", "2016-11-30": "28332.00000", "2016-08-31": "27684.00000", "2016-05-31": "27061.00000", "2016-02-29": "26348.00000", "2015-11-30": "25806.00000", "2015-08-31": "25089.00000", "2015-05-31": "25460.00000", "2015-02-28": "24526.00000", "2014-11-30": "22717.00000", "2014-08-31": "22327.00000", "2014-05-31": "22790.00000", "2014-02-28": "22370.00000", "2013-11-30": "21918.00000", "2013-08-31": "21523.00000", "2013-05-31": "21166.00000", "2013-02-28": "20804.00000", "2012-11-30": "20308.00000", "2012-08-31": "20156.00000", "2012-05-31": "20064.00000", "2012-02-29": "19721.00000", "2011-11-30": "19234.00000", "2011-08-31": "18877.00000", "2011-05-31": "18289.00000", "2011-02-28": "17845.00000", "2010-11-30": "17266.00000", "2010-08-31": "16848.00000", "2010-05-31": "16543.00000", "2010-02-28": "16215.00000", "2009-11-30": "15679.00000", "2009-08-31": "15327.00000", "2009-05-31": "15027.00000", "2009-02-28": "14617.00000", "2008-11-30": "14088.00000", "2008-08-31": "13792.00000", "2008-05-31": "13460.00000", "2008-02-29": "12982.00000", "2007-11-30": "12390.00000", "2007-08-31": "12027.00000", "2007-05-31": "11724.50000", "2007-02-28": "11240.30000", "2006-11-30": "10665.70000", "2006-08-31": "10311.70000", "2006-05-31": "9977.70000", "2006-02-28": "9574.00000", "2005-11-30": "9116.10000", "2005-08-31": "8836.30000", "2005-05-31": "8573.10000", "2005-02-28": "8215.50000"}, "Comprehensive Income": {"2020-11-30": "-3682.00000", "2020-08-31": "-3771.00000", "2020-05-31": "-3871.00000", "2020-02-29": "-3407.00000", "2019-11-30": "-3313.00000", "2019-08-31": "-3897.00000", "2019-05-31": "-3393.00000", "2019-02-28": "-2705.00000", "2018-11-30": "-3231.00000", "2018-08-31": "-3002.00000", "2018-05-31": "-2792.00000", "2018-02-28": "-2163.00000", "2017-11-30": "-2543.00000", "2017-08-31": "-3051.00000", "2017-05-31": "-3303.00000", "2017-02-28": "-3809.00000", "2016-11-30": "-3810.00000", "2016-08-31": "-2992.00000", "2016-05-31": "-1277.00000", "2016-02-29": "-1868.00000", "2015-11-30": "-658.00000", "2015-08-31": "-214.00000", "2015-05-31": "-141.00000", "2015-02-28": "-68.00000", "2014-11-30": "222.00000", "2014-08-31": "136.00000", "2014-05-31": "202.00000", "2014-02-28": "126.00000", "2013-11-30": "22.00000", "2013-08-31": "-98.00000", "2013-05-31": "-121.00000", "2013-02-28": "35.00000", "2012-11-30": "45.00000", "2012-08-31": "68.00000", "2012-05-31": "15.00000", "2012-02-29": "15.00000", "2011-11-30": "15.00000", "2011-08-31": "16.00000", "2011-05-31": "-22.00000", "2011-02-28": "-22.00000", "2010-11-30": "-23.00000", "2010-08-31": "-24.00000", "2010-05-31": "35.00000", "2010-02-28": "36.00000", "2009-11-30": "36.00000", "2009-08-31": "37.00000", "2009-05-31": "59.00000", "2009-02-28": "9.00000", "2008-11-30": "9.00000", "2008-08-31": "9.00000", "2008-05-31": "-4.00000", "2008-02-29": "-4.00000", "2007-11-30": "-4.00000", "2007-08-31": "-4.00000", "2007-05-31": "", "2007-02-28": "", "2006-11-30": "", "2006-08-31": "", "2006-05-31": "", "2006-02-28": "", "2005-11-30": "", "2005-08-31": "", "2005-05-31": "", "2005-02-28": ""}, "Other Share Holders Equity": {"2020-11-30": "", "2020-08-31": "", "2020-05-31": "", "2020-02-29": "", "2019-11-30": "", "2019-08-31": "", "2019-05-31": "", "2019-02-28": "", "2018-11-30": "", "2018-08-31": "", "2018-05-31": "", "2018-02-28": "", "2017-11-30": "", "2017-08-31": "", "2017-05-31": "", "2017-02-28": "", "2016-11-30": "", "2016-08-31": "-1.00000", "2016-05-31": "-1.00000", "2016-02-29": "-1.00000", "2015-11-30": "-2.00000", "2015-08-31": "-2.00000", "2015-05-31": "-3.00000", "2015-02-28": "-3.00000", "2014-11-30": "-4.00000", "2014-08-31": "-5.00000", "2014-05-31": "-7.00000", "2014-02-28": "-9.00000", "2013-11-30": "-10.00000", "2013-08-31": "-11.00000", "2013-05-31": "-12.00000", "2013-02-28": "-13.00000", "2012-11-30": "-15.00000", "2012-08-31": "-19.00000", "2012-05-31": "-32.00000", "2012-02-29": "-11.00000", "2011-11-30": "-22.00000", "2011-08-31": "-34.00000", "2011-05-31": "-46.00000", "2011-02-28": "-59.00000", "2010-11-30": "-74.00000", "2010-08-31": "-87.00000", "2010-05-31": "-101.00000", "2010-02-28": "-114.00000", "2009-11-30": "-127.00000", "2009-08-31": "-140.00000", "2009-05-31": "-155.00000", "2009-02-28": "-168.00000", "2008-11-30": "-47.00000", "2008-08-31": "-36.00000", "2008-05-31": "-44.00000", "2008-02-29": "-55.00000", "2007-11-30": "-58.00000", "2007-08-31": "-52.00000", "2007-05-31": "-59.10000", "2007-02-28": "-66.40000", "2006-11-30": "-66.40000", "2006-08-31": "-70.30000", "2006-05-31": "-75.70000", "2006-02-28": "-81.70000", "2005-11-30": "-84.50000", "2005-08-31": "-76.80000", "2005-05-31": "-83.90000", "2005-02-28": "-87.90000"}, "Share Holder Equity": {"2020-11-30": "20563.00000", "2020-08-31": "21136.00000", "2020-05-31": "21323.00000", "2020-02-29": "24334.00000", "2019-11-30": "24314.00000", "2019-08-31": "24152.00000", "2019-05-31": "24771.00000", "2019-02-28": "25413.00000", "2018-11-30": "26263.00000", "2018-08-31": "26689.00000", "2018-05-31": "28470.00000", "2018-02-28": "28178.00000", "2017-11-30": "26756.00000", "2017-08-31": "28274.00000", "2017-05-31": "31484.00000", "2017-02-28": "30421.00000", "2016-11-30": "29692.00000", "2016-08-31": "30281.00000", "2016-05-31": "31314.00000", "2016-02-29": "29918.00000", "2015-11-30": "31154.00000", "2015-08-31": "31300.00000", "2015-05-31": "31929.00000", "2015-02-28": "31026.00000", "2014-11-30": "20767.00000", "2014-08-31": "20617.00000", "2014-05-31": "21485.00000", "2014-02-28": "20833.00000", "2013-11-30": "20056.00000", "2013-08-31": "19454.00000", "2013-05-31": "18980.00000", "2013-02-28": "18973.00000", "2012-11-30": "18379.00000", "2012-08-31": "18236.00000", "2012-05-31": "15040.00000", "2012-02-29": "14816.00000", "2011-11-30": "14674.00000", "2011-08-31": "14847.00000", "2011-05-31": "14723.00000", "2011-02-28": "14681.00000", "2010-11-30": "14363.00000", "2010-08-31": "14400.00000", "2010-05-31": "15112.00000", "2010-02-28": "14948.00000", "2009-11-30": "14621.00000", "2009-08-31": "14376.00000", "2009-05-31": "14187.00000", "2009-02-28": "13679.00000", "2008-11-30": "13131.00000", "2008-08-31": "12869.00000", "2008-05-31": "12535.00000", "2008-02-29": "12063.00000", "2007-11-30": "11490.00000", "2007-08-31": "11104.00000", "2007-05-31": "10901.40000", "2007-02-28": "10566.30000", "2006-11-30": "10154.50000", "2006-08-31": "10115.80000", "2006-05-31": "9789.30000", "2006-02-28": "9453.10000", "2005-11-30": "9105.80000", "2005-08-31": "8889.70000", "2005-05-31": "8716.50000", "2005-02-28": "8665.20000"}, "Total Liabilities And Share Holders Equity": {"2020-11-30": "89167.00000", "2020-08-31": "87174.00000", "2020-05-31": "86444.00000", "2020-02-29": "90003.00000", "2019-11-30": "90807.00000", "2019-08-31": "67598.00000", "2019-05-31": "68586.00000", "2019-02-28": "70434.00000", "2018-11-30": "69941.00000", "2018-08-31": "68124.00000", "2018-05-31": "70152.00000", "2018-02-28": "70816.00000", "2017-11-30": "66618.00000", "2017-08-31": "66009.00000", "2017-05-31": "74173.00000", "2017-02-28": "72505.00000", "2016-11-30": "71912.00000", "2016-08-31": "72688.00000", "2016-05-31": "67333.00000", "2016-02-29": "66385.00000", "2015-11-30": "68657.00000", "2015-08-31": "68782.00000", "2015-05-31": "70644.00000", "2015-02-28": "71357.00000", "2014-11-30": "48612.00000", "2014-08-31": "37250.00000", "2014-05-31": "37391.00000", "2014-02-28": "37081.00000", "2013-11-30": "36481.00000", "2013-08-31": "35481.00000", "2013-05-31": "35841.00000", "2013-02-28": "35564.00000", "2012-11-30": "35259.00000", "2012-08-31": "33462.00000", "2012-05-31": "27199.00000", "2012-02-29": "26622.00000", "2011-11-30": "27429.00000", "2011-08-31": "27454.00000", "2011-05-31": "27316.00000", "2011-02-28": "26878.00000", "2010-11-30": "27044.00000", "2010-08-31": "26275.00000", "2010-05-31": "26707.00000", "2010-02-28": "26334.00000", "2009-11-30": "26548.00000", "2009-08-31": "25142.00000", "2009-05-31": "25143.00000", "2009-02-28": "24825.00000", "2008-11-30": "24513.00000", "2008-08-31": "22410.00000", "2008-05-31": "21588.00000", "2008-02-29": "20748.00000", "2007-11-30": "20476.00000", "2007-08-31": "19314.00000", "2007-05-31": "17944.30000", "2007-02-28": "17668.90000", "2006-11-30": "18026.00000", "2006-08-31": "17131.10000", "2006-05-31": "16441.70000", "2006-02-28": "15639.10000", "2005-11-30": "15402.10000", "2005-08-31": "14608.80000", "2005-05-31": "14341.60000", "2005-02-28": "14174.00000"}}, "cash flow statement": {"Net Income/Loss": {"2020-08-31": "424.00000", "2019-08-31": "3962.00000", "2018-08-31": "5031.00000", "2017-08-31": "4101.00000", "2016-08-31": "4191.00000", "2015-08-31": "4279.00000", "2014-08-31": "2031.00000", "2013-08-31": "2548.00000", "2012-08-31": "2127.00000", "2011-08-31": "2714.00000", "2010-08-31": "2091.00000", "2009-08-31": "2006.00000", "2008-08-31": "2157.00000", "2007-08-31": "2041.00000", "2006-08-31": "1751.00000", "2005-08-31": "1559.50000"}, "Total Depreciation And Amortization - Cash Flow": {"2020-08-31": "1927.00000", "2019-08-31": "2038.00000", "2018-08-31": "1770.00000", "2017-08-31": "1654.00000", "2016-08-31": "1718.00000", "2015-08-31": "1742.00000", "2014-08-31": "1316.00000", "2013-08-31": "1283.00000", "2012-08-31": "1166.00000", "2011-08-31": "1086.00000", "2010-08-31": "1030.00000", "2009-08-31": "975.00000", "2008-08-31": "840.00000", "2007-08-31": "676.00000", "2006-08-31": "572.00000", "2005-08-31": "482.10000"}, "Other Non-Cash Items": {"2020-08-31": "2192.00000", "2019-08-31": "334.00000", "2018-08-31": "-477.00000", "2017-08-31": "-122.00000", "2016-08-31": "256.00000", "2015-08-31": "-852.00000", "2014-08-31": "336.00000", "2013-08-31": "-197.00000", "2012-08-31": "407.00000", "2011-08-31": "-114.00000", "2010-08-31": "207.00000", "2009-08-31": "357.00000", "2008-08-31": "21.00000", "2007-08-31": "106.00000", "2006-08-31": "-13.00000", "2005-08-31": "-43.60000"}, "Total Non-Cash Items": {"2020-08-31": "4119.00000", "2019-08-31": "2372.00000", "2018-08-31": "1293.00000", "2017-08-31": "1532.00000", "2016-08-31": "1974.00000", "2015-08-31": "890.00000", "2014-08-31": "1652.00000", "2013-08-31": "1086.00000", "2012-08-31": "1573.00000", "2011-08-31": "972.00000", "2010-08-31": "1237.00000", "2009-08-31": "1332.00000", "2008-08-31": "861.00000", "2007-08-31": "782.00000", "2006-08-31": "559.00000", "2005-08-31": "438.50000"}, "Change In Accounts Receivable": {"2020-08-31": "163.00000", "2019-08-31": "-789.00000", "2018-08-31": "-391.00000", "2017-08-31": "-153.00000", "2016-08-31": "115.00000", "2015-08-31": "-338.00000", "2014-08-31": "-616.00000", "2013-08-31": "-449.00000", "2012-08-31": "394.00000", "2011-08-31": "-243.00000", "2010-08-31": "124.00000", "2009-08-31": "6.00000", "2008-08-31": "-365.00000", "2007-08-31": "-40.00000", "2006-08-31": "-619.00000", "2005-08-31": "-224.90000"}, "Change In Inventories": {"2020-08-31": "63.00000", "2019-08-31": "141.00000", "2018-08-31": "331.00000", "2017-08-31": "98.00000", "2016-08-31": "-644.00000", "2015-08-31": "719.00000", "2014-08-31": "860.00000", "2013-08-31": "321.00000", "2012-08-31": "1083.00000", "2011-08-31": "-592.00000", "2010-08-31": "-307.00000", "2009-08-31": "533.00000", "2008-08-31": "-412.00000", "2007-08-31": "-676.00000", "2006-08-31": "-376.00000", "2005-08-31": "-854.00000"}, "Change In Accounts Payable": {"2020-08-31": "-25.00000", "2019-08-31": "954.00000", "2018-08-31": "1352.00000", "2017-08-31": "1684.00000", "2016-08-31": "1572.00000", "2015-08-31": "268.00000", "2014-08-31": "-339.00000", "2013-08-31": "182.00000", "2012-08-31": "-439.00000", "2011-08-31": "384.00000", "2010-08-31": "167.00000", "2009-08-31": "11.00000", "2008-08-31": "550.00000", "2007-08-31": "-128.00000", "2006-08-31": "876.00000", "2005-08-31": "276.70000"}, "Change In Assets/Liabilities": {"2020-08-31": "-47.00000", "2019-08-31": "-266.00000", "2018-08-31": "-333.00000", "2017-08-31": "77.00000", "2016-08-31": "124.00000", "2015-08-31": "11.00000", "2014-08-31": "93.00000", "2013-08-31": "86.00000", "2012-08-31": "105.00000", "2011-08-31": "88.00000", "2010-08-31": "160.00000", "2009-08-31": "52.00000", "2008-08-31": "84.00000", "2007-08-31": "76.00000", "2006-08-31": "112.00000", "2005-08-31": "65.10000"}, "Total Change In Assets/Liabilities": {"2020-08-31": "941.00000", "2019-08-31": "-740.00000", "2018-08-31": "1940.00000", "2017-08-31": "1622.00000", "2016-08-31": "1682.00000", "2015-08-31": "495.00000", "2014-08-31": "210.00000", "2013-08-31": "667.00000", "2012-08-31": "731.00000", "2011-08-31": "-43.00000", "2010-08-31": "416.00000", "2009-08-31": "773.00000", "2008-08-31": "21.00000", "2007-08-31": "-466.00000", "2006-08-31": "130.00000", "2005-08-31": "-626.80000"}, "Cash Flow From Operating Activities": {"2020-08-31": "5484.00000", "2019-08-31": "5594.00000", "2018-08-31": "8263.00000", "2017-08-31": "7255.00000", "2016-08-31": "7847.00000", "2015-08-31": "5664.00000", "2014-08-31": "3893.00000", "2013-08-31": "4301.00000", "2012-08-31": "4431.00000", "2011-08-31": "3643.00000", "2010-08-31": "3744.00000", "2009-08-31": "4111.00000", "2008-08-31": "3039.00000", "2007-08-31": "2357.00000", "2006-08-31": "2440.00000", "2005-08-31": "1371.20000"}, "Net Change In Property, Plant, And Equipment": {"2020-08-31": "-650.00000", "2019-08-31": "-1699.00000", "2018-08-31": "-1367.00000", "2017-08-31": "-907.00000", "2016-08-31": "-1265.00000", "2015-08-31": "-384.00000", "2014-08-31": "-1039.00000", "2013-08-31": "-1097.00000", "2012-08-31": "-1550.00000", "2011-08-31": "-1213.00000", "2010-08-31": "-1014.00000", "2009-08-31": "-1927.00000", "2008-08-31": "-2208.00000", "2007-08-31": "-1745.00000", "2006-08-31": "-1315.00000", "2005-08-31": "-1222.00000"}, "Net Change In Intangible Assets": {"2020-08-31": "", "2019-08-31": "", "2018-08-31": "", "2017-08-31": "", "2016-08-31": "", "2015-08-31": "", "2014-08-31": "", "2013-08-31": "", "2012-08-31": "", "2011-08-31": "", "2010-08-31": "", "2009-08-31": "", "2008-08-31": "", "2007-08-31": "", "2006-08-31": "", "2005-08-31": ""}, "Net Acquisitions/Divestitures": {"2020-08-31": "-718.00000", "2019-08-31": "-741.00000", "2018-08-31": "-4793.00000", "2017-08-31": "-88.00000", "2016-08-31": "103.00000", "2015-08-31": "-4018.00000", "2014-08-31": "-251.00000", "2013-08-31": "-610.00000", "2012-08-31": "-536.00000", "2011-08-31": "-188.00000", "2010-08-31": "-779.00000", "2009-08-31": "-405.00000", "2008-08-31": "-620.00000", "2007-08-31": "-1086.00000", "2006-08-31": "-485.00000", "2005-08-31": ""}, "Net Change In Short-term Investments": {"2020-08-31": "", "2019-08-31": "", "2018-08-31": "", "2017-08-31": "", "2016-08-31": "", "2015-08-31": "", "2014-08-31": "", "2013-08-31": "-50.00000", "2012-08-31": "0.00000", "2011-08-31": "0.00000", "2010-08-31": "500.00000", "2009-08-31": "-500.00000", "2008-08-31": "", "2007-08-31": "429.00000", "2006-08-31": "106.00000", "2005-08-31": "777.90000"}, "Net Change In Long-Term Investments": {"2020-08-31": "", "2019-08-31": "", "2018-08-31": "", "2017-08-31": "", "2016-08-31": "-2360.00000", "2015-08-31": "", "2014-08-31": "-493.00000", "2013-08-31": "-224.00000", "2012-08-31": "-4025.00000", "2011-08-31": "", "2010-08-31": "", "2009-08-31": "", "2008-08-31": "", "2007-08-31": "", "2006-08-31": "", "2005-08-31": ""}, "Net Change In Investments - Total": {"2020-08-31": "", "2019-08-31": "", "2018-08-31": "", "2017-08-31": "", "2016-08-31": "-2360.00000", "2015-08-31": "", "2014-08-31": "-493.00000", "2013-08-31": "-274.00000", "2012-08-31": "-4025.00000", "2011-08-31": "", "2010-08-31": "500.00000", "2009-08-31": "-500.00000", "2008-08-31": "", "2007-08-31": "429.00000", "2006-08-31": "106.00000", "2005-08-31": "777.90000"}, "Investing Activities - Other": {"2020-08-31": "71.00000", "2019-08-31": "133.00000", "2018-08-31": "659.00000", "2017-08-31": "152.00000", "2016-08-31": "5.00000", "2015-08-31": "126.00000", "2014-08-31": "52.00000", "2013-08-31": "-15.00000", "2012-08-31": "251.00000", "2011-08-31": "-124.00000", "2010-08-31": "19.00000", "2009-08-31": "56.00000", "2008-08-31": "10.00000", "2007-08-31": "6.00000", "2006-08-31": "10.00000", "2005-08-31": "10.10000"}, "Cash Flow From Investing Activities": {"2020-08-31": "-1297.00000", "2019-08-31": "-2307.00000", "2018-08-31": "-5501.00000", "2017-08-31": "-843.00000", "2016-08-31": "-3517.00000", "2015-08-31": "-4276.00000", "2014-08-31": "-1731.00000", "2013-08-31": "-1996.00000", "2012-08-31": "-5860.00000", "2011-08-31": "-1525.00000", "2010-08-31": "-1274.00000", "2009-08-31": "-2776.00000", "2008-08-31": "-2818.00000", "2007-08-31": "-2396.00000", "2006-08-31": "-1684.00000", "2005-08-31": "-434.00000"}, "Net Long-Term Debt": {"2020-08-31": "-1047.00000", "2019-08-31": "1972.00000", "2018-08-31": "1010.00000", "2017-08-31": "-6196.00000", "2016-08-31": "5200.00000", "2015-08-31": "1813.00000", "2014-08-31": "-282.00000", "2013-08-31": "-300.00000", "2012-08-31": "3000.00000", "2011-08-31": "-17.00000", "2010-08-31": "-576.00000", "2009-08-31": "987.00000", "2008-08-31": "1258.00000", "2007-08-31": "-141.00000", "2006-08-31": "", "2005-08-31": ""}, "Net Current Debt": {"2020-08-31": "-161.00000", "2019-08-31": "536.00000", "2018-08-31": "586.00000", "2017-08-31": "33.00000", "2016-08-31": "29.00000", "2015-08-31": "-226.00000", "2014-08-31": "", "2013-08-31": "", "2012-08-31": "", "2011-08-31": "", "2010-08-31": "", "2009-08-31": "-70.00000", "2008-08-31": "-802.00000", "2007-08-31": "636.00000", "2006-08-31": "214.00000", "2005-08-31": ""}, "Debt Issuance/Retirement Net - Total": {"2020-08-31": "-1208.00000", "2019-08-31": "2508.00000", "2018-08-31": "1596.00000", "2017-08-31": "-6163.00000", "2016-08-31": "5229.00000", "2015-08-31": "1587.00000", "2014-08-31": "-282.00000", "2013-08-31": "-300.00000", "2012-08-31": "3000.00000", "2011-08-31": "-17.00000", "2010-08-31": "-576.00000", "2009-08-31": "917.00000", "2008-08-31": "456.00000", "2007-08-31": "495.00000", "2006-08-31": "214.00000", "2005-08-31": ""}, "Net Common Equity Issued/Repurchased": {"2020-08-31": "-1534.00000", "2019-08-31": "-3986.00000", "2018-08-31": "-5054.00000", "2017-08-31": "-5003.00000", "2016-08-31": "-917.00000", "2015-08-31": "-723.00000", "2014-08-31": "-93.00000", "2013-08-31": "-129.00000", "2012-08-31": "-1026.00000", "2011-08-31": "-1793.00000", "2010-08-31": "-1523.00000", "2009-08-31": "-141.00000", "2008-08-31": "-84.00000", "2007-08-31": "-798.00000", "2006-08-31": "-350.00000", "2005-08-31": "-604.30000"}, "Net Total Equity Issued/Repurchased": {"2020-08-31": "-1534.00000", "2019-08-31": "-3986.00000", "2018-08-31": "-5054.00000", "2017-08-31": "-5003.00000", "2016-08-31": "-917.00000", "2015-08-31": "-723.00000", "2014-08-31": "-93.00000", "2013-08-31": "-129.00000", "2012-08-31": "-1026.00000", "2011-08-31": "-1793.00000", "2010-08-31": "-1523.00000", "2009-08-31": "-141.00000", "2008-08-31": "-84.00000", "2007-08-31": "-798.00000", "2006-08-31": "-350.00000", "2005-08-31": "-604.30000"}, "Total Common And Preferred Stock Dividends Paid": {"2020-08-31": "-1747.00000", "2019-08-31": "-1643.00000", "2018-08-31": "-1739.00000", "2017-08-31": "-1723.00000", "2016-08-31": "-1563.00000", "2015-08-31": "-1384.00000", "2014-08-31": "-1199.00000", "2013-08-31": "-1040.00000", "2012-08-31": "-787.00000", "2011-08-31": "-647.00000", "2010-08-31": "-541.00000", "2009-08-31": "-446.00000", "2008-08-31": "-376.00000", "2007-08-31": "-310.00000", "2006-08-31": "-263.00000", "2005-08-31": "-214.50000"}, "Financial Activities - Other": {"2020-08-31": "-157.00000", "2019-08-31": "75.00000", "2018-08-31": "-98.00000", "2017-08-31": "-45.00000", "2016-08-31": "-143.00000", "2015-08-31": "-395.00000", "2014-08-31": "-48.00000", "2013-08-31": "-27.00000", "2012-08-31": "-17.00000", "2011-08-31": "15.00000", "2010-08-31": "-37.00000", "2009-08-31": "-21.00000", "2008-08-31": "-29.00000", "2007-08-31": "-13.00000", "2006-08-31": "-14.00000", "2005-08-31": "14.40000"}, "Cash Flow From Financial Activities": {"2020-08-31": "-4647.00000", "2019-08-31": "-3047.00000", "2018-08-31": "-5295.00000", "2017-08-31": "-12934.00000", "2016-08-31": "2606.00000", "2015-08-31": "-915.00000", "2014-08-31": "-1622.00000", "2013-08-31": "-1496.00000", "2012-08-31": "1170.00000", "2011-08-31": "-2442.00000", "2010-08-31": "-2677.00000", "2009-08-31": "309.00000", "2008-08-31": "-33.00000", "2007-08-31": "-626.00000", "2006-08-31": "-413.00000", "2005-08-31": "-804.40000"}, "Net Cash Flow": {"2020-08-31": "-460.00000", "2019-08-31": "232.00000", "2018-08-31": "-2522.00000", "2017-08-31": "-6496.00000", "2016-08-31": "6807.00000", "2015-08-31": "354.00000", "2014-08-31": "540.00000", "2013-08-31": "809.00000", "2012-08-31": "-259.00000", "2011-08-31": "-324.00000", "2010-08-31": "-207.00000", "2009-08-31": "1644.00000", "2008-08-31": "188.00000", "2007-08-31": "-665.00000", "2006-08-31": "343.00000", "2005-08-31": "132.80000"}, "Stock-Based Compensation": {"2020-08-31": "137.00000", "2019-08-31": "119.00000", "2018-08-31": "130.00000", "2017-08-31": "91.00000", "2016-08-31": "115.00000", "2015-08-31": "109.00000", "2014-08-31": "114.00000", "2013-08-31": "104.00000", "2012-08-31": "99.00000", "2011-08-31": "135.00000", "2010-08-31": "84.00000", "2009-08-31": "84.00000", "2008-08-31": "68.00000", "2007-08-31": "74.00000", "2006-08-31": "103.00000", "2005-08-31": ""}, "Common Stock Dividends Paid": {"2020-08-31": "-1747.00000", "2019-08-31": "-1643.00000", "2018-08-31": "-1739.00000", "2017-08-31": "-1723.00000", "2016-08-31": "-1563.00000", "2015-08-31": "-1384.00000", "2014-08-31": "-1199.00000", "2013-08-31": "-1040.00000", "2012-08-31": "-787.00000", "2011-08-31": "-647.00000", "2010-08-31": "-541.00000", "2009-08-31": "-446.00000", "2008-08-31": "-376.00000", "2007-08-31": "-310.00000", "2006-08-31": "-263.00000", "2005-08-31": "-214.50000"}}, "cash flow statement, quarterly": {"Net Income/Loss": {"2020-11-30": "-299.00000", "2020-08-31": 356, "2020-05-31": -1725, "2020-02-29": 951, "2019-11-30": "842.00000", "2019-08-31": 687, "2019-05-31": 1037, "2019-02-28": 1138, "2018-11-30": "1100.00000", "2018-08-31": 1514, "2018-05-31": 1346, "2018-02-28": 1349, "2017-11-30": "822.00000", "2017-08-31": 807, "2017-05-31": 1165, "2017-02-28": 1062, "2016-11-30": "1067.00000", "2016-08-31": 1035, "2016-05-31": 1107, "2016-02-29": 932, "2015-11-30": "1117.00000", "2015-08-31": 32, "2015-05-31": 1310, "2015-02-28": 2060, "2014-11-30": "877.00000", "2014-08-31": -187, "2014-05-31": 756, "2014-02-28": 758, "2013-11-30": "704.00000", "2013-08-31": 755, "2013-05-31": 624, "2013-02-28": 756, "2012-11-30": "413.00000", "2012-08-31": 353, "2012-05-31": 537, "2012-02-29": 683, "2011-11-30": "554.00000", "2011-08-31": 792, "2011-05-31": 603, "2011-02-28": 739, "2010-11-30": "580.00000", "2010-08-31": 470, "2010-05-31": 463, "2010-02-28": 669, "2009-11-30": "489.00000", "2009-08-31": 436, "2009-05-31": 522, "2009-02-28": 640, "2008-11-30": "408.00000", "2008-08-31": 443, "2008-05-31": 573, "2008-02-29": 685, "2007-11-30": "456.00000", "2007-08-31": 396.2, "2007-05-31": 561.2, "2007-02-28": 651.9, "2006-11-30": "431.70000", "2006-08-31": 412.7, "2006-05-31": 469.2, "2006-02-28": 523.5, "2005-11-30": "345.60000", "2005-08-31": 329, "2005-05-31": 1230.5, "2005-02-28": 0}, "Total Depreciation And Amortization - Cash Flow": {"2020-11-30": "475.00000", "2020-08-31": -1521, "2020-05-31": 2479, "2020-02-29": 492, "2019-11-30": "477.00000", "2019-08-31": 526, "2019-05-31": 522, "2019-02-28": 500, "2018-11-30": "490.00000", "2018-08-31": 470, "2018-05-31": 442, "2018-02-28": 442, "2017-11-30": "416.00000", "2017-08-31": 410, "2017-05-31": 413, "2017-02-28": 412, "2016-11-30": "419.00000", "2016-08-31": 447, "2016-05-31": 447, "2016-02-29": 442, "2015-11-30": "382.00000", "2015-08-31": 478, "2015-05-31": 438, "2015-02-28": 507, "2014-11-30": "319.00000", "2014-08-31": 315, "2014-05-31": 338, "2014-02-28": 331, "2013-11-30": "332.00000", "2013-08-31": 325, "2013-05-31": 318, "2013-02-28": 327, "2012-11-30": "313.00000", "2012-08-31": 310, "2012-05-31": 296, "2012-02-29": 283, "2011-11-30": "277.00000", "2011-08-31": 288, "2011-05-31": 269, "2011-02-28": 256, "2010-11-30": "273.00000", "2010-08-31": 262, "2010-05-31": 263, "2010-02-28": 248, "2009-11-30": "257.00000", "2009-08-31": 234, "2009-05-31": 264, "2009-02-28": 241, "2008-11-30": "236.00000", "2008-08-31": 232, "2008-05-31": 211, "2008-02-29": 202, "2007-11-30": "195.00000", "2007-08-31": 180.1, "2007-05-31": 177.2, "2007-02-28": 158.5, "2006-11-30": "160.20000", "2006-08-31": 163.3, "2006-05-31": 137, "2006-02-28": 138.7, "2005-11-30": "133.00000", "2005-08-31": 129.9, "2005-05-31": 352.2, "2005-02-28": 0}, "Other Non-Cash Items": {"2020-11-30": "967.00000", "2020-08-31": 2185, "2020-05-31": -5, "2020-02-29": 22, "2019-11-30": "-10.00000", "2019-08-31": 220, "2019-05-31": -120, "2019-02-28": 140, "2018-11-30": "94.00000", "2018-08-31": -268, "2018-05-31": 232, "2018-02-28": -654, "2017-11-30": "213.00000", "2017-08-31": -121, "2017-05-31": 76, "2017-02-28": -94, "2016-11-30": "17.00000", "2016-08-31": -374, "2016-05-31": -21, "2016-02-29": 617, "2015-11-30": "34.00000", "2015-08-31": 532, "2015-05-31": -72, "2015-02-28": -985, "2014-11-30": "-327.00000", "2014-08-31": 658, "2014-05-31": 45, "2014-02-28": -235, "2013-11-30": "-132.00000", "2013-08-31": -63, "2013-05-31": -125, "2013-02-28": -98, "2012-11-30": "89.00000", "2012-08-31": 238, "2012-05-31": 109, "2012-02-29": 1, "2011-11-30": "59.00000", "2011-08-31": -356, "2011-05-31": 112, "2011-02-28": 101, "2010-11-30": "29.00000", "2010-08-31": 128, "2010-05-31": 52, "2010-02-28": -1, "2009-11-30": "28.00000", "2009-08-31": 28, "2009-05-31": 250, "2009-02-28": 27, "2008-11-30": "52.00000", "2008-08-31": 16, "2008-05-31": 60, "2008-02-29": -18, "2007-11-30": "-37.00000", "2007-08-31": 52.3, "2007-05-31": 47.1, "2007-02-28": -6.5, "2006-11-30": "13.10000", "2006-08-31": -98.4, "2006-05-31": 44.4, "2006-02-28": 27.9, "2005-11-30": "13.10000", "2005-08-31": -87.4, "2005-05-31": 43.8, "2005-02-28": 0}, "Total Non-Cash Items": {"2020-11-30": "1442.00000", "2020-08-31": 664, "2020-05-31": 2474, "2020-02-29": 514, "2019-11-30": "467.00000", "2019-08-31": 746, "2019-05-31": 402, "2019-02-28": 640, "2018-11-30": "584.00000", "2018-08-31": 202, "2018-05-31": 674, "2018-02-28": -212, "2017-11-30": "629.00000", "2017-08-31": 289, "2017-05-31": 489, "2017-02-28": 318, "2016-11-30": "436.00000", "2016-08-31": 73, "2016-05-31": 426, "2016-02-29": 1059, "2015-11-30": "416.00000", "2015-08-31": 1010, "2015-05-31": 366, "2015-02-28": -478, "2014-11-30": "-8.00000", "2014-08-31": 973, "2014-05-31": 383, "2014-02-28": 96, "2013-11-30": "200.00000", "2013-08-31": 262, "2013-05-31": 193, "2013-02-28": 229, "2012-11-30": "402.00000", "2012-08-31": 548, "2012-05-31": 405, "2012-02-29": 284, "2011-11-30": "336.00000", "2011-08-31": -68, "2011-05-31": 381, "2011-02-28": 357, "2010-11-30": "302.00000", "2010-08-31": 390, "2010-05-31": 315, "2010-02-28": 247, "2009-11-30": "285.00000", "2009-08-31": 262, "2009-05-31": 514, "2009-02-28": 268, "2008-11-30": "288.00000", "2008-08-31": 248, "2008-05-31": 271, "2008-02-29": 184, "2007-11-30": "158.00000", "2007-08-31": 232.4, "2007-05-31": 224.3, "2007-02-28": 152, "2006-11-30": "173.30000", "2006-08-31": 64.9, "2006-05-31": 181.4, "2006-02-28": 166.6, "2005-11-30": "146.10000", "2005-08-31": 42.5, "2005-05-31": 396, "2005-02-28": 0}, "Change In Accounts Receivable": {"2020-11-30": "-259.00000", "2020-08-31": 22, "2020-05-31": 465, "2020-02-29": -208, "2019-11-30": "-116.00000", "2019-08-31": -59, "2019-05-31": 434, "2019-02-28": -649, "2018-11-30": "-515.00000", "2018-08-31": 371, "2018-05-31": -125, "2018-02-28": -275, "2017-11-30": "-362.00000", "2017-08-31": 0, "2017-05-31": -342, "2017-02-28": 448, "2016-11-30": "-259.00000", "2016-08-31": 107, "2016-05-31": 160, "2016-02-29": 14, "2015-11-30": "-166.00000", "2015-08-31": -65, "2015-05-31": 118, "2015-02-28": -38, "2014-11-30": "-353.00000", "2014-08-31": -205, "2014-05-31": -294, "2014-02-28": -43, "2013-11-30": "-74.00000", "2013-08-31": -235, "2013-05-31": 78, "2013-02-28": -194, "2012-11-30": "-98.00000", "2012-08-31": 164, "2012-05-31": 194, "2012-02-29": 125, "2011-11-30": "-89.00000", "2011-08-31": -129, "2011-05-31": -57, "2011-02-28": -27, "2010-11-30": "-30.00000", "2010-08-31": 263, "2010-05-31": 5, "2010-02-28": -90, "2009-11-30": "-54.00000", "2009-08-31": 304, "2009-05-31": 50, "2009-02-28": -35, "2008-11-30": "-313.00000", "2008-08-31": -92, "2008-05-31": -21, "2008-02-29": -94, "2007-11-30": "-158.00000", "2007-08-31": -98.1, "2007-05-31": -23.6, "2007-02-28": 324.2, "2006-11-30": "-242.50000", "2006-08-31": 11.6, "2006-05-31": -191.4, "2006-02-28": -366.3, "2005-11-30": "-72.90000", "2005-08-31": 119.4, "2005-05-31": -344.3, "2005-02-28": 0}, "Change In Inventories": {"2020-11-30": "-1225.00000", "2020-08-31": 290, "2020-05-31": 15, "2020-02-29": 857, "2019-11-30": "-1099.00000", "2019-08-31": 495, "2019-05-31": 203, "2019-02-28": 867, "2018-11-30": "-1424.00000", "2018-08-31": 101, "2018-05-31": 544, "2018-02-28": 704, "2017-11-30": "-1018.00000", "2017-08-31": -161, "2017-05-31": 766, "2017-02-28": 823, "2016-11-30": "-1330.00000", "2016-08-31": -163, "2016-05-31": 72, "2016-02-29": 753, "2015-11-30": "-1306.00000", "2015-08-31": 40, "2015-05-31": 573, "2015-02-28": 542, "2014-11-30": "-436.00000", "2014-08-31": 367, "2014-05-31": 781, "2014-02-28": 527, "2013-11-30": "-815.00000", "2013-08-31": 33, "2013-05-31": 381, "2013-02-28": 605, "2012-11-30": "-698.00000", "2012-08-31": -23, "2012-05-31": 382, "2012-02-29": 902, "2011-11-30": "-178.00000", "2011-08-31": -441, "2011-05-31": 60, "2011-02-28": 315, "2010-11-30": "-526.00000", "2010-08-31": -270, "2010-05-31": 345, "2010-02-28": 300, "2009-11-30": "-682.00000", "2009-08-31": 107, "2009-05-31": 724, "2009-02-28": 738, "2008-11-30": "-1036.00000", "2008-08-31": -179, "2008-05-31": 266, "2008-02-29": 254, "2007-11-30": "-753.00000", "2007-08-31": -298.6, "2007-05-31": 103.5, "2007-02-28": 467.5, "2006-11-30": "-948.40000", "2006-08-31": -436.2, "2006-05-31": 73.5, "2006-02-28": 625.8, "2005-11-30": "-639.10000", "2005-08-31": -388, "2005-05-31": -466, "2005-02-28": 0}, "Change In Accounts Payable": {"2020-11-30": "1398.00000", "2020-08-31": 185, "2020-05-31": -765, "2020-02-29": -369, "2019-11-30": "924.00000", "2019-08-31": 292, "2019-05-31": -20, "2019-02-28": -415, "2018-11-30": "1097.00000", "2018-08-31": 677, "2018-05-31": 76, "2018-02-28": -444, "2017-11-30": "1043.00000", "2017-08-31": 863, "2017-05-31": 32, "2017-02-28": -95, "2016-11-30": "884.00000", "2016-08-31": 886, "2016-05-31": 526, "2016-02-29": -580, "2015-11-30": "740.00000", "2015-08-31": 249, "2015-05-31": -344, "2015-02-28": -511, "2014-11-30": "874.00000", "2014-08-31": 86, "2014-05-31": -254, "2014-02-28": -268, "2013-11-30": "97.00000", "2013-08-31": 104, "2013-05-31": 141, "2013-02-28": -452, "2012-11-30": "389.00000", "2012-08-31": -50, "2012-05-31": 229, "2012-02-29": -586, "2011-11-30": "-32.00000", "2011-08-31": -46, "2011-05-31": 125, "2011-02-28": -65, "2010-11-30": "370.00000", "2010-08-31": 4, "2010-05-31": -139, "2010-02-28": -433, "2009-11-30": "735.00000", "2009-08-31": -292, "2009-05-31": -335, "2009-02-28": -98, "2008-11-30": "736.00000", "2008-08-31": 120, "2008-05-31": -22, "2008-02-29": 79, "2007-11-30": "373.00000", "2007-08-31": -11.5, "2007-05-31": -174.8, "2007-02-28": -668.8, "2006-11-30": "727.10000", "2006-08-31": 68.6, "2006-05-31": 460.8, "2006-02-28": -34.3, "2005-11-30": "380.90000", "2005-08-31": 91.1, "2005-05-31": 185.6, "2005-02-28": 0}, "Change In Assets/Liabilities": {"2020-11-30": "110.00000", "2020-08-31": -4, "2020-05-31": 20, "2020-02-29": -59, "2019-11-30": "-4.00000", "2019-08-31": -15, "2019-05-31": -86, "2019-02-28": -28, "2018-11-30": "-137.00000", "2018-08-31": -219, "2018-05-31": 4, "2018-02-28": 23, "2017-11-30": "-141.00000", "2017-08-31": 42, "2017-05-31": -148, "2017-02-28": 295, "2016-11-30": "-112.00000", "2016-08-31": 93, "2016-05-31": -62, "2016-02-29": 64, "2015-11-30": "29.00000", "2015-08-31": 73, "2015-05-31": 11, "2015-02-28": -26, "2014-11-30": "-47.00000", "2014-08-31": -11, "2014-05-31": 71, "2014-02-28": -30, "2013-11-30": "63.00000", "2013-08-31": -22, "2013-05-31": 27, "2013-02-28": 67, "2012-11-30": "14.00000", "2012-08-31": -47, "2012-05-31": 49, "2012-02-29": 20, "2011-11-30": "83.00000", "2011-08-31": -44, "2011-05-31": -18, "2011-02-28": 84, "2010-11-30": "66.00000", "2010-08-31": -1, "2010-05-31": 52, "2010-02-28": 38, "2009-11-30": "71.00000", "2009-08-31": 35, "2009-05-31": 20, "2009-02-28": -1, "2008-11-30": "-2.00000", "2008-08-31": 54, "2008-05-31": 2, "2008-02-29": 38, "2007-11-30": "-10.00000", "2007-08-31": 14.9, "2007-05-31": -7.8, "2007-02-28": 39.5, "2006-11-30": "29.40000", "2006-08-31": -15.5, "2006-05-31": 56.4, "2006-02-28": 16.3, "2005-11-30": "54.80000", "2005-08-31": 10, "2005-05-31": 55.1, "2005-02-28": 0}, "Total Change In Assets/Liabilities": {"2020-11-30": "51.00000", "2020-08-31": 1064, "2020-05-31": 167, "2020-02-29": -42, "2019-11-30": "-248.00000", "2019-08-31": 947, "2019-05-31": 581, "2019-02-28": -1042, "2018-11-30": "-1226.00000", "2018-08-31": 1102, "2018-05-31": 217, "2018-02-28": 1069, "2017-11-30": "-448.00000", "2017-08-31": 922, "2017-05-31": 201, "2017-02-28": 1477, "2016-11-30": "-978.00000", "2016-08-31": 1550, "2016-05-31": 571, "2016-02-29": 362, "2015-11-30": "-801.00000", "2015-08-31": 463, "2015-05-31": 146, "2015-02-28": -276, "2014-11-30": "162.00000", "2014-08-31": 598, "2014-05-31": 133, "2014-02-28": 250, "2013-11-30": "-771.00000", "2013-08-31": 106, "2013-05-31": 562, "2013-02-28": 213, "2012-11-30": "-214.00000", "2012-08-31": -133, "2012-05-31": 905, "2012-02-29": 40, "2011-11-30": "-81.00000", "2011-08-31": -362, "2011-05-31": 246, "2011-02-28": -210, "2010-11-30": "283.00000", "2010-08-31": 65, "2010-05-31": 278, "2010-02-28": -321, "2009-11-30": "394.00000", "2009-08-31": 154, "2009-05-31": 483, "2009-02-28": 520, "2008-11-30": "-384.00000", "2008-08-31": -143, "2008-05-31": 141, "2008-02-29": 247, "2007-11-30": "-224.00000", "2007-08-31": -355.5, "2007-05-31": -70.6, "2007-02-28": 64.9, "2006-11-30": "-104.80000", "2006-08-31": -330.6001, "2006-05-31": 376.1001, "2006-02-28": 138.8, "2005-11-30": "-54.30000", "2005-08-31": -140.2001, "2005-05-31": -486.5999, "2005-02-28": 0}, "Cash Flow From Operating Activities": {"2020-11-30": "1195.00000", "2020-08-31": 2086, "2020-05-31": 914, "2020-02-29": 1423, "2019-11-30": "1061.00000", "2019-08-31": 2379, "2019-05-31": 2020, "2019-02-28": 735, "2018-11-30": "460.00000", "2018-08-31": 2817, "2018-05-31": 2238, "2018-02-28": 2205, "2017-11-30": "1003.00000", "2017-08-31": 2018, "2017-05-31": 1855, "2017-02-28": 2857, "2016-11-30": "525.00000", "2016-08-31": 2658, "2016-05-31": 2104, "2016-02-29": 2353, "2015-11-30": "732.00000", "2015-08-31": 1505, "2015-05-31": 1822, "2015-02-28": 1306, "2014-11-30": "1031.00000", "2014-08-31": 1384, "2014-05-31": 1272, "2014-02-28": 1104, "2013-11-30": "133.00000", "2013-08-31": 1123, "2013-05-31": 1379, "2013-02-28": 1198, "2012-11-30": "601.00000", "2012-08-31": 768, "2012-05-31": 1847, "2012-02-29": 1007, "2011-11-30": "809.00000", "2011-08-31": 362, "2011-05-31": 1230, "2011-02-28": 886, "2010-11-30": "1165.00000", "2010-08-31": 925, "2010-05-31": 1056, "2010-02-28": 595, "2009-11-30": "1168.00000", "2009-08-31": 852, "2009-05-31": 1519, "2009-02-28": 1428, "2008-11-30": "312.00000", "2008-08-31": 548, "2008-05-31": 985, "2008-02-29": 1116, "2007-11-30": "390.00000", "2007-08-31": 273.1, "2007-05-31": 714.9, "2007-02-28": 868.8, "2006-11-30": "500.20000", "2006-08-31": 147, "2006-05-31": 1026.7, "2006-02-28": 828.9, "2005-11-30": "437.40000", "2005-08-31": 231.3, "2005-05-31": 553, "2005-02-28": 586.9}, "Net Change In Property, Plant, And Equipment": {"2020-11-30": "-200.00000", "2020-08-31": -245, "2020-05-31": -33, "2020-02-29": -132, "2019-11-30": "-240.00000", "2019-08-31": -453, "2019-05-31": -453, "2019-02-28": -323, "2018-11-30": "-470.00000", "2018-08-31": -384, "2018-05-31": -317, "2018-02-28": -288, "2017-11-30": "-378.00000", "2017-08-31": -431, "2017-05-31": -476, "2017-02-28": -58, "2016-11-30": "58.00000", "2016-08-31": -421, "2016-05-31": -247, "2016-02-29": -311, "2015-11-30": "-286.00000", "2015-08-31": -361, "2015-05-31": 58, "2015-02-28": -37, "2014-11-30": "-44.00000", "2014-08-31": -362, "2014-05-31": -86, "2014-02-28": -227, "2013-11-30": "-364.00000", "2013-08-31": -223, "2013-05-31": -293, "2013-02-28": -245, "2012-11-30": "-336.00000", "2012-08-31": -448, "2012-05-31": -379, "2012-02-29": -304, "2011-11-30": "-419.00000", "2011-08-31": -514, "2011-05-31": -230, "2011-02-28": -196, "2010-11-30": "-273.00000", "2010-08-31": -228, "2010-05-31": -262, "2010-02-28": -220, "2009-11-30": "-304.00000", "2009-08-31": -428, "2009-05-31": -436, "2009-02-28": -440, "2008-11-30": "-623.00000", "2008-08-31": -569, "2008-05-31": -606, "2008-02-29": -548, "2007-11-30": "-485.00000", "2007-08-31": -524.2, "2007-05-31": -422.1, "2007-02-28": -394.5, "2006-11-30": "-404.20000", "2006-08-31": -424.9, "2006-05-31": -291.3, "2006-02-28": -263.3, "2005-11-30": "-335.50000", "2005-08-31": -376.9, "2005-05-31": -278.5, "2005-02-28": -566.6}, "Net Change In Intangible Assets": {"2020-11-30": "", "2020-08-31": 0, "2020-05-31": 0, "2020-02-29": 0, "2019-11-30": "", "2019-08-31": 0, "2019-05-31": 0, "2019-02-28": 0, "2018-11-30": "", "2018-08-31": 0, "2018-05-31": 0, "2018-02-28": 0, "2017-11-30": "", "2017-08-31": 0, "2017-05-31": 0, "2017-02-28": 0, "2016-11-30": "", "2016-08-31": 0, "2016-05-31": 0, "2016-02-29": 0, "2015-11-30": "", "2015-08-31": 0, "2015-05-31": 0, "2015-02-28": 0, "2014-11-30": "", "2014-08-31": 0, "2014-05-31": 0, "2014-02-28": 0, "2013-11-30": "", "2013-08-31": 0, "2013-05-31": 0, "2013-02-28": 0, "2012-11-30": "", "2012-08-31": 0, "2012-05-31": 0, "2012-02-29": 0, "2011-11-30": "", "2011-08-31": 0, "2011-05-31": 0, "2011-02-28": 0, "2010-11-30": "", "2010-08-31": 0, "2010-05-31": 0, "2010-02-28": 0, "2009-11-30": "", "2009-08-31": 0, "2009-05-31": 0, "2009-02-28": 0, "2008-11-30": "", "2008-08-31": 0, "2008-05-31": 0, "2008-02-29": 0, "2007-11-30": "", "2007-08-31": 0, "2007-05-31": 0, "2007-02-28": 0, "2006-11-30": "", "2006-08-31": 0, "2006-05-31": 0, "2006-02-28": 0, "2005-11-30": "", "2005-08-31": 0, "2005-05-31": 0, "2005-02-28": 0}, "Net Acquisitions/Divestitures": {"2020-11-30": "-77.00000", "2020-08-31": -373, "2020-05-31": -59, "2020-02-29": -106, "2019-11-30": "-180.00000", "2019-08-31": -274, "2019-05-31": -120, "2019-02-28": -147, "2018-11-30": "-200.00000", "2018-08-31": -573, "2018-05-31": -845, "2018-02-28": -3110, "2017-11-30": "-265.00000", "2017-08-31": -25, "2017-05-31": -63, "2017-02-28": 15, "2016-11-30": "-15.00000", "2016-08-31": 150, "2016-05-31": -4, "2016-02-29": -14, "2015-11-30": "-29.00000", "2015-08-31": -259, "2015-05-31": 794, "2015-02-28": -4543, "2014-11-30": "-10.00000", "2014-08-31": 72, "2014-05-31": -26, "2014-02-28": -54, "2013-11-30": "-243.00000", "2013-08-31": -42, "2013-05-31": -36, "2013-02-28": -61, "2012-11-30": "-471.00000", "2012-08-31": -70, "2012-05-31": -217, "2012-02-29": -179, "2011-11-30": "-70.00000", "2011-08-31": -6, "2011-05-31": -41, "2011-02-28": -91, "2010-11-30": "-50.00000", "2010-08-31": -15, "2010-05-31": -648, "2010-02-28": -84, "2009-11-30": "-32.00000", "2009-08-31": -57, "2009-05-31": -165, "2009-02-28": -122, "2008-11-30": "-61.00000", "2008-08-31": -93, "2008-05-31": -437, "2008-02-29": -42, "2007-11-30": "-48.00000", "2007-08-31": -770.4, "2007-05-31": -269.3, "2007-02-28": -12.3, "2006-11-30": "-34.00000", "2006-08-31": -332.8, "2006-05-31": -20.9, "2006-02-28": -36.3, "2005-11-30": "-95.00000", "2005-08-31": 0, "2005-05-31": 0, "2005-02-28": 0}, "Net Change In Short-term Investments": {"2020-11-30": "", "2020-08-31": 0, "2020-05-31": 0, "2020-02-29": 0, "2019-11-30": "", "2019-08-31": 0, "2019-05-31": 0, "2019-02-28": 0, "2018-11-30": "", "2018-08-31": 0, "2018-05-31": 0, "2018-02-28": 0, "2017-11-30": "", "2017-08-31": 0, "2017-05-31": 0, "2017-02-28": 0, "2016-11-30": "", "2016-08-31": 0, "2016-05-31": 0, "2016-02-29": 0, "2015-11-30": "", "2015-08-31": 0, "2015-05-31": 0, "2015-02-28": 1, "2014-11-30": "-1.00000", "2014-08-31": -1, "2014-05-31": 1, "2014-02-28": 0, "2013-11-30": "0.00000", "2013-08-31": 0, "2013-05-31": -1, "2013-02-28": -49, "2012-11-30": "0.00000", "2012-08-31": 0, "2012-05-31": 0, "2012-02-29": 0, "2011-11-30": "", "2011-08-31": 0, "2011-05-31": 0, "2011-02-28": 0, "2010-11-30": "", "2010-08-31": 600, "2010-05-31": 0, "2010-02-28": 0, "2009-11-30": "-100.00000", "2009-08-31": -400, "2009-05-31": 550, "2009-02-28": -650, "2008-11-30": "", "2008-08-31": 0, "2008-05-31": 0, "2008-02-29": 0, "2007-11-30": "", "2007-08-31": 192.2998, "2007-05-31": 77.5002, "2007-02-28": -160.7, "2006-11-30": "319.90000", "2006-08-31": 596.5998, "2006-05-31": -346.7998, "2006-02-28": -330.3, "2005-11-30": "186.50000", "2005-08-31": 340.0998, "2005-05-31": 172.0004, "2005-02-28": 265.7998}, "Net Change In Long-Term Investments": {"2020-11-30": "", "2020-08-31": 0, "2020-05-31": 0, "2020-02-29": 0, "2019-11-30": "", "2019-08-31": 0, "2019-05-31": 0, "2019-02-28": 0, "2018-11-30": "", "2018-08-31": 0, "2018-05-31": 0, "2018-02-28": 0, "2017-11-30": "", "2017-08-31": 0, "2017-05-31": 0, "2017-02-28": 0, "2016-11-30": "", "2016-08-31": -1191, "2016-05-31": -1169, "2016-02-29": 0, "2015-11-30": "", "2015-08-31": 0, "2015-05-31": 0, "2015-02-28": 0, "2014-11-30": "", "2014-08-31": 0, "2014-05-31": -63, "2014-02-28": -140, "2013-11-30": "-290.00000", "2013-08-31": -224, "2013-05-31": 0, "2013-02-28": 0, "2012-11-30": "", "2012-08-31": -4025, "2012-05-31": 0, "2012-02-29": 0, "2011-11-30": "", "2011-08-31": 0, "2011-05-31": 0, "2011-02-28": 0, "2010-11-30": "", "2010-08-31": 0, "2010-05-31": 0, "2010-02-28": 0, "2009-11-30": "", "2009-08-31": 0, "2009-05-31": 0, "2009-02-28": 0, "2008-11-30": "", "2008-08-31": 0, "2008-05-31": 0, "2008-02-29": 0, "2007-11-30": "", "2007-08-31": 0, "2007-05-31": 0, "2007-02-28": 0, "2006-11-30": "", "2006-08-31": 0, "2006-05-31": 0, "2006-02-28": 0, "2005-11-30": "", "2005-08-31": 0, "2005-05-31": 0, "2005-02-28": 0}, "Net Change In Investments - Total": {"2020-11-30": "", "2020-08-31": 0, "2020-05-31": 0, "2020-02-29": 0, "2019-11-30": "", "2019-08-31": 0, "2019-05-31": 0, "2019-02-28": 0, "2018-11-30": "", "2018-08-31": 0, "2018-05-31": 0, "2018-02-28": 0, "2017-11-30": "", "2017-08-31": 0, "2017-05-31": 0, "2017-02-28": 0, "2016-11-30": "", "2016-08-31": -1191, "2016-05-31": -1169, "2016-02-29": 0, "2015-11-30": "", "2015-08-31": 0, "2015-05-31": 0, "2015-02-28": 1, "2014-11-30": "-1.00000", "2014-08-31": -1, "2014-05-31": -62, "2014-02-28": -140, "2013-11-30": "-290.00000", "2013-08-31": -224, "2013-05-31": -1, "2013-02-28": -49, "2012-11-30": "", "2012-08-31": -4025, "2012-05-31": 0, "2012-02-29": 0, "2011-11-30": "", "2011-08-31": 0, "2011-05-31": 0, "2011-02-28": 0, "2010-11-30": "", "2010-08-31": 600, "2010-05-31": 0, "2010-02-28": 0, "2009-11-30": "-100.00000", "2009-08-31": -400, "2009-05-31": 550, "2009-02-28": -650, "2008-11-30": "", "2008-08-31": 0, "2008-05-31": 0, "2008-02-29": 0, "2007-11-30": "", "2007-08-31": 192.2998, "2007-05-31": 77.5002, "2007-02-28": -160.7, "2006-11-30": "319.90000", "2006-08-31": 596.5998, "2006-05-31": -346.7998, "2006-02-28": -330.3, "2005-11-30": "186.50000", "2005-08-31": 340.0998, "2005-05-31": 172.0004, "2005-02-28": 265.7998}, "Investing Activities - Other": {"2020-11-30": "19.00000", "2020-08-31": -18, "2020-05-31": 49, "2020-02-29": 22, "2019-11-30": "18.00000", "2019-08-31": -13, "2019-05-31": 51, "2019-02-28": 60, "2018-11-30": "35.00000", "2018-08-31": 567, "2018-05-31": 207, "2018-02-28": -159, "2017-11-30": "44.00000", "2017-08-31": 65, "2017-05-31": 87, "2017-02-28": -46, "2016-11-30": "46.00000", "2016-08-31": -94, "2016-05-31": 11, "2016-02-29": 44, "2015-11-30": "44.00000", "2015-08-31": 228, "2015-05-31": -28, "2015-02-28": -74, "2014-11-30": "", "2014-08-31": 105, "2014-05-31": -203, "2014-02-28": 178, "2013-11-30": "-28.00000", "2013-08-31": -2, "2013-05-31": -3, "2013-02-28": -8, "2012-11-30": "-2.00000", "2012-08-31": 233, "2012-05-31": -3, "2012-02-29": 29, "2011-11-30": "-8.00000", "2011-08-31": -161, "2011-05-31": 40, "2011-02-28": 8, "2010-11-30": "-11.00000", "2010-08-31": 21, "2010-05-31": -21, "2010-02-28": 14, "2009-11-30": "5.00000", "2009-08-31": 45, "2009-05-31": 11, "2009-02-28": 0, "2008-11-30": "", "2008-08-31": -2, "2008-05-31": 10, "2008-02-29": 0, "2007-11-30": "2.00000", "2007-08-31": 0.3, "2007-05-31": 5.7, "2007-02-28": 0, "2006-11-30": "", "2006-08-31": 0.8, "2006-05-31": 9.2, "2006-02-28": 0, "2005-11-30": "", "2005-08-31": 1.6, "2005-05-31": 8.5, "2005-02-28": 0}, "Cash Flow From Investing Activities": {"2020-11-30": "-259.00000", "2020-08-31": -637, "2020-05-31": -43, "2020-02-29": -215, "2019-11-30": "-402.00000", "2019-08-31": -738, "2019-05-31": -523, "2019-02-28": -411, "2018-11-30": "-635.00000", "2018-08-31": -390, "2018-05-31": -955, "2018-02-28": -3557, "2017-11-30": "-599.00000", "2017-08-31": -391, "2017-05-31": -255, "2017-02-28": -286, "2016-11-30": "89.00000", "2016-08-31": -1556, "2016-05-31": -1409, "2016-02-29": -281, "2015-11-30": "-271.00000", "2015-08-31": -392, "2015-05-31": 824, "2015-02-28": -4653, "2014-11-30": "-55.00000", "2014-08-31": -186, "2014-05-31": -377, "2014-02-28": -243, "2013-11-30": "-925.00000", "2013-08-31": -491, "2013-05-31": -333, "2013-02-28": -363, "2012-11-30": "-809.00000", "2012-08-31": -4310, "2012-05-31": -599, "2012-02-29": -454, "2011-11-30": "-497.00000", "2011-08-31": -681, "2011-05-31": -231, "2011-02-28": -279, "2010-11-30": "-334.00000", "2010-08-31": 378, "2010-05-31": -931, "2010-02-28": -290, "2009-11-30": "-431.00000", "2009-08-31": -840, "2009-05-31": -40, "2009-02-28": -1212, "2008-11-30": "-684.00000", "2008-08-31": -664, "2008-05-31": -1033, "2008-02-29": -590, "2007-11-30": "-531.00000", "2007-08-31": -1102, "2007-05-31": -608.2, "2007-02-28": -567.5, "2006-11-30": "-118.30000", "2006-08-31": -160.3, "2006-05-31": -649.8, "2006-02-28": -629.9, "2005-11-30": "-244.00000", "2005-08-31": -35.2, "2005-05-31": -98, "2005-02-28": -300.8}, "Net Long-Term Debt": {"2020-11-30": "503.00000", "2020-08-31": -512, "2020-05-31": -930, "2020-02-29": 25, "2019-11-30": "370.00000", "2019-08-31": -987, "2019-05-31": -338, "2019-02-28": 2757, "2018-11-30": "540.00000", "2018-08-31": -526, "2018-05-31": -274, "2018-02-28": 1792, "2017-11-30": "18.00000", "2017-08-31": -6156, "2017-05-31": -31, "2017-02-28": -5, "2016-11-30": "-4.00000", "2016-08-31": 5231, "2016-05-31": 50, "2016-02-29": -40, "2015-11-30": "-41.00000", "2015-08-31": -1884, "2015-05-31": -765, "2015-02-28": -5558, "2014-11-30": "10020.00000", "2014-08-31": 43, "2014-05-31": -325, "2014-02-28": 0, "2013-11-30": "", "2013-08-31": -1300, "2013-05-31": 0, "2013-02-28": 0, "2012-11-30": "1000.00000", "2012-08-31": 3000, "2012-05-31": 0, "2012-02-29": 0, "2011-11-30": "", "2011-08-31": -17, "2011-05-31": 0, "2011-02-28": 0, "2010-11-30": "", "2010-08-31": 0, "2010-05-31": -576, "2010-02-28": 0, "2009-11-30": "", "2009-08-31": 0, "2009-05-31": 0, "2009-02-28": 987, "2008-11-30": "", "2008-08-31": 1287, "2008-05-31": -1, "2008-02-29": 1, "2007-11-30": "-29.00000", "2007-08-31": -141, "2007-05-31": 0, "2007-02-28": 0, "2006-11-30": "", "2006-08-31": 0, "2006-05-31": 0, "2006-02-28": 0, "2005-11-30": "", "2005-08-31": 0, "2005-05-31": 0, "2005-02-28": 0}, "Net Current Debt": {"2020-11-30": "-347.00000", "2020-08-31": -357, "2020-05-31": 851, "2020-02-29": -263, "2019-11-30": "-392.00000", "2019-08-31": 237, "2019-05-31": -37, "2019-02-28": -731, "2018-11-30": "1067.00000", "2018-08-31": -10, "2018-05-31": -240, "2018-02-28": -190, "2017-11-30": "1026.00000", "2017-08-31": -244, "2017-05-31": 201, "2017-02-28": 27, "2016-11-30": "49.00000", "2016-08-31": 687, "2016-05-31": -719, "2016-02-29": 9, "2015-11-30": "52.00000", "2015-08-31": 25, "2015-05-31": 79, "2015-02-28": -330, "2014-11-30": "", "2014-08-31": 0, "2014-05-31": 0, "2014-02-28": 0, "2013-11-30": "", "2013-08-31": 0, "2013-05-31": 0, "2013-02-28": 0, "2012-11-30": "", "2012-08-31": 0, "2012-05-31": 0, "2012-02-29": 0, "2011-11-30": "", "2011-08-31": 0, "2011-05-31": 0, "2011-02-28": 0, "2010-11-30": "", "2010-08-31": 0, "2010-05-31": 0, "2010-02-28": 0, "2009-11-30": "", "2009-08-31": 0, "2009-05-31": 0, "2009-02-28": -1068, "2008-11-30": "998.00000", "2008-08-31": -1065, "2008-05-31": 385, "2008-02-29": -439, "2007-11-30": "317.00000", "2007-08-31": 849.9, "2007-05-31": 0, "2007-02-28": 0, "2006-11-30": "-213.90000", "2006-08-31": 214, "2006-05-31": 0, "2006-02-28": 0, "2005-11-30": "", "2005-08-31": 0, "2005-05-31": 0, "2005-02-28": 0}, "Debt Issuance/Retirement Net - Total": {"2020-11-30": "156.00000", "2020-08-31": -869, "2020-05-31": -79, "2020-02-29": -238, "2019-11-30": "-22.00000", "2019-08-31": -750, "2019-05-31": -375, "2019-02-28": 2026, "2018-11-30": "1607.00000", "2018-08-31": -536, "2018-05-31": -514, "2018-02-28": 1602, "2017-11-30": "1044.00000", "2017-08-31": -6400, "2017-05-31": 170, "2017-02-28": 22, "2016-11-30": "45.00000", "2016-08-31": 5918, "2016-05-31": -669, "2016-02-29": -31, "2015-11-30": "11.00000", "2015-08-31": -1859, "2015-05-31": -686, "2015-02-28": -5888, "2014-11-30": "10020.00000", "2014-08-31": 43, "2014-05-31": -325, "2014-02-28": 0, "2013-11-30": "", "2013-08-31": -1300, "2013-05-31": 0, "2013-02-28": 0, "2012-11-30": "1000.00000", "2012-08-31": 3000, "2012-05-31": 0, "2012-02-29": 0, "2011-11-30": "", "2011-08-31": -17, "2011-05-31": 0, "2011-02-28": 0, "2010-11-30": "", "2010-08-31": 0, "2010-05-31": -576, "2010-02-28": 0, "2009-11-30": "", "2009-08-31": 0, "2009-05-31": 0, "2009-02-28": -81, "2008-11-30": "998.00000", "2008-08-31": 222, "2008-05-31": 384, "2008-02-29": -438, "2007-11-30": "288.00000", "2007-08-31": 708.9, "2007-05-31": 0, "2007-02-28": 0, "2006-11-30": "-213.90000", "2006-08-31": 214, "2006-05-31": 0, "2006-02-28": 0, "2005-11-30": "", "2005-08-31": 0, "2005-05-31": 0, "2005-02-28": 0}, "Net Common Equity Issued/Repurchased": {"2020-11-30": "-106.00000", "2020-08-31": -200, "2020-05-31": -449, "2020-02-29": -426, "2019-11-30": "-459.00000", "2019-08-31": -416, "2019-05-31": -595, "2019-02-28": -2164, "2018-11-30": "-811.00000", "2018-08-31": -2647, "2018-05-31": 35, "2018-02-28": 51, "2017-11-30": "-2493.00000", "2017-08-31": -3720, "2017-05-31": -942, "2017-02-28": 75, "2016-11-30": "-416.00000", "2016-08-31": 60, "2016-05-31": 46, "2016-02-29": -565, "2015-11-30": "-458.00000", "2015-08-31": -292, "2015-05-31": -130, "2015-02-28": 87, "2014-11-30": "-388.00000", "2014-08-31": -406, "2014-05-31": 102, "2014-02-28": 243, "2013-11-30": "-32.00000", "2013-08-31": 47, "2013-05-31": -230, "2013-02-28": 59, "2012-11-30": "-5.00000", "2012-08-31": 45, "2012-05-31": -141, "2012-02-29": -364, "2011-11-30": "-566.00000", "2011-08-31": -603, "2011-05-31": -423, "2011-02-28": -286, "2010-11-30": "-481.00000", "2010-08-31": -975, "2010-05-31": -203, "2010-02-28": -213, "2009-11-30": "-132.00000", "2009-08-31": -107, "2009-05-31": 29, "2009-02-28": 4, "2008-11-30": "-67.00000", "2008-08-31": -25, "2008-05-31": -17, "2008-02-29": -32, "2007-11-30": "-10.00000", "2007-08-31": -107.3, "2007-05-31": -161.7, "2007-02-28": -178.8, "2006-11-30": "-350.20000", "2006-08-31": -17, "2006-05-31": -86.7, "2006-02-28": -137.2, "2005-11-30": "-109.10000", "2005-08-31": -97.2, "2005-05-31": -314.4, "2005-02-28": -192.7}, "Net Total Equity Issued/Repurchased": {"2020-11-30": "-106.00000", "2020-08-31": -200, "2020-05-31": -449, "2020-02-29": -426, "2019-11-30": "-459.00000", "2019-08-31": -416, "2019-05-31": -595, "2019-02-28": -2164, "2018-11-30": "-811.00000", "2018-08-31": -2647, "2018-05-31": 35, "2018-02-28": 51, "2017-11-30": "-2493.00000", "2017-08-31": -3720, "2017-05-31": -942, "2017-02-28": 75, "2016-11-30": "-416.00000", "2016-08-31": 60, "2016-05-31": 46, "2016-02-29": -565, "2015-11-30": "-458.00000", "2015-08-31": -292, "2015-05-31": -130, "2015-02-28": 87, "2014-11-30": "-388.00000", "2014-08-31": -406, "2014-05-31": 102, "2014-02-28": 243, "2013-11-30": "-32.00000", "2013-08-31": 47, "2013-05-31": -230, "2013-02-28": 59, "2012-11-30": "-5.00000", "2012-08-31": 45, "2012-05-31": -141, "2012-02-29": -364, "2011-11-30": "-566.00000", "2011-08-31": -603, "2011-05-31": -423, "2011-02-28": -286, "2010-11-30": "-481.00000", "2010-08-31": -975, "2010-05-31": -203, "2010-02-28": -213, "2009-11-30": "-132.00000", "2009-08-31": -107, "2009-05-31": 29, "2009-02-28": 4, "2008-11-30": "-67.00000", "2008-08-31": -25, "2008-05-31": -17, "2008-02-29": -32, "2007-11-30": "-10.00000", "2007-08-31": -107.3, "2007-05-31": -161.7, "2007-02-28": -178.8, "2006-11-30": "-350.20000", "2006-08-31": -17, "2006-05-31": -86.7, "2006-02-28": -137.2, "2005-11-30": "-109.10000", "2005-08-31": -97.2, "2005-05-31": -314.4, "2005-02-28": -192.7}, "Total Common And Preferred Stock Dividends Paid": {"2020-11-30": "-405.00000", "2020-08-31": -487, "2020-05-31": -403, "2020-02-29": -447, "2019-11-30": "-410.00000", "2019-08-31": -399, "2019-05-31": -403, "2019-02-28": -419, "2018-11-30": "-422.00000", "2018-08-31": -448, "2018-05-31": -476, "2018-02-28": -402, "2017-11-30": "-413.00000", "2017-08-31": -495, "2017-05-31": -411, "2017-02-28": -411, "2016-11-30": "-406.00000", "2016-08-31": -389, "2016-05-31": -387, "2016-02-29": -394, "2015-11-30": "-393.00000", "2015-08-31": -371, "2015-05-31": -371, "2015-02-28": -320, "2014-11-30": "-322.00000", "2014-08-31": -301, "2014-05-31": -301, "2014-02-28": -299, "2013-11-30": "-298.00000", "2013-08-31": -260, "2013-05-31": -260, "2013-02-28": -260, "2012-11-30": "-260.00000", "2012-08-31": -194, "2012-05-31": -195, "2012-02-29": -196, "2011-11-30": "-202.00000", "2011-08-31": -159, "2011-05-31": -160, "2011-02-28": -162, "2010-11-30": "-166.00000", "2010-08-31": -134, "2010-05-31": -135, "2010-02-28": -136, "2009-11-30": "-136.00000", "2009-08-31": -112, "2009-05-31": -111, "2009-02-28": -112, "2008-11-30": "-111.00000", "2008-08-31": -93, "2008-05-31": -95, "2008-02-29": -94, "2007-11-30": "-94.00000", "2007-08-31": -76.8, "2007-05-31": -77.3, "2007-02-28": -77.7, "2006-11-30": "-78.20000", "2006-08-31": -65.7, "2006-05-31": -65.6, "2006-02-28": -65.8, "2005-11-30": "-65.90000", "2005-08-31": -53.4, "2005-05-31": -53.6, "2005-02-28": -107.5}, "Financial Activities - Other": {"2020-11-30": "4.00000", "2020-08-31": -91, "2020-05-31": 16, "2020-02-29": -106, "2019-11-30": "24.00000", "2019-08-31": 92, "2019-05-31": -84, "2019-02-28": 51, "2018-11-30": "16.00000", "2018-08-31": 119, "2018-05-31": -212, "2018-02-28": -10, "2017-11-30": "5.00000", "2017-08-31": 14, "2017-05-31": -28, "2017-02-28": -30, "2016-11-30": "-1.00000", "2016-08-31": -89, "2016-05-31": -25, "2016-02-29": -16, "2015-11-30": "-13.00000", "2015-08-31": -15, "2015-05-31": -20, "2015-02-28": -299, "2014-11-30": "-61.00000", "2014-08-31": -14, "2014-05-31": -22, "2014-02-28": 3, "2013-11-30": "-15.00000", "2013-08-31": -7, "2013-05-31": 7, "2013-02-28": -32, "2012-11-30": "5.00000", "2012-08-31": -7, "2012-05-31": -1, "2012-02-29": -3, "2011-11-30": "-6.00000", "2011-08-31": 2, "2011-05-31": -7, "2011-02-28": 22, "2010-11-30": "-2.00000", "2010-08-31": -26, "2010-05-31": 0, "2010-02-28": -7, "2009-11-30": "-4.00000", "2009-08-31": -6, "2009-05-31": -6, "2009-02-28": -4, "2008-11-30": "-5.00000", "2008-08-31": -17, "2008-05-31": -7, "2008-02-29": -2, "2007-11-30": "-3.00000", "2007-08-31": -8.4, "2007-05-31": 5.5, "2007-02-28": -20.3, "2006-11-30": "10.20000", "2006-08-31": -0.6, "2006-05-31": -1, "2006-02-28": -1.3, "2005-11-30": "-11.10000", "2005-08-31": -9.9, "2005-05-31": 1.1, "2005-02-28": 23.2}, "Cash Flow From Financial Activities": {"2020-11-30": "-352.00000", "2020-08-31": -1649, "2020-05-31": -913, "2020-02-29": -1219, "2019-11-30": "-866.00000", "2019-08-31": -1474, "2019-05-31": -1458, "2019-02-28": -505, "2018-11-30": "390.00000", "2018-08-31": -3512, "2018-05-31": -1167, "2018-02-28": 1241, "2017-11-30": "-1857.00000", "2017-08-31": -10601, "2017-05-31": -1211, "2017-02-28": -344, "2016-11-30": "-778.00000", "2016-08-31": 5500, "2016-05-31": -1035, "2016-02-29": -1006, "2015-11-30": "-853.00000", "2015-08-31": -2537, "2015-05-31": -1207, "2015-02-28": -6420, "2014-11-30": "9249.00000", "2014-08-31": -678, "2014-05-31": -546, "2014-02-28": -53, "2013-11-30": "-345.00000", "2013-08-31": -1520, "2013-05-31": -483, "2013-02-28": -233, "2012-11-30": "740.00000", "2012-08-31": 2844, "2012-05-31": -337, "2012-02-29": -563, "2011-11-30": "-774.00000", "2011-08-31": -777, "2011-05-31": -590, "2011-02-28": -426, "2010-11-30": "-649.00000", "2010-08-31": -1135, "2010-05-31": -914, "2010-02-28": -356, "2009-11-30": "-272.00000", "2009-08-31": -225, "2009-05-31": -88, "2009-02-28": -193, "2008-11-30": "815.00000", "2008-08-31": 87, "2008-05-31": 265, "2008-02-29": -566, "2007-11-30": "181.00000", "2007-08-31": 516.4, "2007-05-31": -233.5, "2007-02-28": -276.8, "2006-11-30": "-632.10000", "2006-08-31": 130.7, "2006-05-31": -153.3, "2006-02-28": -204.3, "2005-11-30": "-186.10000", "2005-08-31": -160.5, "2005-05-31": -366.9, "2005-02-28": -277}, "Net Cash Flow": {"2020-11-30": "594.00000", "2020-08-31": -197, "2020-05-31": -45, "2020-02-29": -12, "2019-11-30": "-206.00000", "2019-08-31": 170, "2019-05-31": 28, "2019-02-28": -174, "2018-11-30": "208.00000", "2018-08-31": -1100, "2018-05-31": 86, "2018-02-28": -84, "2017-11-30": "-1424.00000", "2017-08-31": -8942, "2017-05-31": 431, "2017-02-28": 2224, "2016-11-30": "-209.00000", "2016-08-31": 6516, "2016-05-31": -295, "2016-02-29": 1016, "2015-11-30": "-430.00000", "2015-08-31": -1449, "2015-05-31": 1444, "2015-02-28": -9856, "2014-11-30": "10215.00000", "2014-08-31": 520, "2014-05-31": 349, "2014-02-28": 808, "2013-11-30": "-1137.00000", "2013-08-31": -888, "2013-05-31": 563, "2013-02-28": 602, "2012-11-30": "532.00000", "2012-08-31": -698, "2012-05-31": 911, "2012-02-29": -10, "2011-11-30": "-462.00000", "2011-08-31": -1096, "2011-05-31": 409, "2011-02-28": 181, "2010-11-30": "182.00000", "2010-08-31": 168, "2010-05-31": -789, "2010-02-28": -51, "2009-11-30": "465.00000", "2009-08-31": -213, "2009-05-31": 1391, "2009-02-28": 23, "2008-11-30": "443.00000", "2008-08-31": -29, "2008-05-31": 217, "2008-02-29": -40, "2007-11-30": "40.00000", "2007-08-31": -312.5, "2007-05-31": -126.8, "2007-02-28": 24.5, "2006-11-30": "-250.20000", "2006-08-31": 117.4, "2006-05-31": 223.6, "2006-02-28": -5.3, "2005-11-30": "7.30000", "2005-08-31": 35.6, "2005-05-31": 88.1, "2005-02-28": 9.1}, "Stock-Based Compensation": {"2020-11-30": "36.00000", "2020-08-31": 36, "2020-05-31": 34, "2020-02-29": 39, "2019-11-30": "28.00000", "2019-08-31": 32, "2019-05-31": 24, "2019-02-28": 36, "2018-11-30": "27.00000", "2018-08-31": 39, "2018-05-31": 28, "2018-02-28": 38, "2017-11-30": "25.00000", "2017-08-31": 20, "2017-05-31": 19, "2017-02-28": 26, "2016-11-30": "26.00000", "2016-08-31": 28, "2016-05-31": 27, "2016-02-29": 29, "2015-11-30": "31.00000", "2015-08-31": 23, "2015-05-31": 86, "2015-02-28": -31, "2014-11-30": "31.00000", "2014-08-31": 29, "2014-05-31": 33, "2014-02-28": 31, "2013-11-30": "21.00000", "2013-08-31": 34, "2013-05-31": 25, "2013-02-28": 25, "2012-11-30": "20.00000", "2012-08-31": 22, "2012-05-31": 24, "2012-02-29": 18, "2011-11-30": "35.00000", "2011-08-31": 68, "2011-05-31": 21, "2011-02-28": 20, "2010-11-30": "26.00000", "2010-08-31": 20, "2010-05-31": 19, "2010-02-28": 21, "2009-11-30": "24.00000", "2009-08-31": 17, "2009-05-31": 18, "2009-02-28": 17, "2008-11-30": "32.00000", "2008-08-31": 12, "2008-05-31": 11, "2008-02-29": 14, "2007-11-30": "31.00000", "2007-08-31": 11.6, "2007-05-31": 12.6, "2007-02-28": 15.3, "2006-11-30": "34.50000", "2006-08-31": 19.3, "2006-05-31": 20.1, "2006-02-28": 27.4, "2005-11-30": "36.20000", "2005-08-31": 0, "2005-05-31": 0, "2005-02-28": 0}, "Common Stock Dividends Paid": {"2020-11-30": "-405.00000", "2020-08-31": -487, "2020-05-31": -403, "2020-02-29": -447, "2019-11-30": "-410.00000", "2019-08-31": -399, "2019-05-31": -403, "2019-02-28": -419, "2018-11-30": "-422.00000", "2018-08-31": -448, "2018-05-31": -476, "2018-02-28": -402, "2017-11-30": "-413.00000", "2017-08-31": -495, "2017-05-31": -411, "2017-02-28": -411, "2016-11-30": "-406.00000", "2016-08-31": -389, "2016-05-31": -387, "2016-02-29": -394, "2015-11-30": "-393.00000", "2015-08-31": -371, "2015-05-31": -371, "2015-02-28": -320, "2014-11-30": "-322.00000", "2014-08-31": -301, "2014-05-31": -301, "2014-02-28": -299, "2013-11-30": "-298.00000", "2013-08-31": -260, "2013-05-31": -260, "2013-02-28": -260, "2012-11-30": "-260.00000", "2012-08-31": -194, "2012-05-31": -195, "2012-02-29": -196, "2011-11-30": "-202.00000", "2011-08-31": -159, "2011-05-31": -160, "2011-02-28": -162, "2010-11-30": "-166.00000", "2010-08-31": -134, "2010-05-31": -135, "2010-02-28": -136, "2009-11-30": "-136.00000", "2009-08-31": -112, "2009-05-31": -111, "2009-02-28": -112, "2008-11-30": "-111.00000", "2008-08-31": -93, "2008-05-31": -95, "2008-02-29": -94, "2007-11-30": "-94.00000", "2007-08-31": -76.8, "2007-05-31": -77.3, "2007-02-28": -77.7, "2006-11-30": "-78.20000", "2006-08-31": -65.7, "2006-05-31": -65.6, "2006-02-28": -65.8, "2005-11-30": "-65.90000", "2005-08-31": -53.4, "2005-05-31": -53.6, "2005-02-28": -107.5}}, "financial ratios": {"Current Ratio": {"2020-08-31": "0.66760", "2019-08-31": "0.72570", "2018-08-31": "0.82360", "2017-08-31": "1.06500", "2016-08-31": "1.52140", "2015-08-31": "1.18720", "2014-08-31": "1.37630", "2013-08-31": "1.33670", "2012-08-31": "1.23370", "2011-08-31": "1.52440", "2010-08-31": "1.60390", "2009-08-31": "1.78000", "2008-08-31": "1.57030", "2007-08-31": "1.41010", "2006-08-31": "1.68630", "2005-08-31": "1.85590"}, "Long-term Debt / Capital": {"2020-08-31": "0.36600", "2019-08-31": "0.31480", "2018-08-31": "0.31780", "2017-08-31": "0.30970", "2016-08-31": "0.38180", "2015-08-31": "0.29840", "2014-08-31": "0.15270", "2013-08-31": "0.18710", "2012-08-31": "0.18260", "2011-08-31": "0.13900", "2010-08-31": "0.14230", "2009-08-31": "0.13980", "2008-08-31": "0.09410", "2007-08-31": "0.00200", "2006-08-31": "", "2005-08-31": ""}, "Debt/Equity Ratio": {"2020-08-31": "0.74470", "2019-08-31": "0.69710", "2018-08-31": "0.53940", "2017-08-31": "0.45750", "2016-08-31": "0.62840", "2015-08-31": "0.45950", "2014-08-31": "0.21780", "2013-08-31": "0.25940", "2012-08-31": "0.29570", "2011-08-31": "0.16230", "2010-08-31": "0.16670", "2009-08-31": "0.16350", "2008-08-31": "0.11030", "2007-08-31": "0.08160", "2006-08-31": "", "2005-08-31": ""}, "Gross Margin": {"2020-08-31": "20.07860", "2019-08-31": "21.97480", "2018-08-31": "23.40940", "2017-08-31": "24.66880", "2016-08-31": "25.45700", "2015-08-31": "25.86230", "2014-08-31": "28.23460", "2013-08-31": "29.24380", "2012-08-31": "28.39750", "2011-08-31": "28.38860", "2010-08-31": "28.14600", "2009-08-31": "27.80930", "2008-08-31": "28.19220", "2007-08-31": "28.35460", "2006-08-31": "27.77740", "2005-08-31": "27.93210"}, "Operating Margin": {"2020-08-31": "0.94100", "2019-08-31": "3.65170", "2018-08-31": "4.78120", "2017-08-31": "4.63900", "2016-08-31": "5.11370", "2015-08-31": "4.51260", "2014-08-31": "5.49010", "2013-08-31": "5.66630", "2012-08-31": "4.83580", "2011-08-31": "6.04700", "2010-08-31": "5.12900", "2009-08-31": "5.12670", "2008-08-31": "5.82880", "2007-08-31": "5.86100", "2006-08-31": "5.69930", "2005-08-31": "5.74390"}, "EBIT Margin": {"2020-08-31": "1.18530", "2019-08-31": "3.77160", "2018-08-31": "4.92640", "2017-08-31": "4.75320", "2016-08-31": "5.14520", "2015-08-31": "4.81710", "2014-08-31": "6.29780", "2013-08-31": "6.35310", "2012-08-31": "4.83580", "2011-08-31": "6.04700", "2010-08-31": "5.12900", "2009-08-31": "5.12670", "2008-08-31": "5.82880", "2007-08-31": "5.86100", "2006-08-31": "5.69930", "2005-08-31": "5.74390"}, "EBITDA Margin": {"2020-08-31": "2.56630", "2019-08-31": "5.26060", "2018-08-31": "6.27200", "2017-08-31": "6.15240", "2016-08-31": "6.60920", "2015-08-31": "6.50110", "2014-08-31": "8.02050", "2013-08-31": "8.12970", "2012-08-31": "6.46350", "2011-08-31": "7.55150", "2010-08-31": "6.65680", "2009-08-31": "6.66610", "2008-08-31": "7.25180", "2007-08-31": "7.11840", "2006-08-31": "6.90590", "2005-08-31": "6.88620"}, "Pre-Tax Profit Margin": {"2020-08-31": "0.53250", "2019-08-31": "3.30760", "2018-08-31": "4.54240", "2017-08-31": "4.10530", "2016-08-31": "4.38340", "2015-08-31": "5.13420", "2014-08-31": "4.65620", "2013-08-31": "5.60390", "2012-08-31": "4.71290", "2011-08-31": "5.94870", "2010-08-31": "5.00300", "2009-08-31": "4.99570", "2008-08-31": "5.81020", "2007-08-31": "5.93170", "2006-08-31": "5.80900", "2005-08-31": "5.81870"}, "Net Profit Margin": {"2020-08-31": "0.32680", "2019-08-31": "2.90940", "2018-08-31": "3.81950", "2017-08-31": "3.44970", "2016-08-31": "3.55600", "2015-08-31": "4.07950", "2014-08-31": "2.52910", "2013-08-31": "3.52830", "2012-08-31": "2.96930", "2011-08-31": "3.75980", "2010-08-31": "3.10150", "2009-08-31": "3.16730", "2008-08-31": "3.65380", "2007-08-31": "3.79640", "2006-08-31": "3.69340", "2005-08-31": "3.69540"}, "Asset Turnover": {"2020-08-31": "1.60070", "2019-08-31": "2.02470", "2018-08-31": "1.93080", "2017-08-31": "1.79090", "2016-08-31": "1.61440", "2015-08-31": "1.50390", "2014-08-31": "2.05080", "2013-08-31": "2.03540", "2012-08-31": "2.14070", "2011-08-31": "2.62930", "2010-08-31": "2.56590", "2009-08-31": "2.51910", "2008-08-31": "2.63430", "2007-08-31": "2.78360", "2006-08-31": "2.76740", "2005-08-31": "2.88880"}, "Inventory Turnover Ratio": {"2020-08-31": "11.79980", "2019-08-31": "11.44220", "2018-08-31": "10.53270", "2017-08-31": "10.00700", "2016-08-31": "9.76740", "2015-08-31": "8.83740", "2014-08-31": "9.02290", "2013-08-31": "7.45740", "2012-08-31": "7.28980", "2011-08-31": "6.42620", "2010-08-31": "6.56600", "2009-08-31": "6.73470", "2008-08-31": "5.84780", "2007-08-31": "5.67280", "2006-08-31": "5.65910", "2005-08-31": "5.43810"}, "Receiveable Turnover": {"2020-08-31": "19.56490", "2019-08-31": "18.94080", "2018-08-31": "20.01170", "2017-08-31": "18.10880", "2016-08-31": "18.74620", "2015-08-31": "15.10350", "2014-08-31": "23.73900", "2013-08-31": "27.43810", "2012-08-31": "33.05630", "2011-08-31": "28.90830", "2010-08-31": "27.51840", "2009-08-31": "25.37460", "2008-08-31": "23.36130", "2007-08-31": "24.03310", "2006-08-31": "22.98400", "2005-08-31": "30.22390"}, "Days Sales In Receivables": {"2020-08-31": "18.65580", "2019-08-31": "19.27060", "2018-08-31": "18.23930", "2017-08-31": "20.15600", "2016-08-31": "19.47070", "2015-08-31": "24.16660", "2014-08-31": "15.37560", "2013-08-31": "13.30270", "2012-08-31": "11.04180", "2011-08-31": "12.62610", "2010-08-31": "13.26390", "2009-08-31": "14.38450", "2008-08-31": "15.62410", "2007-08-31": "15.18740", "2006-08-31": "15.88060", "2005-08-31": "12.07650"}, "ROE - Return On Equity": {"2020-08-31": "2.00620", "2019-08-31": "16.40380", "2018-08-31": "18.85050", "2017-08-31": "14.50450", "2016-08-31": "13.84040", "2015-08-31": "13.67090", "2014-08-31": "9.85110", "2013-08-31": "13.09760", "2012-08-31": "11.66370", "2011-08-31": "18.27980", "2010-08-31": "14.52080", "2009-08-31": "13.95380", "2008-08-31": "16.76120", "2007-08-31": "18.38080", "2006-08-31": "17.30960", "2005-08-31": "17.54280"}, "Return On Tangible Equity": {"2020-08-31": "-8.67960", "2019-08-31": "-120.64560", "2018-08-31": "-250.54780", "2017-08-31": "164.96380", "2016-08-31": "94.13750", "2015-08-31": "166.04580", "2014-08-31": "11.89250", "2013-08-31": "14.94950", "2012-08-31": "13.23170", "2011-08-31": "21.15360", "2010-08-31": "16.71060", "2009-08-31": "15.53230", "2008-08-31": "18.86970", "2007-08-31": "20.32060", "2006-08-31": "17.60260", "2005-08-31": "17.54280"}, "ROA - Return On Assets": {"2020-08-31": "0.48640", "2019-08-31": "5.86110", "2018-08-31": "7.38510", "2017-08-31": "6.21280", "2016-08-31": "5.76570", "2015-08-31": "6.22110", "2014-08-31": "5.45230", "2013-08-31": "7.18130", "2012-08-31": "6.35650", "2011-08-31": "9.88560", "2010-08-31": "7.95810", "2009-08-31": "7.97870", "2008-08-31": "9.62520", "2007-08-31": "10.56750", "2006-08-31": "10.22120", "2005-08-31": "10.67510"}, "ROI - Return On Investment": {"2020-08-31": "1.27180", "2019-08-31": "11.23970", "2018-08-31": "12.86040", "2017-08-31": "10.01270", "2016-08-31": "8.55550", "2015-08-31": "9.59090", "2014-08-31": "8.34670", "2013-08-31": "10.64730", "2012-08-31": "9.53430", "2011-08-31": "15.73970", "2010-08-31": "12.45460", "2009-08-31": "12.00340", "2008-08-31": "15.18370", "2007-08-31": "18.34440", "2006-08-31": "17.30960", "2005-08-31": "17.54280"}, "Book Value Per Share": {"2020-08-31": "24.41760", "2019-08-31": "26.97380", "2018-08-31": "28.03080", "2017-08-31": "27.61540", "2016-08-31": "27.96060", "2015-08-31": "28.71800", "2014-08-31": "21.69330", "2013-08-31": "20.55150", "2012-08-31": "19.31670", "2011-08-31": "16.69530", "2010-08-31": "15.34190", "2009-08-31": "14.54240", "2008-08-31": "13.00980", "2007-08-31": "11.20330", "2006-08-31": "10.03690", "2005-08-31": "8.77120"}, "Operating Cash Flow Per Share": {"2020-08-31": 0.1723, "2019-08-31": -2.2471, "2018-08-31": 1.5776, "2017-08-31": -0.4649, "2016-08-31": 1.8175, "2015-08-31": 1.3409, "2014-08-31": -0.4693, "2013-08-31": -0.532, "2012-08-31": 1.0942, "2011-08-31": 0.1506, "2010-08-31": -0.3572, "2009-08-31": 1.0944, "2008-08-31": 0.7105, "2007-08-31": -0.0514, "2006-08-31": 1.0602, "2005-08-31": 1.3334}, "Free Cash Flow Per Share": {"2020-08-31": 1.2736, "2019-08-31": -2.713, "2018-08-31": 1.0447, "2017-08-31": -0.1464, "2016-08-31": 1.0224, "2015-08-31": 2.0531, "2014-08-31": -0.3974, "2013-08-31": 0.0808, "2012-08-31": 0.6451, "2011-08-31": -0.135, "2010-08-31": 0.5602, "2009-08-31": 1.3684, "2008-08-31": 0.2267, "2007-08-31": -0.4955, "2006-08-31": 0.9585, "2005-08-31": 0.1451}}, "financial ratios, quarterly": {"Current Ratio": {"2020-11-30": "0.69400", "2020-08-31": "0.66760", "2020-05-31": "0.68770", "2020-02-29": "0.65970", "2019-11-30": "0.66470", "2019-08-31": "0.72570", "2019-05-31": "0.75900", "2019-02-28": "0.78450", "2018-11-30": "0.80020", "2018-08-31": "0.82360", "2018-05-31": "0.93050", "2018-02-28": "0.90240", "2017-11-30": "0.95930", "2017-08-31": "1.06500", "2017-05-31": "1.29660", "2017-02-28": "1.55610", "2016-11-30": "1.50420", "2016-08-31": "1.52140", "2016-05-31": "1.24680", "2016-02-29": "1.25230", "2015-11-30": "1.19890", "2015-08-31": "1.18720", "2015-05-31": "1.30150", "2015-02-28": "1.24120", "2014-11-30": "2.35700", "2014-08-31": "1.37630", "2014-05-31": "1.41850", "2014-02-28": "1.41620", "2013-11-30": "1.32890", "2013-08-31": "1.33670", "2013-05-31": "1.29730", "2013-02-28": "1.37750", "2012-11-30": "1.30490", "2012-08-31": "1.23370", "2012-05-31": "1.54250", "2012-02-29": "1.54540", "2011-11-30": "1.47130", "2011-08-31": "1.52440", "2011-05-31": "1.64250", "2011-02-28": "1.66190", "2010-11-30": "1.55390", "2010-08-31": "1.60390", "2010-05-31": "1.68040", "2010-02-28": "1.80330", "2009-11-30": "1.70970", "2009-08-31": "1.78000", "2009-05-31": "1.75710", "2009-02-28": "1.67770", "2008-11-30": "1.43110", "2008-08-31": "1.57030", "2008-05-31": "1.35750", "2008-02-29": "1.40290", "2007-11-30": "1.36960", "2007-08-31": "1.41010", "2007-05-31": "1.65150", "2007-02-28": "1.66690", "2006-11-30": "1.56110", "2006-08-31": "1.68630", "2006-05-31": "1.76760", "2006-02-28": "1.79280", "2005-11-30": "1.73010", "2005-08-31": "1.85590", "2005-05-31": "1.88750", "2005-02-28": "1.91930"}, "Long-term Debt / Capital": {"2020-11-30": "0.34800", "2020-08-31": "0.36600", "2020-05-31": "0.36220", "2020-02-29": "0.30390", "2019-11-30": "0.30420", "2019-08-31": "0.31480", "2019-05-31": "0.32870", "2019-02-28": "0.33300", "2018-11-30": "0.30720", "2018-08-31": "0.31780", "2018-05-31": "0.30440", "2018-02-28": "0.30780", "2017-11-30": "0.32250", "2017-08-31": "0.30970", "2017-05-31": "0.31340", "2017-02-28": "0.36860", "2016-11-30": "0.37450", "2016-08-31": "0.38180", "2016-05-31": "0.29580", "2016-02-29": "0.30250", "2015-11-30": "0.29750", "2015-08-31": "0.29840", "2015-05-31": "0.32040", "2015-02-28": "0.34030", "2014-11-30": "0.39850", "2014-08-31": "0.15270", "2014-05-31": "0.14850", "2014-02-28": "0.17730", "2013-11-30": "0.18330", "2013-08-31": "0.18710", "2013-05-31": "0.19170", "2013-02-28": "0.21050", "2012-11-30": "0.21620", "2012-08-31": "0.18260", "2012-05-31": "0.13700", "2012-02-29": "0.13850", "2011-11-30": "0.14010", "2011-08-31": "0.13900", "2011-05-31": "0.13940", "2011-02-28": "0.13950", "2010-11-30": "0.14260", "2010-08-31": "0.14230", "2010-05-31": "0.13500", "2010-02-28": "0.13570", "2009-11-30": "0.13930", "2009-08-31": "0.13980", "2009-05-31": "0.14150", "2009-02-28": "0.14560", "2008-11-30": "0.09240", "2008-08-31": "0.09410", "2008-05-31": "0.00150", "2008-02-29": "0.00220", "2007-11-30": "0.00170", "2007-08-31": "0.00200", "2007-05-31": "", "2007-02-28": "", "2006-11-30": "", "2006-08-31": "", "2006-05-31": "", "2006-02-28": "", "2005-11-30": "", "2005-08-31": "", "2005-05-31": "", "2005-02-28": ""}, "Debt/Equity Ratio": {"2020-11-30": "0.78870", "2020-08-31": "0.74470", "2020-05-31": "0.77330", "2020-02-29": "0.68250", "2019-11-30": "0.69310", "2019-08-31": "0.69710", "2019-05-31": "0.71090", "2019-02-28": "0.70990", "2018-11-30": "0.60880", "2018-08-31": "0.53940", "2018-05-31": "0.52840", "2018-02-28": "0.55620", "2017-11-30": "0.52340", "2017-08-31": "0.45750", "2017-05-31": "0.61020", "2017-02-28": "0.62160", "2016-11-30": "0.63560", "2016-08-31": "0.62840", "2016-05-31": "0.43190", "2016-02-29": "0.46880", "2015-11-30": "0.45830", "2015-08-31": "0.45950", "2015-05-31": "0.50880", "2015-02-28": "0.54990", "2014-11-30": "0.69970", "2014-08-31": "0.21780", "2014-05-31": "0.21070", "2014-02-28": "0.24320", "2013-11-30": "0.25290", "2013-08-31": "0.25940", "2013-05-31": "0.33540", "2013-02-28": "0.33510", "2012-11-30": "0.34740", "2012-08-31": "0.29570", "2012-05-31": "0.15960", "2012-02-29": "0.16150", "2011-11-30": "0.16360", "2011-08-31": "0.16230", "2011-05-31": "0.16270", "2011-02-28": "0.16300", "2010-11-30": "0.16720", "2010-08-31": "0.16670", "2010-05-31": "0.15670", "2010-02-28": "0.15750", "2009-11-30": "0.16270", "2009-08-31": "0.16350", "2009-05-31": "0.16550", "2009-02-28": "0.17140", "2008-11-30": "0.18410", "2008-08-31": "0.11030", "2008-05-31": "0.09290", "2008-02-29": "0.06320", "2007-11-30": "0.10410", "2007-08-31": "0.08160", "2007-05-31": "", "2007-02-28": "", "2006-11-30": "", "2006-08-31": "", "2006-05-31": "", "2006-02-28": "", "2005-11-30": "", "2005-08-31": "", "2005-05-31": "", "2005-02-28": ""}, "Gross Margin": {"2020-11-30": "19.66290", "2020-08-31": "19.57870", "2020-05-31": "18.59030", "2020-02-29": "20.97430", "2019-11-30": "21.15090", "2019-08-31": "21.28760", "2019-05-31": "21.54610", "2019-02-28": "22.45710", "2018-11-30": "22.61120", "2018-08-31": "22.65120", "2018-05-31": "22.65980", "2018-02-28": "24.51770", "2017-11-30": "23.88090", "2017-08-31": "24.34580", "2017-05-31": "23.72340", "2017-02-28": "25.67750", "2016-11-30": "24.96750", "2016-08-31": "24.98600", "2016-05-31": "25.19830", "2016-02-29": "26.06350", "2015-11-30": "25.55370", "2015-08-31": "24.87200", "2015-05-31": "25.98020", "2015-02-28": "25.89850", "2014-11-30": "27.08400", "2014-08-31": "27.95300", "2014-05-31": "28.03980", "2014-02-28": "28.81920", "2013-11-30": "28.10850", "2013-08-31": "28.93370", "2013-05-31": "28.51530", "2013-02-28": "30.06920", "2012-11-30": "29.44680", "2012-08-31": "28.31960", "2012-05-31": "28.24470", "2012-02-29": "28.89390", "2011-11-30": "28.11040", "2011-08-31": "28.21280", "2011-05-31": "28.05510", "2011-02-28": "28.77530", "2010-11-30": "28.51130", "2010-08-31": "28.40550", "2010-05-31": "27.61210", "2010-02-28": "28.82790", "2009-11-30": "27.73160", "2009-08-31": "27.67620", "2009-05-31": "27.50770", "2009-02-28": "28.26710", "2008-11-30": "27.77150", "2008-08-31": "27.64270", "2008-05-31": "28.27170", "2008-02-29": "28.85540", "2007-11-30": "27.95120", "2007-08-31": "27.98050", "2007-05-31": "28.30420", "2007-02-28": "28.96430", "2006-11-30": "28.13550", "2006-08-31": "27.64110", "2006-05-31": "27.45910", "2006-02-28": "28.44090", "2005-11-30": "27.54490", "2005-08-31": "27.94790", "2005-05-31": "27.84890", "2005-02-28": "28.49370"}, "Operating Margin": {"2020-11-30": "-1.21460", "2020-08-31": "1.87350", "2020-05-31": "-4.57390", "2020-02-29": "3.44220", "2019-11-30": "2.95000", "2019-08-31": "2.58590", "2019-05-31": "3.47490", "2019-02-28": "4.39640", "2018-11-30": "4.14290", "2018-08-31": "4.17440", "2018-05-31": "4.65140", "2018-02-28": "5.98710", "2017-11-30": "4.29080", "2017-08-31": "3.45290", "2017-05-31": "5.03690", "2017-02-28": "5.02280", "2016-11-30": "5.07700", "2016-08-31": "3.98100", "2016-05-31": "5.19700", "2016-02-29": "6.16220", "2015-11-30": "5.05630", "2015-08-31": "2.93110", "2015-05-31": "4.86540", "2015-02-28": "5.18200", "2014-11-30": "5.39020", "2014-08-31": "5.39960", "2014-05-31": "5.27810", "2014-02-28": "6.20760", "2013-11-30": "5.04120", "2013-08-31": "6.58270", "2013-05-31": "5.41150", "2013-02-28": "6.51580", "2012-11-30": "4.07140", "2012-08-31": "3.43230", "2012-05-31": "4.91780", "2012-02-29": "5.92460", "2011-11-30": "4.95680", "2011-08-31": "7.04630", "2011-05-31": "5.17660", "2011-02-28": "6.52360", "2010-11-30": "5.42550", "2010-08-31": "4.42210", "2010-05-31": "4.82000", "2010-02-28": "6.39310", "2009-11-30": "4.87040", "2009-08-31": "4.47050", "2009-05-31": "5.21900", "2009-02-28": "6.25190", "2008-11-30": "4.47580", "2008-08-31": "4.87090", "2008-05-31": "6.08720", "2008-02-29": "7.06770", "2007-11-30": "5.18960", "2007-08-31": "4.49880", "2007-05-31": "6.24020", "2007-02-28": "7.32400", "2006-11-30": "5.28700", "2006-08-31": "5.19050", "2006-05-31": "5.81180", "2006-02-28": "6.74910", "2005-11-30": "4.97050", "2005-08-31": "4.74710", "2005-05-31": "5.94700", "2005-02-28": "7.05920"}, "EBIT Margin": {"2020-11-30": "-4.99630", "2020-08-31": "2.03760", "2020-05-31": "-3.87230", "2020-02-29": "3.52040", "2019-11-30": "2.98790", "2019-08-31": "2.75670", "2019-05-31": "3.42860", "2019-02-28": "4.63680", "2018-11-30": "4.25830", "2018-08-31": "4.32090", "2018-05-31": "4.80280", "2018-02-28": "6.59880", "2017-11-30": "3.92650", "2017-08-31": "3.42630", "2017-05-31": "5.31580", "2017-02-28": "5.16540", "2016-11-30": "5.13670", "2016-08-31": "4.09970", "2016-05-31": "5.20710", "2016-02-29": "6.16220", "2015-11-30": "5.05630", "2015-08-31": "2.93110", "2015-05-31": "4.86540", "2015-02-28": "5.56200", "2014-11-30": "6.48460", "2014-08-31": "6.42280", "2014-05-31": "5.97390", "2014-02-28": "6.90130", "2013-11-30": "5.86500", "2013-08-31": "8.12110", "2013-05-31": "6.12680", "2013-02-28": "6.97160", "2012-11-30": "4.09450", "2012-08-31": "3.43230", "2012-05-31": "4.91780", "2012-02-29": "5.92460", "2011-11-30": "4.95680", "2011-08-31": "7.04630", "2011-05-31": "5.17660", "2011-02-28": "6.52360", "2010-11-30": "5.42550", "2010-08-31": "4.42210", "2010-05-31": "4.82000", "2010-02-28": "6.39310", "2009-11-30": "4.87040", "2009-08-31": "4.47050", "2009-05-31": "5.21900", "2009-02-28": "6.25190", "2008-11-30": "4.47580", "2008-08-31": "4.87090", "2008-05-31": "6.08720", "2008-02-29": "7.06770", "2007-11-30": "5.18960", "2007-08-31": "4.49880", "2007-05-31": "6.24020", "2007-02-28": "7.32400", "2006-11-30": "5.28700", "2006-08-31": "5.19050", "2006-05-31": "5.81180", "2006-02-28": "6.74910", "2005-11-30": "4.97050", "2005-08-31": "4.74710", "2005-05-31": "5.94700", "2005-02-28": "7.05920"}, "EBITDA Margin": {"2020-11-30": "", "2020-08-31": "", "2020-05-31": "", "2020-02-29": "", "2019-11-30": "", "2019-08-31": "", "2019-05-31": "", "2019-02-28": "", "2018-11-30": "", "2018-08-31": "", "2018-05-31": "", "2018-02-28": "", "2017-11-30": "", "2017-08-31": "", "2017-05-31": "", "2017-02-28": "", "2016-11-30": "", "2016-08-31": "", "2016-05-31": "", "2016-02-29": "", "2015-11-30": "", "2015-08-31": "", "2015-05-31": "", "2015-02-28": "", "2014-11-30": "", "2014-08-31": "", "2014-05-31": "", "2014-02-28": "", "2013-11-30": "", "2013-08-31": "", "2013-05-31": "", "2013-02-28": "", "2012-11-30": "", "2012-08-31": "", "2012-05-31": "", "2012-02-29": "", "2011-11-30": "", "2011-08-31": "", "2011-05-31": "", "2011-02-28": "", "2010-11-30": "", "2010-08-31": "", "2010-05-31": "", "2010-02-28": "", "2009-11-30": "", "2009-08-31": "", "2009-05-31": "", "2009-02-28": "", "2008-11-30": "", "2008-08-31": "", "2008-05-31": "", "2008-02-29": "", "2007-11-30": "", "2007-08-31": "", "2007-05-31": "", "2007-02-28": "", "2006-11-30": "", "2006-08-31": "", "2006-05-31": "", "2006-02-28": "", "2005-11-30": "", "2005-08-31": "", "2005-05-31": "", "2005-02-28": ""}, "Pre-Tax Profit Margin": {"2020-11-30": "-1.43220", "2020-08-31": "1.54550", "2020-05-31": "-5.11970", "2020-02-29": "3.06250", "2019-11-30": "2.56850", "2019-08-31": "2.08520", "2019-05-31": "3.46330", "2019-02-28": "3.92720", "2018-11-30": "3.74340", "2018-08-31": "4.96680", "2018-05-31": "4.19410", "2018-02-28": "5.56620", "2017-11-30": "3.37020", "2017-08-31": "3.09130", "2017-05-31": "4.49570", "2017-02-28": "4.38770", "2016-11-30": "4.47350", "2016-08-31": "4.30580", "2016-05-31": "4.79350", "2016-02-29": "4.05510", "2015-11-30": "4.38470", "2015-08-31": "-0.14370", "2015-05-31": "5.94200", "2015-02-28": "9.19350", "2014-11-30": "6.12660", "2014-08-31": "1.12820", "2014-05-31": "5.73680", "2014-02-28": "5.71790", "2013-11-30": "6.04510", "2013-08-31": "6.51580", "2013-05-31": "5.55890", "2013-02-28": "6.39240", "2012-11-30": "3.85770", "2012-08-31": "3.21560", "2012-05-31": "4.82200", "2012-02-29": "5.83350", "2011-11-30": "4.86310", "2011-08-31": "6.96280", "2011-05-31": "5.07870", "2011-02-28": "6.42630", "2010-11-30": "5.31020", "2010-08-31": "4.31540", "2010-05-31": "4.68050", "2010-02-28": "6.26360", "2009-11-30": "4.74210", "2009-08-31": "4.32400", "2009-05-31": "5.06480", "2009-02-28": "6.13050", "2008-11-30": "4.37550", "2008-08-31": "4.82290", "2008-05-31": "6.07390", "2008-02-29": "7.05470", "2007-11-30": "5.18960", "2007-08-31": "4.54350", "2007-05-31": "6.32200", "2007-02-28": "7.39720", "2006-11-30": "5.37040", "2006-08-31": "5.35160", "2006-05-31": "5.93990", "2006-02-28": "6.83130", "2005-11-30": "5.03280", "2005-08-31": "4.83190", "2005-05-31": "6.04770", "2005-02-28": "7.12020"}, "Net Profit Margin": {"2020-11-30": "-0.84830", "2020-08-31": "1.07350", "2020-05-31": "-4.93200", "2020-02-29": "2.64100", "2019-11-30": "2.46080", "2019-08-31": "1.99680", "2019-05-31": "2.96320", "2019-02-28": "3.34800", "2018-11-30": "3.32320", "2018-08-31": "4.52130", "2018-05-31": "3.90870", "2018-02-28": "4.08530", "2017-11-30": "2.67080", "2017-08-31": "2.66010", "2017-05-31": "3.85820", "2017-02-28": "3.59980", "2016-11-30": "3.69810", "2016-08-31": "3.59690", "2016-05-31": "3.73920", "2016-02-29": "3.08110", "2015-11-30": "3.82320", "2015-08-31": "0.09120", "2015-05-31": "4.52160", "2015-02-28": "7.68450", "2014-11-30": "4.34690", "2014-08-31": "-1.01280", "2014-05-31": "3.68020", "2014-02-28": "3.65210", "2013-11-30": "3.79180", "2013-08-31": "4.20820", "2013-05-31": "3.40740", "2013-02-28": "4.05430", "2012-11-30": "2.38510", "2012-08-31": "2.06760", "2012-05-31": "3.02500", "2012-02-29": "3.66200", "2011-11-30": "3.05120", "2011-08-31": "4.40810", "2011-05-31": "3.28230", "2011-02-28": "3.99420", "2010-11-30": "3.34410", "2010-08-31": "2.78600", "2010-05-31": "2.69200", "2010-02-28": "3.93830", "2009-11-30": "2.98830", "2009-08-31": "2.77650", "2009-05-31": "3.22020", "2009-02-28": "3.88470", "2008-11-30": "2.72960", "2008-08-31": "3.03490", "2008-05-31": "3.80950", "2008-02-29": "4.45630", "2007-11-30": "3.25060", "2007-08-31": "2.95200", "2007-05-31": "4.09690", "2007-02-28": "4.67860", "2006-11-30": "3.39690", "2006-08-31": "3.39100", "2006-05-31": "3.85370", "2006-02-28": "4.30400", "2005-11-30": "3.17050", "2005-08-31": "3.13490", "2005-05-31": "3.79480", "2005-02-28": "4.46800"}, "Asset Turnover": {"2020-11-30": "0.40720", "2020-08-31": "0.39860", "2020-05-31": "0.40060", "2020-02-29": "0.39800", "2019-11-30": "0.37820", "2019-08-31": "0.50230", "2019-05-31": "0.50430", "2019-02-28": "0.49020", "2018-11-30": "0.48320", "2018-08-31": "0.49090", "2018-05-31": "0.48940", "2018-02-28": "0.46630", "2017-11-30": "0.46140", "2017-08-31": "0.45670", "2017-05-31": "0.40610", "2017-02-28": "0.40610", "2016-11-30": "0.39630", "2016-08-31": "0.39400", "2016-05-31": "0.43810", "2016-02-29": "0.45470", "2015-11-30": "0.42290", "2015-08-31": "0.41470", "2015-05-31": "0.40760", "2015-02-28": "0.37240", "2014-11-30": "0.40220", "2014-08-31": "0.51160", "2014-05-31": "0.51890", "2014-02-28": "0.52870", "2013-11-30": "0.50240", "2013-08-31": "0.50570", "2013-05-31": "0.51100", "2013-02-28": "0.52430", "2012-11-30": "0.49110", "2012-08-31": "0.51020", "2012-05-31": "0.65270", "2012-02-29": "0.70060", "2011-11-30": "0.66200", "2011-08-31": "0.65440", "2011-05-31": "0.67250", "2011-02-28": "0.68840", "2010-11-30": "0.64130", "2010-08-31": "0.64210", "2010-05-31": "0.64400", "2010-02-28": "0.64510", "2009-11-30": "0.61640", "2009-08-31": "0.62460", "2009-05-31": "0.64470", "2009-02-28": "0.66360", "2008-11-30": "0.60980", "2008-08-31": "0.65140", "2008-05-31": "0.69550", "2008-02-29": "0.74200", "2007-11-30": "0.68510", "2007-08-31": "0.69490", "2007-05-31": "0.76340", "2007-02-28": "0.78860", "2006-11-30": "0.70500", "2006-08-31": "0.71040", "2006-05-31": "0.74050", "2006-02-28": "0.77770", "2005-11-30": "0.70770", "2005-08-31": "0.71840", "2005-05-31": "0.75520", "2005-02-28": "0.77520"}, "Inventory Turnover Ratio": {"2020-11-30": "2.60890", "2020-08-31": "2.95660", "2020-05-31": "2.94810", "2020-02-29": "2.93280", "2019-11-30": "2.57000", "2019-08-31": "2.86370", "2019-05-31": "2.74840", "2019-02-28": "2.62790", "2018-11-30": "2.38270", "2018-08-31": "2.70430", "2018-05-31": "2.68520", "2018-02-28": "2.41620", "2017-11-30": "2.33760", "2017-08-31": "2.56310", "2017-05-31": "2.64640", "2017-02-28": "2.37110", "2016-11-30": "2.13020", "2016-08-31": "2.39850", "2016-05-31": "2.47060", "2016-02-29": "2.47280", "2015-11-30": "2.18680", "2015-08-31": "2.46920", "2015-05-31": "2.43200", "2015-02-28": "2.09950", "2014-11-30": "2.18750", "2014-08-31": "2.25970", "2014-05-31": "2.16820", "2014-02-28": "1.93470", "2013-11-30": "1.70490", "2013-08-31": "1.86080", "2013-05-31": "1.90250", "2013-02-28": "1.79790", "2012-11-30": "1.56210", "2012-08-31": "1.73930", "2012-05-31": "1.81870", "2012-02-29": "1.80510", "2011-11-30": "1.58580", "2011-08-31": "1.60340", "2011-05-31": "1.75010", "2011-02-28": "1.73240", "2010-11-30": "1.56770", "2010-08-31": "1.63700", "2010-05-31": "1.75110", "2010-02-28": "1.67920", "2009-11-30": "1.58230", "2009-08-31": "1.67290", "2009-05-31": "1.70530", "2009-02-28": "1.55830", "2008-11-30": "1.30100", "2008-08-31": "1.45700", "2008-05-31": "1.52460", "2008-02-29": "1.49450", "2007-11-30": "1.33810", "2007-08-31": "1.42360", "2007-05-31": "1.52130", "2007-02-28": "1.51550", "2006-11-30": "1.30490", "2006-08-31": "1.45550", "2006-05-31": "1.59320", "2006-02-28": "1.54980", "2005-11-30": "1.26570", "2005-08-31": "1.35210", "2005-05-31": "1.50140", "2005-02-28": "1.52260"}, "Receiveable Turnover": {"2020-11-30": "4.61390", "2020-08-31": "4.87200", "2020-05-31": "4.96000", "2020-02-29": "4.73060", "2019-11-30": "4.61860", "2019-08-31": "4.69890", "2019-05-31": "4.77840", "2019-02-28": "4.41080", "2018-11-30": "4.73030", "2018-08-31": "5.08780", "2018-05-31": "4.79590", "2018-02-28": "4.53520", "2017-11-30": "4.48240", "2017-08-31": "4.61840", "2017-05-31": "4.75120", "2017-02-28": "5.18960", "2016-11-30": "4.64340", "2016-08-31": "4.57440", "2016-05-31": "4.53260", "2016-02-29": "4.48300", "2015-11-30": "4.25640", "2015-08-31": "4.16440", "2015-05-31": "4.17380", "2015-02-28": "3.78690", "2014-11-30": "5.46350", "2014-08-31": "5.92200", "2014-05-31": "6.40510", "2014-02-28": "7.06740", "2013-11-30": "6.72130", "2013-08-31": "6.81650", "2013-05-31": "7.57360", "2013-02-28": "7.51590", "2012-11-30": "7.64840", "2012-08-31": "7.87860", "2012-05-31": "7.73840", "2012-02-29": "7.43360", "2011-11-30": "7.02130", "2011-08-31": "7.19540", "2011-05-31": "7.07120", "2011-02-28": "7.40970", "2010-11-30": "7.01620", "2010-08-31": "6.88570", "2010-05-31": "6.30230", "2010-02-28": "6.30550", "2009-11-30": "6.35000", "2009-08-31": "6.29130", "2009-05-31": "5.79550", "2009-02-28": "5.80920", "2008-11-30": "5.38440", "2008-08-31": "5.77640", "2008-05-31": "6.26930", "2008-02-29": "6.57860", "2007-11-30": "6.24300", "2007-08-31": "5.99980", "2007-05-31": "6.83680", "2007-02-28": "7.04040", "2006-11-30": "5.51510", "2006-08-31": "5.90020", "2006-05-31": "5.96390", "2006-02-28": "6.58110", "2005-11-30": "7.40110", "2005-08-31": "7.51620", "2005-05-31": "7.14560", "2005-02-28": "7.40860"}, "Days Sales In Receivables": {"2020-11-30": "19.50620", "2020-08-31": "18.47300", "2020-05-31": "18.14500", "2020-02-29": "19.02510", "2019-11-30": "19.48660", "2019-08-31": "19.15360", "2019-05-31": "18.83470", "2019-02-28": "20.40430", "2018-11-30": "19.02640", "2018-08-31": "17.68940", "2018-05-31": "18.76600", "2018-02-28": "19.84460", "2017-11-30": "20.07870", "2017-08-31": "19.48720", "2017-05-31": "18.94250", "2017-02-28": "17.34230", "2016-11-30": "19.38250", "2016-08-31": "19.67450", "2016-05-31": "19.85630", "2016-02-29": "20.07590", "2015-11-30": "21.14460", "2015-08-31": "21.61170", "2015-05-31": "21.56310", "2015-02-28": "23.76590", "2014-11-30": "16.47290", "2014-08-31": "15.19760", "2014-05-31": "14.05130", "2014-02-28": "12.73450", "2013-11-30": "13.39030", "2013-08-31": "13.20330", "2013-05-31": "11.88340", "2013-02-28": "11.97460", "2012-11-30": "11.76720", "2012-08-31": "11.42330", "2012-05-31": "11.63020", "2012-02-29": "12.10710", "2011-11-30": "12.81820", "2011-08-31": "12.50790", "2011-05-31": "12.72770", "2011-02-28": "12.14630", "2010-11-30": "12.82750", "2010-08-31": "13.07050", "2010-05-31": "14.28050", "2010-02-28": "14.27330", "2009-11-30": "14.17320", "2009-08-31": "14.30560", "2009-05-31": "15.52930", "2009-02-28": "15.49260", "2008-11-30": "16.71510", "2008-08-31": "15.58060", "2008-05-31": "14.35560", "2008-02-29": "13.68070", "2007-11-30": "14.41620", "2007-08-31": "15.00060", "2007-05-31": "13.16400", "2007-02-28": "12.78330", "2006-11-30": "16.31880", "2006-08-31": "15.25380", "2006-05-31": "15.09090", "2006-02-28": "13.67560", "2005-11-30": "12.16030", "2005-08-31": "11.97410", "2005-05-31": "12.59520", "2005-02-28": "12.14800"}, "ROE - Return On Equity": {"2020-11-30": "-1.44910", "2020-08-31": "1.68910", "2020-05-31": "-8.09490", "2020-02-29": "3.91210", "2019-11-30": "3.45890", "2019-08-31": "2.84020", "2019-05-31": "4.18630", "2019-02-28": "4.48200", "2018-11-30": "4.18840", "2018-08-31": "5.67270", "2018-05-31": "4.72780", "2018-02-28": "4.78740", "2017-11-30": "3.07220", "2017-08-31": "2.85420", "2017-05-31": "3.70030", "2017-02-28": "3.49100", "2016-11-30": "3.59360", "2016-08-31": "3.41800", "2016-05-31": "3.53520", "2016-02-29": "3.11520", "2015-11-30": "3.58540", "2015-08-31": "0.10220", "2015-05-31": "4.10290", "2015-02-28": "6.63960", "2014-11-30": "4.22300", "2014-08-31": "-0.77120", "2014-05-31": "3.51870", "2014-02-28": "3.50410", "2013-11-30": "3.51020", "2013-08-31": "3.88100", "2013-05-31": "3.28770", "2013-02-28": "3.98460", "2012-11-30": "2.24710", "2012-08-31": "1.93570", "2012-05-31": "3.57050", "2012-02-29": "4.60990", "2011-11-30": "3.77540", "2011-08-31": "5.33440", "2011-05-31": "4.09560", "2011-02-28": "5.03370", "2010-11-30": "4.03820", "2010-08-31": "3.26390", "2010-05-31": "3.06380", "2010-02-28": "4.47550", "2009-11-30": "3.34450", "2009-08-31": "3.03280", "2009-05-31": "3.67940", "2009-02-28": "4.67870", "2008-11-30": "3.10720", "2008-08-31": "3.44240", "2008-05-31": "4.56320", "2008-02-29": "5.68680", "2007-11-30": "3.96870", "2007-08-31": "3.56810", "2007-05-31": "5.14800", "2007-02-28": "6.16960", "2006-11-30": "4.25130", "2006-08-31": "4.07980", "2006-05-31": "4.79300", "2006-02-28": "5.53790", "2005-11-30": "3.79540", "2005-08-31": "3.70090", "2005-05-31": "4.71520", "2005-02-28": "5.66520"}, "Return On Tangible Equity": {"2020-11-30": "5.47590", "2020-08-31": "-7.30810", "2020-05-31": "45.32560", "2020-02-29": "-28.14070", "2019-11-30": "-23.73700", "2019-08-31": "-20.88920", "2019-05-31": "-31.70280", "2019-02-28": "-32.12070", "2018-11-30": "-51.64320", "2018-08-31": "-75.39840", "2018-05-31": "-184.38360", "2018-02-28": "-127.38430", "2017-11-30": "346.83540", "2017-08-31": "32.46180", "2017-05-31": "20.22570", "2017-02-28": "19.11100", "2016-11-30": "22.41130", "2016-08-31": "23.24800", "2016-05-31": "30.27900", "2016-02-29": "31.06670", "2015-11-30": "38.26650", "2015-08-31": "1.24180", "2015-05-31": "39.23330", "2015-02-28": "117.24530", "2014-11-30": "4.76350", "2014-08-31": "-0.93100", "2014-05-31": "3.95400", "2014-02-28": "3.97210", "2013-11-30": "4.00800", "2013-08-31": "4.42970", "2013-05-31": "3.76360", "2013-02-28": "4.55810", "2012-11-30": "2.58530", "2012-08-31": "2.19600", "2012-05-31": "4.17180", "2012-02-29": "5.36190", "2011-11-30": "4.37700", "2011-08-31": "6.17300", "2011-05-31": "4.70180", "2011-02-28": "5.78110", "2010-11-30": "4.65230", "2010-08-31": "3.75610", "2010-05-31": "3.50280", "2010-02-28": "4.96730", "2009-11-30": "3.71750", "2009-08-31": "3.37590", "2009-05-31": "4.10250", "2009-02-28": "5.23390", "2008-11-30": "3.48780", "2008-08-31": "3.87540", "2008-05-31": "5.14530", "2008-02-29": "6.24540", "2007-11-30": "4.37450", "2007-08-31": "3.94460", "2007-05-31": "5.34310", "2007-02-28": "6.26910", "2006-11-30": "4.32250", "2006-08-31": "4.14880", "2006-05-31": "4.79300", "2006-02-28": "5.53790", "2005-11-30": "3.79540", "2005-08-31": "3.70090", "2005-05-31": "4.71520", "2005-02-28": "5.66520"}, "ROA - Return On Assets": {"2020-11-30": "-0.33420", "2020-08-31": "0.40950", "2020-05-31": "-1.99670", "2020-02-29": "1.05770", "2019-11-30": "0.92610", "2019-08-31": "1.01480", "2019-05-31": "1.51200", "2019-02-28": "1.61710", "2018-11-30": "1.57280", "2018-08-31": "2.22240", "2018-05-31": "1.91870", "2018-02-28": "1.90490", "2017-11-30": "1.23390", "2017-08-31": "1.22260", "2017-05-31": "1.57070", "2017-02-28": "1.46470", "2016-11-30": "1.48380", "2016-08-31": "1.42390", "2016-05-31": "1.64410", "2016-02-29": "1.40390", "2015-11-30": "1.62690", "2015-08-31": "0.04650", "2015-05-31": "1.85440", "2015-02-28": "2.88690", "2014-11-30": "1.80410", "2014-08-31": "-0.42680", "2014-05-31": "2.02190", "2014-02-28": "1.96870", "2013-11-30": "1.92980", "2013-08-31": "2.12790", "2013-05-31": "1.74100", "2013-02-28": "2.12570", "2012-11-30": "1.17130", "2012-08-31": "1.05490", "2012-05-31": "1.97430", "2012-02-29": "2.56550", "2011-11-30": "2.01980", "2011-08-31": "2.88480", "2011-05-31": "2.20750", "2011-02-28": "2.74950", "2010-11-30": "2.14470", "2010-08-31": "1.78880", "2010-05-31": "1.73360", "2010-02-28": "2.54040", "2009-11-30": "1.84190", "2009-08-31": "1.73420", "2009-05-31": "2.07610", "2009-02-28": "2.57800", "2008-11-30": "1.66440", "2008-08-31": "1.97680", "2008-05-31": "2.64960", "2008-02-29": "3.30630", "2007-11-30": "2.22700", "2007-08-31": "2.05140", "2007-05-31": "3.12750", "2007-02-28": "3.68950", "2006-11-30": "2.39490", "2006-08-31": "2.40910", "2006-05-31": "2.85370", "2006-02-28": "3.34740", "2005-11-30": "2.24390", "2005-08-31": "2.25210", "2005-05-31": "2.86580", "2005-02-28": "3.46340"}, "ROI - Return On Investment": {"2020-11-30": "-0.94500", "2020-08-31": "1.07080", "2020-05-31": "-5.16240", "2020-02-29": "2.72320", "2019-11-30": "2.40680", "2019-08-31": "1.94610", "2019-05-31": "2.81050", "2019-02-28": "2.98970", "2018-11-30": "2.90170", "2018-08-31": "3.87010", "2018-05-31": "3.28890", "2018-02-28": "3.31370", "2017-11-30": "2.08140", "2017-08-31": "1.97030", "2017-05-31": "2.54060", "2017-02-28": "2.20430", "2016-11-30": "2.24780", "2016-08-31": "2.11280", "2016-05-31": "2.48960", "2016-02-29": "2.17290", "2015-11-30": "2.51870", "2015-08-31": "0.07170", "2015-05-31": "2.78820", "2015-02-28": "4.38050", "2014-11-30": "2.54030", "2014-08-31": "-0.65340", "2014-05-31": "2.99620", "2014-02-28": "2.88290", "2013-11-30": "2.86680", "2013-08-31": "3.15490", "2013-05-31": "2.65750", "2013-02-28": "3.14590", "2012-11-30": "1.76130", "2012-08-31": "1.58230", "2012-05-31": "3.08140", "2012-02-29": "3.97160", "2011-11-30": "3.24660", "2011-08-31": "4.59320", "2011-05-31": "3.52490", "2011-02-28": "4.33150", "2010-11-30": "3.46230", "2010-08-31": "2.79950", "2010-05-31": "2.65010", "2010-02-28": "3.86820", "2009-11-30": "2.87870", "2009-08-31": "2.60890", "2009-05-31": "3.15890", "2009-02-28": "3.99730", "2008-11-30": "2.82000", "2008-08-31": "3.11840", "2008-05-31": "4.55630", "2008-02-29": "5.67460", "2007-11-30": "3.96180", "2007-08-31": "3.56100", "2007-05-31": "5.14800", "2007-02-28": "6.16960", "2006-11-30": "4.25130", "2006-08-31": "4.07980", "2006-05-31": "4.79300", "2006-02-28": "5.53790", "2005-11-30": "3.79540", "2005-08-31": "3.70090", "2005-05-31": "4.71520", "2005-02-28": "5.66520"}, "Book Value Per Share": {"2020-11-30": "23.75570", "2020-08-31": "24.41760", "2020-05-31": "24.50420", "2020-02-29": "27.63980", "2019-11-30": "27.37790", "2019-08-31": "26.97380", "2019-05-31": "27.42760", "2019-02-28": "27.79880", "2018-11-30": "27.83730", "2018-08-31": "28.03080", "2018-05-31": "28.68770", "2018-02-28": "28.41480", "2017-11-30": "27.01410", "2017-08-31": "27.61540", "2017-05-31": "29.42170", "2017-02-28": "28.14950", "2016-11-30": "27.51550", "2016-08-31": "27.96060", "2016-05-31": "28.94620", "2016-02-29": "27.71060", "2015-11-30": "28.69600", "2015-08-31": "28.71800", "2015-05-31": "29.23990", "2015-02-28": "28.39230", "2014-11-30": "21.96070", "2014-08-31": "21.69330", "2014-05-31": "22.46070", "2014-02-28": "21.83000", "2013-11-30": "21.10780", "2013-08-31": "20.55150", "2013-05-31": "20.08460", "2013-02-28": "20.02460", "2012-11-30": "19.44650", "2012-08-31": "19.31670", "2012-05-31": "17.51960", "2012-02-29": "17.17300", "2011-11-30": "16.79910", "2011-08-31": "16.69530", "2011-05-31": "16.26100", "2011-02-28": "16.03680", "2010-11-30": "15.57110", "2010-08-31": "15.34190", "2010-05-31": "15.52850", "2010-02-28": "15.27760", "2009-11-30": "14.84100", "2009-08-31": "14.54240", "2009-05-31": "14.29590", "2009-02-28": "13.79340", "2008-11-30": "13.30740", "2008-08-31": "13.00980", "2008-05-31": "12.66310", "2008-02-29": "12.17920", "2007-11-30": "11.58990", "2007-08-31": "11.20330", "2007-05-31": "10.97450", "2007-02-28": "10.60040", "2006-11-30": "10.15090", "2006-08-31": "10.03690", "2006-05-31": "9.71930", "2006-02-28": "9.36970", "2005-11-30": "8.99920", "2005-08-31": "8.77120", "2005-05-31": "8.58580", "2005-02-28": "8.48020"}, "Operating Cash Flow Per Share": {"2020-11-30": "1.38100", "2020-08-31": 2.348, "2020-05-31": 1.0765, "2020-02-29": 1.6165, "2019-11-30": "1.18870", "2019-08-31": 2.5291, "2019-05-31": 2.2443, "2019-02-28": 0.8005, "2018-11-30": "0.48350", "2018-08-31": 2.8328, "2018-05-31": 2.2492, "2018-02-28": 2.2305, "2017-11-30": "0.99200", "2017-08-31": 1.8895, "2017-05-31": 1.7218, "2017-02-28": 2.6332, "2016-11-30": "0.48240", "2016-08-31": 2.4234, "2016-05-31": 1.934, "2016-02-29": 2.1681, "2015-11-30": "0.66630", "2015-08-31": 1.6016, "2015-05-31": 1.5569, "2015-02-28": 1.1373, "2014-11-30": "1.07850", "2014-08-31": 1.4404, "2014-05-31": 1.3094, "2014-02-28": 1.1453, "2013-11-30": "0.13830", "2013-08-31": 1.1888, "2013-05-31": 1.427, "2013-02-28": 1.2551, "2012-11-30": "0.63180", "2012-08-31": 0.801, "2012-05-31": 2.1576, "2012-02-29": 1.1622, "2011-11-30": "0.91390", "2011-08-31": 0.3827, "2011-05-31": 1.3477, "2011-02-28": 0.9632, "2010-11-30": "1.24690", "2010-08-31": 0.9192, "2010-05-31": 1.077, "2010-02-28": 0.6179, "2009-11-30": "1.17580", "2009-08-31": 0.8651, "2009-05-31": 1.5225, "2009-02-28": 1.4444, "2008-11-30": "0.31510", "2008-08-31": 0.5467, "2008-05-31": 0.9924, "2008-02-29": 1.1226, "2007-11-30": "0.39100", "2007-08-31": 0.2654, "2007-05-31": 0.7176, "2007-02-28": 0.8656, "2006-11-30": "0.49360", "2006-08-31": 0.1409, "2006-05-31": 1.0112, "2006-02-28": 0.8136, "2005-11-30": "0.42790", "2005-08-31": 0.2257, "2005-05-31": 0.5377, "2005-02-28": 0.57}, "Free Cash Flow Per Share": {"2020-11-30": "1.14990", "2020-08-31": 2.0723, "2020-05-31": 1.0339, "2020-02-29": 1.4653, "2019-11-30": "0.91980", "2019-08-31": 2.0568, "2019-05-31": 1.729, "2019-02-28": 0.4424, "2018-11-30": "-0.01050", "2018-08-31": 2.4466, "2018-05-31": 1.9306, "2018-02-28": 1.9354, "2017-11-30": "0.61810", "2017-08-31": 1.4883, "2017-05-31": 1.2821, "2017-02-28": 2.5799, "2016-11-30": "0.53570", "2016-08-31": 2.0396, "2016-05-31": 1.7069, "2016-02-29": 1.8799, "2015-11-30": "0.40600", "2015-08-31": 1.2582, "2015-05-31": 1.6128, "2015-02-28": 1.1066, "2014-11-30": "1.03240", "2014-08-31": 1.0636, "2014-05-31": 1.223, "2014-02-28": 0.9105, "2013-11-30": "-0.24020", "2013-08-31": 0.9518, "2013-05-31": 1.125, "2013-02-28": 0.9989, "2012-11-30": "0.27860", "2012-08-31": 0.3135, "2012-05-31": 1.7104, "2012-02-29": 0.809, "2011-11-30": "0.44060", "2011-08-31": -0.1714, "2011-05-31": 1.0951, "2011-02-28": 0.75, "2010-11-30": "0.95470", "2010-08-31": 0.6931, "2010-05-31": 0.8097, "2010-02-28": 0.3909, "2009-11-30": "0.86970", "2009-08-31": 0.4308, "2009-05-31": 1.0878, "2009-02-28": 0.9987, "2008-11-30": "-0.31410", "2008-08-31": -0.0223, "2008-05-31": 0.3817, "2008-02-29": 0.5706, "2007-11-30": "-0.09520", "2007-08-31": -0.2521, "2007-05-31": 0.294, "2007-02-28": 0.4715, "2006-11-30": "0.09470", "2006-08-31": -0.2746, "2006-05-31": 0.7238, "2006-02-28": 0.5547, "2005-11-30": "0.09970", "2005-08-31": -0.1414, "2005-05-31": 0.2668, "2005-02-28": 0.0197}}, "revenue": {"Walgreens Annual Revenue (Millions of US $)": {"2020": "$139,537", "2019": "$136,866", "2018": "$131,537", "2017": "$118,214", "2016": "$117,351", "2015": "$103,444", "2014": "$76,392", "2013": "$72,217", "2012": "$71,633", "2011": "$72,184", "2010": "$67,420", "2009": "$63,335", "2008": "$59,034", "2007": "$53,762", "2006": "$47,409", "2005": "$42,202"}, "Walgreens Quarterly Revenue (Millions of US $)": {"2020-11-30": "$36,307", "2020-08-31": "$34,747", "2020-05-31": "$34,631", "2020-02-29": "$35,820", "2019-11-30": "$34,339", "2019-08-31": "$33,954", "2019-05-31": "$34,591", "2019-02-28": "$34,528", "2018-11-30": "$33,793", "2018-08-31": "$33,442", "2018-05-31": "$34,334", "2018-02-28": "$33,021", "2017-11-30": "$30,740", "2017-08-31": "$30,149", "2017-05-31": "$30,118", "2017-02-28": "$29,446", "2016-11-30": "$28,501", "2016-08-31": "$28,636", "2016-05-31": "$29,498", "2016-02-29": "$30,184", "2015-11-30": "$29,033", "2015-08-31": "$28,522", "2015-05-31": "$28,795", "2015-02-28": "$26,573", "2014-11-30": "$19,554", "2014-08-31": "$19,057", "2014-05-31": "$19,401", "2014-02-28": "$19,605", "2013-11-30": "$18,329", "2013-08-31": "$17,941", "2013-05-31": "$18,313", "2013-02-28": "$18,647", "2012-11-30": "$17,316", "2012-08-31": "$17,073", "2012-05-31": "$17,752", "2012-02-29": "$18,651", "2011-11-30": "$18,157", "2011-08-31": "$17,967", "2011-05-31": "$18,371", "2011-02-28": "$18,502", "2010-11-30": "$17,344", "2010-08-31": "$16,870", "2010-05-31": "$17,199", "2010-02-28": "$16,987", "2009-11-30": "$16,364", "2009-08-31": "$15,703", "2009-05-31": "$16,210", "2009-02-28": "$16,475", "2008-11-30": "$14,947", "2008-08-31": "$14,597", "2008-05-31": "$15,015", "2008-02-29": "$15,394", "2007-11-30": "$14,028", "2007-08-31": "$13,422", "2007-05-31": "$13,698", "2007-02-28": "$13,934", "2006-11-30": "$12,709", "2006-08-31": "$12,170", "2006-05-31": "$12,175", "2006-02-28": "$12,163", "2005-11-30": "$10,900", "2005-08-31": "$10,495", "2005-05-31": "$10,831", "2005-02-28": "$10,987"}}, "gross-profit": {"Walgreens Annual Gross Profit (Millions of US $)": {"2020": "$28,017", "2019": "$30,076", "2018": "$30,792", "2017": "$29,162", "2016": "$29,874", "2015": "$26,753", "2014": "$21,569", "2013": "$21,119", "2012": "$20,342", "2011": "$20,492", "2010": "$18,976", "2009": "$17,613", "2008": "$16,643", "2007": "$15,244", "2006": "$13,169", "2005": "$11,788"}, "Walgreens Quarterly Gross Profit (Millions of US $)": {"2020-11-30": "$7,139", "2020-08-31": "$6,804", "2020-05-31": "$6,438", "2020-02-29": "$7,513", "2019-11-30": "$7,262", "2019-08-31": "$7,227", "2019-05-31": "$7,453", "2019-02-28": "$7,755", "2018-11-30": "$7,641", "2018-08-31": "$7,575", "2018-05-31": "$7,780", "2018-02-28": "$8,096", "2017-11-30": "$7,341", "2017-08-31": "$7,340", "2017-05-31": "$7,145", "2017-02-28": "$7,561", "2016-11-30": "$7,116", "2016-08-31": "$7,155", "2016-05-31": "$7,433", "2016-02-29": "$7,867", "2015-11-30": "$7,419", "2015-08-31": "$7,094", "2015-05-31": "$7,481", "2015-02-28": "$6,882", "2014-11-30": "$5,296", "2014-08-31": "$5,327", "2014-05-31": "$5,440", "2014-02-28": "$5,650", "2013-11-30": "$5,152", "2013-08-31": "$5,191", "2013-05-31": "$5,222", "2013-02-28": "$5,607", "2012-11-30": "$5,099", "2012-08-31": "$4,835", "2012-05-31": "$5,014", "2012-02-29": "$5,389", "2011-11-30": "$5,104", "2011-08-31": "$5,069", "2011-05-31": "$5,154", "2011-02-28": "$5,324", "2010-11-30": "$4,945", "2010-08-31": "$4,792", "2010-05-31": "$4,749", "2010-02-28": "$4,897", "2009-11-30": "$4,538", "2009-08-31": "$4,346", "2009-05-31": "$4,459", "2009-02-28": "$4,657", "2008-11-30": "$4,151", "2008-08-31": "$4,035", "2008-05-31": "$4,245", "2008-02-29": "$4,442", "2007-11-30": "$3,921", "2007-08-31": "$3,755", "2007-05-31": "$3,877", "2007-02-28": "$4,036", "2006-11-30": "$3,576", "2006-08-31": "$3,364", "2006-05-31": "$3,343", "2006-02-28": "$3,459", "2005-11-30": "$3,003", "2005-08-31": "$2,933", "2005-05-31": "$3,016", "2005-02-28": "$3,131"}}, "operating-income": {"Walgreens Annual Operating Income (Millions of US $)": {"2020": "$1,313", "2019": "$4,998", "2018": "$6,289", "2017": "$5,484", "2016": "$6,001", "2015": "$4,668", "2014": "$4,194", "2013": "$4,092", "2012": "$3,464", "2011": "$4,365", "2010": "$3,458", "2009": "$3,247", "2008": "$3,441", "2007": "$3,151", "2006": "$2,702", "2005": "$2,424"}, "Walgreens Quarterly Operating Income (Millions of US $)": {"2020-11-30": "$-441", "2020-08-31": "$651", "2020-05-31": "$-1,584", "2020-02-29": "$1,233", "2019-11-30": "$1,013", "2019-08-31": "$878", "2019-05-31": "$1,202", "2019-02-28": "$1,518", "2018-11-30": "$1,400", "2018-08-31": "$1,396", "2018-05-31": "$1,597", "2018-02-28": "$1,977", "2017-11-30": "$1,319", "2017-08-31": "$1,041", "2017-05-31": "$1,517", "2017-02-28": "$1,479", "2016-11-30": "$1,447", "2016-08-31": "$1,140", "2016-05-31": "$1,533", "2016-02-29": "$1,860", "2015-11-30": "$1,468", "2015-08-31": "$836", "2015-05-31": "$1,401", "2015-02-28": "$1,377", "2014-11-30": "$1,054", "2014-08-31": "$1,029", "2014-05-31": "$1,024", "2014-02-28": "$1,217", "2013-11-30": "$924", "2013-08-31": "$1,181", "2013-05-31": "$991", "2013-02-28": "$1,215", "2012-11-30": "$705", "2012-08-31": "$586", "2012-05-31": "$873", "2012-02-29": "$1,105", "2011-11-30": "$900", "2011-08-31": "$1,266", "2011-05-31": "$951", "2011-02-28": "$1,207", "2010-11-30": "$941", "2010-08-31": "$746", "2010-05-31": "$829", "2010-02-28": "$1,086", "2009-11-30": "$797", "2009-08-31": "$702", "2009-05-31": "$846", "2009-02-28": "$1,030", "2008-11-30": "$669", "2008-08-31": "$711", "2008-05-31": "$914", "2008-02-29": "$1,088", "2007-11-30": "$728", "2007-08-31": "$604", "2007-05-31": "$855", "2007-02-28": "$1,021", "2006-11-30": "$672", "2006-08-31": "$632", "2006-05-31": "$708", "2006-02-28": "$821", "2005-11-30": "$542", "2005-08-31": "$498", "2005-05-31": "$644", "2005-02-28": "$776"}}, "ebitda": {"Walgreens Annual EBITDA (Millions of US $)": {"2020": "$3,581", "2019": "$7,200", "2018": "$8,250", "2017": "$7,273", "2016": "$7,756", "2015": "$6,725", "2014": "$6,127", "2013": "$5,871", "2012": "$4,630", "2011": "$5,451", "2010": "$4,488", "2009": "$4,222", "2008": "$4,281", "2007": "$3,827", "2006": "$3,274", "2005": "$2,906"}, "Walgreens Quarterly EBITDA (Millions of US $)": {"2020-11-30": "$-1,339", "2020-08-31": "$-813", "2020-05-31": "$1,138", "2020-02-29": "$1,753", "2019-11-30": "$1,503", "2019-08-31": "$1,462", "2019-05-31": "$1,708", "2019-02-28": "$2,101", "2018-11-30": "$1,929", "2018-08-31": "$1,915", "2018-05-31": "$2,091", "2018-02-28": "$2,621", "2017-11-30": "$1,623", "2017-08-31": "$1,443", "2017-05-31": "$2,014", "2017-02-28": "$1,933", "2016-11-30": "$1,883", "2016-08-31": "$1,621", "2016-05-31": "$1,983", "2016-02-29": "$2,302", "2015-11-30": "$1,850", "2015-08-31": "$1,314", "2015-05-31": "$1,839", "2015-02-28": "$1,985", "2014-11-30": "$1,587", "2014-08-31": "$1,539", "2014-05-31": "$1,497", "2014-02-28": "$1,684", "2013-11-30": "$1,407", "2013-08-31": "$1,782", "2013-05-31": "$1,440", "2013-02-28": "$1,627", "2012-11-30": "$1,022", "2012-08-31": "$896", "2012-05-31": "$1,169", "2012-02-29": "$1,388", "2011-11-30": "$1,177", "2011-08-31": "$1,554", "2011-05-31": "$1,220", "2011-02-28": "$1,463", "2010-11-30": "$1,214", "2010-08-31": "$1,008", "2010-05-31": "$1,092", "2010-02-28": "$1,334", "2009-11-30": "$1,054", "2009-08-31": "$936", "2009-05-31": "$1,110", "2009-02-28": "$1,271", "2008-11-30": "$905", "2008-08-31": "$943", "2008-05-31": "$1,125", "2008-02-29": "$1,290", "2007-11-30": "$923", "2007-08-31": "$784", "2007-05-31": "$1,032", "2007-02-28": "$1,179", "2006-11-30": "$832", "2006-08-31": "$795", "2006-05-31": "$845", "2006-02-28": "$960", "2005-11-30": "$675", "2005-08-31": "$628", "2005-05-31": "$644", "2005-02-28": "$776"}}, "net-income": {"Walgreens Annual Net Income (Millions of US $)": {"2020": "$456", "2019": "$3,982", "2018": "$5,024", "2017": "$4,078", "2016": "$4,173", "2015": "$4,220", "2014": "$1,932", "2013": "$2,548", "2012": "$2,127", "2011": "$2,714", "2010": "$2,091", "2009": "$2,006", "2008": "$2,157", "2007": "$2,041", "2006": "$1,751", "2005": "$1,560"}, "Walgreens Quarterly Net Income (Millions of US $)": {"2020-11-30": "$-308", "2020-08-31": "$373", "2020-05-31": "$-1,708", "2020-02-29": "$946", "2019-11-30": "$845", "2019-08-31": "$678", "2019-05-31": "$1,025", "2019-02-28": "$1,156", "2018-11-30": "$1,123", "2018-08-31": "$1,512", "2018-05-31": "$1,342", "2018-02-28": "$1,349", "2017-11-30": "$821", "2017-08-31": "$802", "2017-05-31": "$1,162", "2017-02-28": "$1,060", "2016-11-30": "$1,054", "2016-08-31": "$1,030", "2016-05-31": "$1,103", "2016-02-29": "$930", "2015-11-30": "$1,110", "2015-08-31": "$26", "2015-05-31": "$1,302", "2015-02-28": "$2,042", "2014-11-30": "$850", "2014-08-31": "$-193", "2014-05-31": "$714", "2014-02-28": "$716", "2013-11-30": "$695", "2013-08-31": "$755", "2013-05-31": "$624", "2013-02-28": "$756", "2012-11-30": "$413", "2012-08-31": "$353", "2012-05-31": "$537", "2012-02-29": "$683", "2011-11-30": "$554", "2011-08-31": "$792", "2011-05-31": "$603", "2011-02-28": "$739", "2010-11-30": "$580", "2010-08-31": "$470", "2010-05-31": "$463", "2010-02-28": "$669", "2009-11-30": "$489", "2009-08-31": "$436", "2009-05-31": "$522", "2009-02-28": "$640", "2008-11-30": "$408", "2008-08-31": "$443", "2008-05-31": "$572", "2008-02-29": "$686", "2007-11-30": "$456", "2007-08-31": "$396", "2007-05-31": "$561", "2007-02-28": "$652", "2006-11-30": "$432", "2006-08-31": "$413", "2006-05-31": "$469", "2006-02-28": "$524", "2005-11-30": "$346", "2005-08-31": "$329", "2005-05-31": "$411", "2005-02-28": "$491"}}, "eps-earnings-per-share-diluted": {"Walgreens Annual EPS": {"2020": "$0.52", "2019": "$4.31", "2018": "$5.05", "2017": "$3.78", "2016": "$3.82", "2015": "$4.00", "2014": "$2.00", "2013": "$2.67", "2012": "$2.42", "2011": "$2.94", "2010": "$2.12", "2009": "$2.02", "2008": "$2.17", "2007": "$2.03", "2006": "$1.72", "2005": "$1.52"}, "Walgreens Quarterly EPS": {"2020-11-30": "$-0.36", "2020-08-31": "$0.45", "2020-05-31": "$-1.95", "2020-02-29": "$1.07", "2019-11-30": "$0.95", "2019-08-31": "$0.76", "2019-05-31": "$1.13", "2019-02-28": "$1.24", "2018-11-30": "$1.18", "2018-08-31": "$1.53", "2018-05-31": "$1.35", "2018-02-28": "$1.36", "2017-11-30": "$0.81", "2017-08-31": "$0.76", "2017-05-31": "$1.07", "2017-02-28": "$0.98", "2016-11-30": "$0.97", "2016-08-31": "$0.95", "2016-05-31": "$1.01", "2016-02-29": "$0.85", "2015-11-30": "$1.01", "2015-08-31": "$0.00", "2015-05-31": "$1.18", "2015-02-28": "$1.93", "2014-11-30": "$0.89", "2014-08-31": "$-0.20", "2014-05-31": "$0.74", "2014-02-28": "$0.74", "2013-11-30": "$0.72", "2013-08-31": "$0.80", "2013-05-31": "$0.65", "2013-02-28": "$0.79", "2012-11-30": "$0.43", "2012-08-31": "$0.39", "2012-05-31": "$0.62", "2012-02-29": "$0.78", "2011-11-30": "$0.63", "2011-08-31": "$0.87", "2011-05-31": "$0.65", "2011-02-28": "$0.80", "2010-11-30": "$0.62", "2010-08-31": "$0.48", "2010-05-31": "$0.47", "2010-02-28": "$0.68", "2009-11-30": "$0.49", "2009-08-31": "$0.43", "2009-05-31": "$0.53", "2009-02-28": "$0.65", "2008-11-30": "$0.41", "2008-08-31": "$0.44", "2008-05-31": "$0.58", "2008-02-29": "$0.69", "2007-11-30": "$0.46", "2007-08-31": "$0.39", "2007-05-31": "$0.56", "2007-02-28": "$0.65", "2006-11-30": "$0.43", "2006-08-31": "$0.41", "2006-05-31": "$0.46", "2006-02-28": "$0.51", "2005-11-30": "$0.34", "2005-08-31": "$0.32", "2005-05-31": "$0.40", "2005-02-28": "$0.48"}}, "shares-outstanding": {"Walgreens Annual Shares Outstanding (Millions of Shares)": {"2020": "880", "2019": "924", "2018": "995", "2017": "1,079", "2016": "1,091", "2015": "1,054", "2014": "965", "2013": "955", "2012": "880", "2011": "925", "2010": "988", "2009": "991", "2008": "996", "2007": "1,006", "2006": "1,019", "2005": "1,028"}, "Walgreens Quarterly Shares Outstanding (Millions of Shares)": {"2020-11-30": "865", "2020-08-31": "880", "2020-05-31": "875", "2020-02-29": "886", "2019-11-30": "893", "2019-08-31": "924", "2019-05-31": "911", "2019-02-28": "931", "2018-11-30": "951", "2018-08-31": "995", "2018-05-31": "995", "2018-02-28": "996", "2017-11-30": "1,011", "2017-08-31": "1,079", "2017-05-31": "1,083", "2017-02-28": "1,086", "2016-11-30": "1,088", "2016-08-31": "1,091", "2016-05-31": "1,088", "2016-02-29": "1,088", "2015-11-30": "1,099", "2015-08-31": "1,054", "2015-05-31": "1,102", "2015-02-28": "1,055", "2014-11-30": "956", "2014-08-31": "965", "2014-05-31": "968", "2014-02-28": "964", "2013-11-30": "962", "2013-08-31": "955", "2013-05-31": "959", "2013-02-28": "953", "2012-11-30": "951", "2012-08-31": "880", "2012-05-31": "865", "2012-02-29": "875", "2011-11-30": "885", "2011-08-31": "925", "2011-05-31": "922", "2011-02-28": "928", "2010-11-30": "934", "2010-08-31": "988", "2010-05-31": "982", "2010-02-28": "983", "2009-11-30": "993", "2009-08-31": "991", "2009-05-31": "993", "2009-02-28": "989", "2008-11-30": "990", "2008-08-31": "996", "2008-05-31": "994", "2008-02-29": "995", "2007-11-30": "998", "2007-08-31": "1,006", "2007-05-31": "1,003", "2007-02-28": "1,007", "2006-11-30": "1,013", "2006-08-31": "1,019", "2006-05-31": "1,018", "2006-02-28": "1,020", "2005-11-30": "1,022", "2005-08-31": "1,028", "2005-05-31": "1,029", "2005-02-28": "1,030"}}, "total-assets": {"Walgreens Annual Total Assets (Millions of US $)": {"2020": "$87,174", "2019": "$67,598", "2018": "$68,124", "2017": "$66,009", "2016": "$72,688", "2015": "$68,782", "2014": "$37,250", "2013": "$35,481", "2012": "$33,462", "2011": "$27,454", "2010": "$26,275", "2009": "$25,142", "2008": "$22,410", "2007": "$19,314", "2006": "$17,131", "2005": "$14,609"}, "Walgreens Quarterly Total Assets (Millions of US $)": {"2020-11-30": "$89,167", "2020-08-31": "$87,174", "2020-05-31": "$86,444", "2020-02-29": "$90,003", "2019-11-30": "$90,807", "2019-08-31": "$67,598", "2019-05-31": "$68,586", "2019-02-28": "$70,434", "2018-11-30": "$69,941", "2018-08-31": "$68,124", "2018-05-31": "$70,152", "2018-02-28": "$70,816", "2017-11-30": "$66,618", "2017-08-31": "$66,009", "2017-05-31": "$74,173", "2017-02-28": "$72,505", "2016-11-30": "$71,912", "2016-08-31": "$72,688", "2016-05-31": "$67,333", "2016-02-29": "$66,385", "2015-11-30": "$68,657", "2015-08-31": "$68,782", "2015-05-31": "$70,644", "2015-02-28": "$71,357", "2014-11-30": "$48,612", "2014-08-31": "$37,250", "2014-05-31": "$37,391", "2014-02-28": "$37,081", "2013-11-30": "$36,481", "2013-08-31": "$35,481", "2013-05-31": "$35,841", "2013-02-28": "$35,564", "2012-11-30": "$35,259", "2012-08-31": "$33,462", "2012-05-31": "$27,199", "2012-02-29": "$26,622", "2011-11-30": "$27,429", "2011-08-31": "$27,454", "2011-05-31": "$27,316", "2011-02-28": "$26,878", "2010-11-30": "$27,044", "2010-08-31": "$26,275", "2010-05-31": "$26,707", "2010-02-28": "$26,334", "2009-11-30": "$26,548", "2009-08-31": "$25,142", "2009-05-31": "$25,143", "2009-02-28": "$24,825", "2008-11-30": "$24,513", "2008-08-31": "$22,410", "2008-05-31": "$21,588", "2008-02-29": "$20,748", "2007-11-30": "$20,476", "2007-08-31": "$19,314", "2007-05-31": "$17,944", "2007-02-28": "$17,669", "2006-11-30": "$18,026", "2006-08-31": "$17,131", "2006-05-31": "$16,442", "2006-02-28": "$15,639", "2005-11-30": "$15,402", "2005-08-31": "$14,609", "2005-05-31": "$14,342", "2005-02-28": "$14,174"}}, "cash-on-hand": {"Walgreens Annual Cash on Hand (Millions of US $)": {"2020": "$516", "2019": "$1,023", "2018": "$785", "2017": "$3,301", "2016": "$9,807", "2015": "$3,000", "2014": "$2,646", "2013": "$2,106", "2012": "$1,297", "2011": "$1,556", "2010": "$1,880", "2009": "$2,587", "2008": "$443", "2007": "$255", "2006": "$1,335", "2005": "$1,072"}, "Walgreens Quarterly Cash on Hand (Millions of US $)": {"2020-11-30": "$1,111", "2020-08-31": "$516", "2020-05-31": "$768", "2020-02-29": "$792", "2019-11-30": "$811", "2019-08-31": "$1,023", "2019-05-31": "$839", "2019-02-28": "$818", "2018-11-30": "$980", "2018-08-31": "$785", "2018-05-31": "$1,818", "2018-02-28": "$1,749", "2017-11-30": "$1,830", "2017-08-31": "$3,301", "2017-05-31": "$12,253", "2017-02-28": "$11,822", "2016-11-30": "$9,598", "2016-08-31": "$9,807", "2016-05-31": "$3,291", "2016-02-29": "$3,586", "2015-11-30": "$2,570", "2015-08-31": "$3,000", "2015-05-31": "$4,449", "2015-02-28": "$3,005", "2014-11-30": "$12,861", "2014-08-31": "$2,646", "2014-05-31": "$2,126", "2014-02-28": "$1,777", "2013-11-30": "$969", "2013-08-31": "$2,106", "2013-05-31": "$2,994", "2013-02-28": "$2,431", "2012-11-30": "$1,829", "2012-08-31": "$1,297", "2012-05-31": "$1,995", "2012-02-29": "$1,084", "2011-11-30": "$1,094", "2011-08-31": "$1,556", "2011-05-31": "$2,652", "2011-02-28": "$2,243", "2010-11-30": "$2,062", "2010-08-31": "$1,880", "2010-05-31": "$2,312", "2010-02-28": "$3,101", "2009-11-30": "$3,152", "2009-08-31": "$2,587", "2009-05-31": "$2,400", "2009-02-28": "$1,559", "2008-11-30": "$886", "2008-08-31": "$443", "2008-05-31": "$472", "2008-02-29": "$255", "2007-11-30": "$295", "2007-08-31": "$255", "2007-05-31": "$758", "2007-02-28": "$958", "2006-11-30": "$769", "2006-08-31": "$1,335", "2006-05-31": "$1,803", "2006-02-28": "$1,225", "2005-11-30": "$896", "2005-08-31": "$1,072", "2005-05-31": "$1,370", "2005-02-28": "$1,447"}}, "long-term-debt": {"Walgreens Annual Long Term Debt (Millions of US $)": {"2020": "$12,203", "2019": "$11,098", "2018": "$12,431", "2017": "$12,684", "2016": "$18,705", "2015": "$13,315", "2014": "$3,716", "2013": "$4,477", "2012": "$4,073", "2011": "$2,396", "2010": "$2,389", "2009": "$2,336", "2008": "$1,337", "2007": "$22", "2006": "$", "2005": "$"}, "Walgreens Quarterly Long Term Debt (Millions of US $)": {"2020-11-30": "$10,973", "2020-08-31": "$12,203", "2020-05-31": "$12,111", "2020-02-29": "$10,625", "2019-11-30": "$10,628", "2019-08-31": "$11,098", "2019-05-31": "$12,127", "2019-02-28": "$12,685", "2018-11-30": "$11,646", "2018-08-31": "$12,431", "2018-05-31": "$12,456", "2018-02-28": "$12,532", "2017-11-30": "$12,737", "2017-08-31": "$12,684", "2017-05-31": "$14,372", "2017-02-28": "$17,758", "2016-11-30": "$17,777", "2016-08-31": "$18,705", "2016-05-31": "$13,151", "2016-02-29": "$12,974", "2015-11-30": "$13,194", "2015-08-31": "$13,315", "2015-05-31": "$15,055", "2015-02-28": "$16,001", "2014-11-30": "$13,756", "2014-08-31": "$3,716", "2014-05-31": "$3,747", "2014-02-28": "$4,489", "2013-11-30": "$4,501", "2013-08-31": "$4,477", "2013-05-31": "$4,501", "2013-02-28": "$5,058", "2012-11-30": "$5,069", "2012-08-31": "$4,073", "2012-05-31": "$2,387", "2012-02-29": "$2,381", "2011-11-30": "$2,390", "2011-08-31": "$2,396", "2011-05-31": "$2,384", "2011-02-28": "$2,380", "2010-11-30": "$2,389", "2010-08-31": "$2,389", "2010-05-31": "$2,359", "2010-02-28": "$2,347", "2009-11-30": "$2,366", "2009-08-31": "$2,336", "2009-05-31": "$2,338", "2009-02-28": "$2,332", "2008-11-30": "$1,337", "2008-08-31": "$1,337", "2008-05-31": "$19", "2008-02-29": "$26", "2007-11-30": "$20", "2007-08-31": "$22", "2007-05-31": "", "2007-02-28": "", "2006-11-30": "", "2006-08-31": "", "2006-05-31": "", "2006-02-28": "", "2005-11-30": "", "2005-08-31": "", "2005-05-31": "", "2005-02-28": ""}}, "total-liabilities": {"Walgreens Annual Total Liabilities (Millions of US $)": {"2020": "$66,038", "2019": "$43,446", "2018": "$41,435", "2017": "$37,735", "2016": "$42,407", "2015": "$37,482", "2014": "$16,633", "2013": "$16,027", "2012": "$15,226", "2011": "$12,607", "2010": "$11,875", "2009": "$10,766", "2008": "$9,541", "2007": "$8,210", "2006": "$7,015", "2005": "$5,719"}, "Walgreens Quarterly Total Liabilities (Millions of US $)": {"2020-11-30": "$68,604", "2020-08-31": "$66,038", "2020-05-31": "$65,121", "2020-02-29": "$65,669", "2019-11-30": "$66,495", "2019-08-31": "$43,446", "2019-05-31": "$43,815", "2019-02-28": "$45,021", "2018-11-30": "$43,678", "2018-08-31": "$41,435", "2018-05-31": "$41,682", "2018-02-28": "$42,638", "2017-11-30": "$39,862", "2017-08-31": "$37,735", "2017-05-31": "$42,689", "2017-02-28": "$42,084", "2016-11-30": "$42,220", "2016-08-31": "$42,407", "2016-05-31": "$36,019", "2016-02-29": "$36,467", "2015-11-30": "$37,503", "2015-08-31": "$37,482", "2015-05-31": "$38,715", "2015-02-28": "$40,331", "2014-11-30": "$27,845", "2014-08-31": "$16,633", "2014-05-31": "$15,906", "2014-02-28": "$16,248", "2013-11-30": "$16,425", "2013-08-31": "$16,027", "2013-05-31": "$16,861", "2013-02-28": "$16,591", "2012-11-30": "$16,880", "2012-08-31": "$15,226", "2012-05-31": "$12,159", "2012-02-29": "$11,806", "2011-11-30": "$12,755", "2011-08-31": "$12,607", "2011-05-31": "$12,593", "2011-02-28": "$12,197", "2010-11-30": "$12,681", "2010-08-31": "$11,875", "2010-05-31": "$11,595", "2010-02-28": "$11,386", "2009-11-30": "$11,927", "2009-08-31": "$10,766", "2009-05-31": "$10,956", "2009-02-28": "$11,146", "2008-11-30": "$11,382", "2008-08-31": "$9,541", "2008-05-31": "$9,053", "2008-02-29": "$8,685", "2007-11-30": "$8,986", "2007-08-31": "$8,210", "2007-05-31": "$7,043", "2007-02-28": "$7,103", "2006-11-30": "$7,872", "2006-08-31": "$7,015", "2006-05-31": "$6,652", "2006-02-28": "$6,186", "2005-11-30": "$6,296", "2005-08-31": "$5,719", "2005-05-31": "$5,625", "2005-02-28": "$5,509"}}, "total-share-holder-equity": {"Walgreens Annual Share Holder Equity (Millions of US $)": {"2020": "$21,136", "2019": "$24,152", "2018": "$26,689", "2017": "$28,274", "2016": "$30,281", "2015": "$31,300", "2014": "$20,617", "2013": "$19,454", "2012": "$18,236", "2011": "$14,847", "2010": "$14,400", "2009": "$14,376", "2008": "$12,869", "2007": "$11,104", "2006": "$10,116", "2005": "$8,890"}, "Walgreens Quarterly Share Holder Equity (Millions of US $)": {"2020-11-30": "$20,563", "2020-08-31": "$21,136", "2020-05-31": "$21,323", "2020-02-29": "$24,334", "2019-11-30": "$24,314", "2019-08-31": "$24,152", "2019-05-31": "$24,771", "2019-02-28": "$25,413", "2018-11-30": "$26,263", "2018-08-31": "$26,689", "2018-05-31": "$28,470", "2018-02-28": "$28,178", "2017-11-30": "$26,756", "2017-08-31": "$28,274", "2017-05-31": "$31,484", "2017-02-28": "$30,421", "2016-11-30": "$29,692", "2016-08-31": "$30,281", "2016-05-31": "$31,314", "2016-02-29": "$29,918", "2015-11-30": "$31,154", "2015-08-31": "$31,300", "2015-05-31": "$31,929", "2015-02-28": "$31,026", "2014-11-30": "$20,767", "2014-08-31": "$20,617", "2014-05-31": "$21,485", "2014-02-28": "$20,833", "2013-11-30": "$20,056", "2013-08-31": "$19,454", "2013-05-31": "$18,980", "2013-02-28": "$18,973", "2012-11-30": "$18,379", "2012-08-31": "$18,236", "2012-05-31": "$15,040", "2012-02-29": "$14,816", "2011-11-30": "$14,674", "2011-08-31": "$14,847", "2011-05-31": "$14,723", "2011-02-28": "$14,681", "2010-11-30": "$14,363", "2010-08-31": "$14,400", "2010-05-31": "$15,112", "2010-02-28": "$14,948", "2009-11-30": "$14,621", "2009-08-31": "$14,376", "2009-05-31": "$14,187", "2009-02-28": "$13,679", "2008-11-30": "$13,131", "2008-08-31": "$12,869", "2008-05-31": "$12,535", "2008-02-29": "$12,063", "2007-11-30": "$11,490", "2007-08-31": "$11,104", "2007-05-31": "$10,901", "2007-02-28": "$10,566", "2006-11-30": "$10,155", "2006-08-31": "$10,116", "2006-05-31": "$9,789", "2006-02-28": "$9,453", "2005-11-30": "$9,106", "2005-08-31": "$8,890", "2005-05-31": "$8,717", "2005-02-28": "$8,665"}}, "profit-margins": {"current": "-0.49%"}, "gross margin": {"2020-11-30": "19.71%", "2020-08-31": "20.08%", "2020-05-31": "20.50%", "2020-02-29": "21.24%", "2019-11-30": "21.61%", "2019-08-31": "21.97%", "2019-05-31": "22.31%", "2019-02-28": "22.59%", "2018-11-30": "23.10%", "2018-08-31": "23.41%", "2018-05-31": "23.83%", "2018-02-28": "24.13%", "2017-11-30": "24.40%", "2017-08-31": "24.67%", "2017-05-31": "24.83%", "2017-02-28": "25.21%", "2016-11-30": "25.31%", "2016-08-31": "25.46%", "2016-05-31": "25.43%", "2016-02-29": "25.62%", "2015-11-30": "25.57%", "2015-08-31": "25.86%", "2015-05-31": "26.59%", "2015-02-28": "27.13%", "2014-11-30": "27.97%", "2014-08-31": "28.23%", "2014-05-31": "28.47%", "2014-02-28": "28.60%", "2013-11-30": "28.91%", "2013-08-31": "29.24%", "2013-05-31": "29.10%", "2013-02-28": "29.04%", "2012-11-30": "28.73%", "2012-08-31": "28.40%", "2012-05-31": "28.37%", "2012-02-29": "28.32%", "2011-11-30": "28.29%", "2011-08-31": "28.39%", "2011-05-31": "28.44%", "2011-02-28": "28.33%", "2010-11-30": "28.34%", "2010-08-31": "28.15%", "2010-05-31": "27.97%", "2010-02-28": "27.95%", "2009-11-30": "27.80%", "2009-08-31": "27.81%", "2009-05-31": "27.80%", "2009-02-28": "28.00%", "2008-11-30": "28.14%", "2008-08-31": "28.19%", "2008-05-31": "28.28%", "2008-02-29": "28.29%", "2007-11-30": "28.30%", "2007-08-31": "28.35%", "2007-05-31": "28.29%", "2007-02-28": "28.08%", "2006-11-30": "27.92%", "2006-08-31": "27.78%", "2006-05-31": "27.85%", "2006-02-28": "27.96%", "2005-11-30": "27.96%"}, "operating margin": {"2020-11-30": "-0.10%", "2020-08-31": "0.94%", "2020-05-31": "1.11%", "2020-02-29": "3.12%", "2019-11-30": "3.36%", "2019-08-31": "3.65%", "2019-05-31": "4.05%", "2019-02-28": "4.34%", "2018-11-30": "4.73%", "2018-08-31": "4.78%", "2018-05-31": "4.63%", "2018-02-28": "4.72%", "2017-11-30": "4.45%", "2017-08-31": "4.64%", "2017-05-31": "4.78%", "2017-02-28": "4.82%", "2016-11-30": "5.12%", "2016-08-31": "5.11%", "2016-05-31": "4.86%", "2016-02-29": "4.78%", "2015-11-30": "4.50%", "2015-08-31": "4.51%", "2015-05-31": "5.17%", "2015-02-28": "5.30%", "2014-11-30": "5.57%", "2014-08-31": "5.49%", "2014-05-31": "5.77%", "2014-02-28": "5.81%", "2013-11-30": "5.89%", "2013-08-31": "5.67%", "2013-05-31": "4.90%", "2013-02-28": "4.77%", "2012-11-30": "4.62%", "2012-08-31": "4.84%", "2012-05-31": "5.71%", "2012-02-29": "5.77%", "2011-11-30": "5.92%", "2011-08-31": "6.05%", "2011-05-31": "5.41%", "2011-02-28": "5.33%", "2010-11-30": "5.27%", "2010-08-31": "5.13%", "2010-05-31": "5.15%", "2010-02-28": "5.26%", "2009-11-30": "5.21%", "2009-08-31": "5.13%", "2009-05-31": "5.23%", "2009-02-28": "5.45%", "2008-11-30": "5.64%", "2008-08-31": "5.83%", "2008-05-31": "5.76%", "2008-02-29": "5.79%", "2007-11-30": "5.82%", "2007-08-31": "5.86%", "2007-05-31": "6.06%", "2007-02-28": "5.95%", "2006-11-30": "5.76%", "2006-08-31": "5.70%", "2006-05-31": "5.62%", "2006-02-28": "5.64%", "2005-11-30": "5.69%"}, "ebitda margin": {"2020-11-30": "0.52%", "2020-08-31": "2.57%", "2020-05-31": "4.22%", "2020-02-29": "4.63%", "2019-11-30": "4.93%", "2019-08-31": "5.26%", "2019-05-31": "5.61%", "2019-02-28": "5.90%", "2018-11-30": "6.36%", "2018-08-31": "6.27%", "2018-05-31": "6.07%", "2018-02-28": "6.21%", "2017-11-30": "5.82%", "2017-08-31": "6.15%", "2017-05-31": "6.38%", "2017-02-28": "6.39%", "2016-11-30": "6.67%", "2016-08-31": "6.61%", "2016-05-31": "6.35%", "2016-02-29": "6.27%", "2015-11-30": "6.19%", "2015-08-31": "6.50%", "2015-05-31": "7.40%", "2015-02-28": "7.81%", "2014-11-30": "8.13%", "2014-08-31": "8.02%", "2014-05-31": "8.46%", "2014-02-28": "8.51%", "2013-11-30": "8.54%", "2013-08-31": "8.13%", "2013-05-31": "6.99%", "2013-02-28": "6.66%", "2012-11-30": "6.32%", "2012-08-31": "6.46%", "2012-05-31": "7.29%", "2012-02-29": "7.30%", "2011-11-30": "7.42%", "2011-08-31": "7.55%", "2011-05-31": "6.90%", "2011-02-28": "6.83%", "2010-11-30": "6.80%", "2010-08-31": "6.66%", "2010-05-31": "6.67%", "2010-02-28": "6.79%", "2009-11-30": "6.75%", "2009-08-31": "6.67%", "2009-05-31": "6.80%", "2009-02-28": "6.95%", "2008-11-30": "7.11%", "2008-08-31": "7.25%", "2008-05-31": "7.12%", "2008-02-29": "7.13%", "2007-11-30": "7.11%", "2007-08-31": "7.12%", "2007-05-31": "7.31%", "2007-02-28": "7.16%", "2006-11-30": "6.97%", "2006-08-31": "6.91%", "2006-05-31": "6.80%", "2006-02-28": "6.55%", "2005-11-30": "6.30%"}, "pre tax profit margin": {"2020-11-30": "-0.47%", "2020-08-31": "0.53%", "2020-05-31": "0.66%", "2020-02-29": "2.80%", "2019-11-30": "3.02%", "2019-08-31": "3.31%", "2019-05-31": "4.02%", "2019-02-28": "4.20%", "2018-11-30": "4.61%", "2018-08-31": "4.54%", "2018-05-31": "4.09%", "2018-02-28": "4.16%", "2017-11-30": "3.83%", "2017-08-31": "4.11%", "2017-05-31": "4.42%", "2017-02-28": "4.49%", "2016-11-30": "4.41%", "2016-08-31": "4.38%", "2016-05-31": "3.30%", "2016-02-29": "3.58%", "2015-11-30": "4.77%", "2015-08-31": "5.13%", "2015-05-31": "5.92%", "2015-02-28": "5.87%", "2014-11-30": "4.70%", "2014-08-31": "4.66%", "2014-05-31": "5.99%", "2014-02-28": "5.95%", "2013-11-30": "6.13%", "2013-08-31": "5.60%", "2013-05-31": "4.80%", "2013-02-28": "4.61%", "2012-11-30": "4.47%", "2012-08-31": "4.71%", "2012-05-31": "5.62%", "2012-02-29": "5.68%", "2011-11-30": "5.83%", "2011-08-31": "5.95%", "2011-05-31": "5.30%", "2011-02-28": "5.21%", "2010-11-30": "5.14%", "2010-08-31": "5.00%", "2010-05-31": "5.02%", "2010-02-28": "5.12%", "2009-11-30": "5.07%", "2009-08-31": "5.00%", "2009-05-31": "5.12%", "2009-02-28": "5.37%", "2008-11-30": "5.60%", "2008-08-31": "5.81%", "2008-05-31": "5.77%", "2008-02-29": "5.82%", "2007-11-30": "5.87%", "2007-08-31": "5.93%", "2007-05-31": "6.15%", "2007-02-28": "6.06%", "2006-11-30": "5.87%", "2006-08-31": "5.81%", "2006-05-31": "5.71%", "2006-02-28": "5.73%", "2005-11-30": "5.77%"}, "net profit margin": {"2020-11-30": "-0.49%", "2020-08-31": "0.33%", "2020-05-31": "0.55%", "2020-02-29": "2.52%", "2019-11-30": "2.70%", "2019-08-31": "2.91%", "2019-05-31": "3.53%", "2019-02-28": "3.77%", "2018-11-30": "3.96%", "2018-08-31": "3.82%", "2018-05-31": "3.36%", "2018-02-28": "3.33%", "2017-11-30": "3.19%", "2017-08-31": "3.45%", "2017-05-31": "3.69%", "2017-02-28": "3.66%", "2016-11-30": "3.52%", "2016-08-31": "3.56%", "2016-05-31": "2.70%", "2016-02-29": "2.89%", "2015-11-30": "3.97%", "2015-08-31": "4.08%", "2015-05-31": "4.26%", "2015-02-28": "4.03%", "2014-11-30": "2.69%", "2014-08-31": "2.53%", "2014-05-31": "3.83%", "2014-02-28": "3.76%", "2013-11-30": "3.86%", "2013-08-31": "3.53%", "2013-05-31": "3.01%", "2013-02-28": "2.91%", "2012-11-30": "2.81%", "2012-08-31": "2.97%", "2012-05-31": "3.54%", "2012-02-29": "3.60%", "2011-11-30": "3.68%", "2011-08-31": "3.76%", "2011-05-31": "3.36%", "2011-02-28": "3.22%", "2010-11-30": "3.19%", "2010-08-31": "3.10%", "2010-05-31": "3.10%", "2010-02-28": "3.24%", "2009-11-30": "3.22%", "2009-08-31": "3.17%", "2009-05-31": "3.23%", "2009-02-28": "3.38%", "2008-11-30": "3.52%", "2008-08-31": "3.65%", "2008-05-31": "3.65%", "2008-02-29": "3.71%", "2007-11-30": "3.75%", "2007-08-31": "3.80%", "2007-05-31": "3.92%", "2007-02-28": "3.86%", "2006-11-30": "3.73%", "2006-08-31": "3.70%", "2006-05-31": "3.65%", "2006-02-28": "3.63%", "2005-11-30": "3.65%"}, "pe ratio": {"current": "10.85", "2021-02-05": "0.00", "2020-11-30": "0.00", "2020-08-31": "75.12", "2020-05-31": "51.15", "2020-02-29": "11.33", "2019-11-30": "14.02", "2019-08-31": "11.31", "2019-05-31": "9.11", "2019-02-28": "12.50", "2018-11-30": "14.45", "2018-08-31": "12.49", "2018-05-31": "13.37", "2018-02-28": "15.71", "2017-11-30": "18.22", "2017-08-31": "19.44", "2017-05-31": "18.31", "2017-02-28": "19.73", "2016-11-30": "19.93", "2016-08-31": "18.70", "2016-05-31": "23.60", "2016-02-29": "22.63", "2015-11-30": "17.72", "2015-08-31": "18.90", "2015-05-31": "20.03", "2015-02-28": "21.85", "2014-11-30": "27.66", "2014-08-31": "25.86", "2014-05-31": "20.79", "2014-02-28": "20.24", "2013-11-30": "17.48", "2013-08-31": "15.72", "2013-05-31": "17.58", "2013-02-28": "15.19", "2012-11-30": "12.55", "2012-08-31": "12.04", "2012-05-31": "8.51", "2012-02-29": "9.09", "2011-11-30": "9.12", "2011-08-31": "9.49", "2011-05-31": "13.42", "2011-02-28": "14.28", "2010-11-30": "12.04", "2010-08-31": "9.81", "2010-05-31": "11.90", "2010-02-28": "12.67", "2009-11-30": "14.12", "2009-08-31": "12.74", "2009-05-31": "11.10", "2009-02-28": "8.65", "2008-11-30": "8.76", "2008-08-31": "12.54", "2008-05-31": "12.66", "2008-02-29": "12.91", "2007-11-30": "13.16", "2007-08-31": "16.41", "2007-05-31": "16.31", "2007-02-28": "16.96", "2006-11-30": "16.52"}, "price sales": {"2021-02-05": "0.31", "2020-11-30": "0.24", "2020-08-31": "0.24", "2020-05-31": "0.27", "2020-02-29": "0.29", "2019-11-30": "0.38", "2019-08-31": "0.33", "2019-05-31": "0.32", "2019-02-28": "0.47", "2018-11-30": "0.57", "2018-08-31": "0.48", "2018-05-31": "0.45", "2018-02-28": "0.53", "2017-11-30": "0.58", "2017-08-31": "0.67", "2017-05-31": "0.68", "2017-02-28": "0.72", "2016-11-30": "0.70", "2016-08-31": "0.66", "2016-05-31": "0.63", "2016-02-29": "0.65", "2015-11-30": "0.70", "2015-08-31": "0.76", "2015-05-31": "0.81", "2015-02-28": "0.84", "2014-11-30": "0.73", "2014-08-31": "0.65", "2014-05-31": "0.78", "2014-02-28": "0.74", "2013-11-30": "0.65", "2013-08-31": "0.53", "2013-05-31": "0.52", "2013-02-28": "0.44", "2012-11-30": "0.35", "2012-08-31": "0.36", "2012-05-31": "0.30", "2012-02-29": "0.33", "2011-11-30": "0.34", "2011-08-31": "0.36", "2011-05-31": "0.45", "2011-02-28": "0.46", "2010-11-30": "0.39", "2010-08-31": "0.31", "2010-05-31": "0.37", "2010-02-28": "0.41", "2009-11-30": "0.46", "2009-08-31": "0.40", "2009-05-31": "0.36", "2009-02-28": "0.29", "2008-11-30": "0.31", "2008-08-31": "0.46", "2008-05-31": "0.46", "2008-02-29": "0.48", "2007-11-30": "0.50", "2007-08-31": "0.63", "2007-05-31": "0.64", "2007-02-28": "0.66", "2006-11-30": "0.62"}, "price book": {"current": "2.09", "2021-02-05": "2.10", "2020-11-30": "1.60", "2020-08-31": "1.54", "2020-05-31": "1.71", "2020-02-29": "1.60", "2019-11-30": "2.08", "2019-08-31": "1.80", "2019-05-31": "1.69", "2019-02-28": "2.39", "2018-11-30": "2.82", "2018-08-31": "2.26", "2018-05-31": "2.00", "2018-02-28": "2.21", "2017-11-30": "2.44", "2017-08-31": "2.66", "2017-05-31": "2.47", "2017-02-28": "2.74", "2016-11-30": "2.74", "2016-08-31": "2.56", "2016-05-31": "2.36", "2016-02-29": "2.50", "2015-11-30": "2.56", "2015-08-31": "2.62", "2015-05-31": "2.54", "2015-02-28": "2.52", "2014-11-30": "2.68", "2014-08-31": "2.38", "2014-05-31": "2.72", "2014-02-28": "2.63", "2013-11-30": "2.36", "2013-08-31": "1.96", "2013-05-31": "1.98", "2013-02-28": "1.69", "2012-11-30": "1.43", "2012-08-31": "1.51", "2012-05-31": "1.41", "2012-02-29": "1.55", "2011-11-30": "1.60", "2011-08-31": "1.67", "2011-05-31": "2.11", "2011-02-28": "2.12", "2010-11-30": "1.75", "2010-08-31": "1.36", "2010-05-31": "1.59", "2010-02-28": "1.77", "2009-11-30": "2.01", "2009-08-31": "1.78", "2009-05-31": "1.58", "2009-02-28": "1.31", "2008-11-30": "1.40", "2008-08-31": "2.10", "2008-05-31": "2.13", "2008-02-29": "2.24", "2007-11-30": "2.35", "2007-08-31": "2.99", "2007-05-31": "3.05", "2007-02-28": "3.12", "2006-11-30": "2.95", "2006-08-31": "3.63", "2006-05-31": "3.07", "2006-02-28": "3.52"}, "price fcf": {"2021-02-05": "", "2020-11-30": "$5.72", "2020-08-31": "$5.49", "2020-05-31": "$5.48", "2020-02-29": "$6.17", "2019-11-30": "$5.15", "2019-08-31": "$4.22", "2019-05-31": "$4.61", "2019-02-28": "$4.81", "2018-11-30": "$6.30", "2018-08-31": "$6.93", "2018-05-31": "$5.97", "2018-02-28": "$5.32", "2017-11-30": "$5.97", "2017-08-31": "$5.89", "2017-05-31": "$6.44", "2017-02-28": "$6.86", "2016-11-30": "$6.16", "2016-08-31": "$6.03", "2016-05-31": "$5.25", "2016-02-29": "$5.16", "2015-11-30": "$4.38", "2015-08-31": "$5.01", "2015-05-31": "$4.82", "2015-02-28": "$4.43", "2014-11-30": "$4.23", "2014-08-31": "$2.96", "2014-05-31": "$2.85", "2014-02-28": "$2.75", "2013-11-30": "$2.84", "2013-08-31": "$3.35", "2013-05-31": "$2.72", "2013-02-28": "$3.30", "2012-11-30": "$3.11", "2012-08-31": "$3.27", "2012-05-31": "$2.79", "2012-02-29": "$2.17", "2011-11-30": "$2.11", "2011-08-31": "$2.63", "2011-05-31": "$3.49", "2011-02-28": "$3.21", "2010-11-30": "$2.85", "2010-08-31": "$2.76", "2010-05-31": "$2.50", "2010-02-28": "$2.78", "2009-11-30": "$3.39", "2009-08-31": "$2.20", "2009-05-31": "$1.75", "2009-02-28": "$1.04", "2008-11-30": "$0.62", "2008-08-31": "$0.83", "2008-05-31": "$0.61", "2008-02-29": "$0.52", "2007-11-30": "$0.42", "2007-08-31": "$0.61", "2007-05-31": "$0.59", "2007-02-28": "$1.02", "2006-11-30": "$1.20"}, "net worth": {"value": "$43.04B"}, "current ratio": {"current": "0.69", "2020-11-30": "0.69", "2020-08-31": "0.67", "2020-05-31": "0.69", "2020-02-29": "0.66", "2019-11-30": "0.67", "2019-08-31": "0.73", "2019-05-31": "0.76", "2019-02-28": "0.79", "2018-11-30": "0.80", "2018-08-31": "0.82", "2018-05-31": "0.93", "2018-02-28": "0.90", "2017-11-30": "0.96", "2017-08-31": "1.07", "2017-05-31": "1.30", "2017-02-28": "1.56", "2016-11-30": "1.50", "2016-08-31": "1.52", "2016-05-31": "1.25", "2016-02-29": "1.25", "2015-11-30": "1.20", "2015-08-31": "1.19", "2015-05-31": "1.30", "2015-02-28": "1.24", "2014-11-30": "2.36", "2014-08-31": "1.38", "2014-05-31": "1.42", "2014-02-28": "1.42", "2013-11-30": "1.33", "2013-08-31": "1.34", "2013-05-31": "1.30", "2013-02-28": "1.38", "2012-11-30": "1.31", "2012-08-31": "1.23", "2012-05-31": "1.54", "2012-02-29": "1.55", "2011-11-30": "1.47", "2011-08-31": "1.52", "2011-05-31": "1.64", "2011-02-28": "1.66", "2010-11-30": "1.55", "2010-08-31": "1.60", "2010-05-31": "1.68", "2010-02-28": "1.80", "2009-11-30": "1.71", "2009-08-31": "1.78", "2009-05-31": "1.76", "2009-02-28": "1.68", "2008-11-30": "1.43", "2008-08-31": "1.57", "2008-05-31": "1.36", "2008-02-29": "1.40", "2007-11-30": "1.37", "2007-08-31": "1.41", "2007-05-31": "1.65", "2007-02-28": "1.67", "2006-11-30": "1.56", "2006-08-31": "1.69", "2006-05-31": "1.77", "2006-02-28": "1.79", "2005-11-30": "1.73", "2005-08-31": "1.86", "2005-05-31": "1.89", "2005-02-28": "1.92"}, "quick ratio": {"2020-11-30": "0.33", "2020-08-31": "0.32", "2020-05-31": "0.33", "2020-02-29": "0.32", "2019-11-30": "0.31", "2019-08-31": "0.36", "2019-05-31": "0.37", "2019-02-28": "0.38", "2018-11-30": "0.36", "2018-08-31": "0.38", "2018-05-31": "0.47", "2018-02-28": "0.45", "2017-11-30": "0.47", "2017-08-31": "0.59", "2017-05-31": "0.90", "2017-02-28": "1.03", "2016-11-30": "0.94", "2016-08-31": "1.00", "2016-05-31": "0.68", "2016-02-29": "0.70", "2015-11-30": "0.61", "2015-08-31": "0.66", "2015-05-31": "0.76", "2015-02-28": "0.68", "2014-11-30": "1.70", "2014-08-31": "0.69", "2014-05-31": "0.65", "2014-02-28": "0.57", "2013-11-30": "0.45", "2013-08-31": "0.57", "2013-05-31": "0.59", "2013-02-28": "0.57", "2012-11-30": "0.47", "2012-08-31": "0.43", "2012-05-31": "0.61", "2012-02-29": "0.53", "2011-11-30": "0.47", "2011-08-31": "0.53", "2011-05-31": "0.69", "2011-02-28": "0.65", "2010-11-30": "0.58", "2010-08-31": "0.61", "2010-05-31": "0.71", "2010-02-28": "0.82", "2009-11-30": "0.75", "2009-08-31": "0.78", "2009-05-31": "0.77", "2009-02-28": "0.63", "2008-11-30": "0.45", "2008-08-31": "0.48", "2008-05-31": "0.42", "2008-02-29": "0.39", "2007-11-30": "0.37", "2007-08-31": "0.40", "2007-05-31": "0.52", "2007-02-28": "0.54", "2006-11-30": "0.50", "2006-08-31": "0.64", "2006-05-31": "0.74", "2006-02-28": "0.66", "2005-11-30": "0.51", "2005-08-31": "0.61", "2005-05-31": "0.70", "2005-02-28": "0.72"}, "debt equity ratio": {"current": "0.53", "2020-11-30": "3.34", "2020-08-31": "3.12", "2020-05-31": "3.05", "2020-02-29": "2.70", "2019-11-30": "2.74", "2019-08-31": "1.80", "2019-05-31": "1.77", "2019-02-28": "1.77", "2018-11-30": "1.66", "2018-08-31": "1.55", "2018-05-31": "1.46", "2018-02-28": "1.51", "2017-11-30": "1.49", "2017-08-31": "1.34", "2017-05-31": "1.36", "2017-02-28": "1.38", "2016-11-30": "1.42", "2016-08-31": "1.40", "2016-05-31": "1.15", "2016-02-29": "1.22", "2015-11-30": "1.20", "2015-08-31": "1.20", "2015-05-31": "1.21", "2015-02-28": "1.30", "2014-11-30": "1.34", "2014-08-31": "0.81", "2014-05-31": "0.74", "2014-02-28": "0.78", "2013-11-30": "0.82", "2013-08-31": "0.82", "2013-05-31": "0.89", "2013-02-28": "0.87", "2012-11-30": "0.92", "2012-08-31": "0.84", "2012-05-31": "0.81", "2012-02-29": "0.80", "2011-11-30": "0.87", "2011-08-31": "0.85", "2011-05-31": "0.86", "2011-02-28": "0.83", "2010-11-30": "0.88", "2010-08-31": "0.83", "2010-05-31": "0.77", "2010-02-28": "0.76", "2009-11-30": "0.82", "2009-08-31": "0.75", "2009-05-31": "0.77", "2009-02-28": "0.82", "2008-11-30": "0.87", "2008-08-31": "0.74", "2008-05-31": "0.72", "2008-02-29": "0.72", "2007-11-30": "0.78", "2007-08-31": "0.74", "2007-05-31": "0.65", "2007-02-28": "0.67", "2006-11-30": "0.78", "2006-08-31": "0.69", "2006-05-31": "0.68", "2006-02-28": "0.65", "2005-11-30": "0.69", "2005-08-31": "0.64", "2005-05-31": "0.65", "2005-02-28": "0.64"}, "return on equity": {"2020-11-30": "-3.19%", "2020-08-31": "2.00%", "2020-05-31": "3.23%", "2020-02-29": "14.32%", "2019-11-30": "15.02%", "2019-08-31": "15.83%", "2019-05-31": "18.68%", "2019-02-28": "19.22%", "2018-11-30": "19.44%", "2018-08-31": "18.25%", "2018-05-31": "15.45%", "2018-02-28": "14.42%", "2017-11-30": "13.15%", "2017-08-31": "13.61%", "2017-05-31": "14.13%", "2017-02-28": "13.96%", "2016-11-30": "13.59%", "2016-08-31": "13.61%", "2016-05-31": "10.25%", "2016-02-29": "10.84%", "2015-11-30": "14.29%", "2015-08-31": "14.68%", "2015-05-31": "15.34%", "2015-02-28": "14.54%", "2014-11-30": "9.97%", "2014-08-31": "9.31%", "2014-05-31": "14.08%", "2014-02-28": "14.07%", "2013-11-30": "14.61%", "2013-08-31": "13.45%", "2013-05-31": "11.51%", "2013-02-28": "11.66%", "2012-11-30": "11.95%", "2012-08-31": "13.56%", "2012-05-31": "17.29%", "2012-02-29": "17.83%", "2011-11-30": "18.25%", "2011-08-31": "18.52%", "2011-05-31": "16.45%", "2011-02-28": "15.38%", "2010-11-30": "14.84%", "2010-08-31": "14.16%", "2010-05-31": "13.93%", "2010-02-28": "14.56%", "2009-11-30": "14.68%", "2009-08-31": "14.49%", "2009-05-31": "14.95%", "2009-02-28": "15.80%", "2008-11-30": "16.67%", "2008-08-31": "17.62%", "2008-05-31": "17.88%", "2008-02-29": "18.43%", "2007-11-30": "18.75%", "2007-08-31": "19.11%", "2007-05-31": "19.72%", "2007-02-28": "19.36%", "2006-11-30": "18.61%", "2006-08-31": "18.22%", "2006-05-31": "17.92%", "2006-02-28": "17.81%", "2005-11-30": "17.83%"}, "return on assets": {"2020-11-30": "-0.79%", "2020-08-31": "0.51%", "2020-05-31": "0.91%", "2020-02-29": "4.41%", "2019-11-30": "4.98%", "2019-08-31": "5.76%", "2019-05-31": "6.95%", "2019-02-28": "7.37%", "2018-11-30": "7.63%", "2018-08-31": "7.29%", "2018-05-31": "6.31%", "2018-02-28": "5.96%", "2017-11-30": "5.51%", "2017-08-31": "5.73%", "2017-05-31": "5.91%", "2017-02-28": "5.97%", "2016-11-30": "5.92%", "2016-08-31": "6.07%", "2016-05-31": "4.67%", "2016-02-29": "4.91%", "2015-11-30": "6.41%", "2015-08-31": "6.51%", "2015-05-31": "7.02%", "2015-02-28": "7.02%", "2014-11-30": "5.21%", "2014-08-31": "5.21%", "2014-05-31": "7.87%", "2014-02-28": "7.70%", "2013-11-30": "7.90%", "2013-08-31": "7.17%", "2013-05-31": "6.13%", "2013-02-28": "6.26%", "2012-11-30": "6.48%", "2012-08-31": "7.42%", "2012-05-31": "9.44%", "2012-02-29": "9.67%", "2011-11-30": "9.86%", "2011-08-31": "9.99%", "2011-05-31": "8.90%", "2011-02-28": "8.43%", "2010-11-30": "8.21%", "2010-08-31": "7.90%", "2010-05-31": "7.86%", "2010-02-28": "8.20%", "2009-11-30": "8.21%", "2009-08-31": "8.05%", "2009-05-31": "8.31%", "2009-02-28": "8.84%", "2008-11-30": "9.45%", "2008-08-31": "10.12%", "2008-05-31": "10.28%", "2008-02-29": "10.70%", "2007-11-30": "10.95%", "2007-08-31": "11.19%", "2007-05-31": "11.63%", "2007-02-28": "11.35%", "2006-11-30": "10.93%", "2006-08-31": "10.85%", "2006-05-31": "10.75%", "2006-02-28": "10.73%", "2005-11-30": "10.78%"}, "return on investments": {"2020-11-30": "-0.42%", "2020-08-31": "3.84%", "2020-05-31": "4.44%", "2020-02-29": "12.18%", "2019-11-30": "12.70%", "2019-08-31": "13.49%", "2019-05-31": "14.51%", "2019-02-28": "15.15%", "2018-11-30": "16.06%", "2018-08-31": "15.70%", "2018-05-31": "14.64%", "2018-02-28": "14.02%", "2017-11-30": "12.28%", "2017-08-31": "12.02%", "2017-05-31": "11.72%", "2017-02-28": "11.84%", "2016-11-30": "13.01%", "2016-08-31": "13.28%", "2016-05-31": "12.92%", "2016-02-29": "12.45%", "2015-11-30": "11.11%", "2015-08-31": "10.78%", "2015-05-31": "12.72%", "2015-02-28": "13.68%", "2014-11-30": "15.81%", "2014-08-31": "16.87%", "2014-05-31": "17.55%", "2014-02-28": "17.73%", "2013-11-30": "17.96%", "2013-08-31": "17.25%", "2013-05-31": "15.00%", "2013-02-28": "15.50%", "2012-11-30": "16.27%", "2012-08-31": "18.73%", "2012-05-31": "24.05%", "2012-02-29": "24.61%", "2011-11-30": "25.26%", "2011-08-31": "25.62%", "2011-05-31": "22.71%", "2011-02-28": "21.88%", "2010-11-30": "21.09%", "2010-08-31": "20.18%", "2010-05-31": "19.95%", "2010-02-28": "20.33%", "2009-11-30": "20.38%", "2009-08-31": "20.38%", "2009-05-31": "21.28%", "2009-02-28": "23.23%", "2008-11-30": "25.37%", "2008-08-31": "27.33%", "2008-05-31": "28.21%", "2008-02-29": "37.72%", "2007-11-30": "56.69%", "2007-08-31": "113.32%", "2007-05-31": "inf%", "2007-02-28": "inf%", "2006-11-30": "inf%", "2006-08-31": "inf%", "2006-05-31": "inf%", "2006-02-28": "inf%", "2005-11-30": "inf%"}, "return on tangible equity": {"2020-11-30": "15.92%", "2020-08-31": "-11.68%", "2020-05-31": "-21.71%", "2020-02-29": "-103.67%", "2019-11-30": "-108.59%", "2019-08-31": "-130.23%", "2019-05-31": "-175.85%", "2019-02-28": "-244.02%", "2018-11-30": "-359.44%", "2018-08-31": "-564.49%", "2018-05-31": "1847.54%", "2018-02-28": "222.74%", "2017-11-30": "109.54%", "2017-08-31": "87.87%", "2017-05-31": "83.90%", "2017-02-28": "92.20%", "2016-11-30": "103.77%", "2016-08-31": "119.00%", "2016-05-31": "104.31%", "2016-02-29": "113.83%", "2015-11-30": "169.18%", "2015-08-31": "64.71%", "2015-05-31": "39.43%", "2015-02-28": "24.22%", "2014-11-30": "11.44%", "2014-08-31": "10.71%", "2014-05-31": "15.98%", "2014-02-28": "16.04%", "2013-11-30": "16.70%", "2013-08-31": "15.40%", "2013-05-31": "13.16%", "2013-02-28": "13.39%", "2012-11-30": "13.78%", "2012-08-31": "15.66%", "2012-05-31": "20.09%", "2012-02-29": "20.62%", "2011-11-30": "21.04%", "2011-08-31": "21.33%", "2011-05-31": "18.91%", "2011-02-28": "17.67%", "2010-11-30": "16.89%", "2010-08-31": "15.98%", "2010-05-31": "15.60%", "2010-02-28": "16.20%", "2009-11-30": "16.36%", "2009-08-31": "16.19%", "2009-05-31": "16.75%", "2009-02-28": "17.76%", "2008-11-30": "18.65%", "2008-08-31": "19.63%", "2008-05-31": "19.83%", "2008-02-29": "20.01%", "2007-11-30": "19.97%", "2007-08-31": "19.94%", "2007-05-31": "20.16%", "2007-02-28": "19.60%", "2006-11-30": "18.77%", "2006-08-31": "18.30%", "2006-05-31": "17.92%", "2006-02-28": "17.81%", "2005-11-30": "17.83%"}, "dividend yield history": {"last payout": "$1.87", "last yield": "3.75%"}}