{"ticker": "WAT", "price": {"title": "Waters Historical Annual Stock Price Data", "value": 282.83, "historical": {"2021": {"Average Stock Price": "271.1975", "Year Open": "250.1500", "Year High": "291.3100", "Year Low": "250.1500", "Year Close": "282.8300", "Annual % Change": "14.31%"}, "2020": {"Average Stock Price": "208.6438", "Year Open": "235.0600", "Year High": "250.7400", "Year Low": "162.3600", "Year Close": "247.4200", "Annual % Change": "5.89%"}, "2019": {"Average Stock Price": "220.6935", "Year Open": "183.4100", "Year High": "253.1500", "Year Low": "176.3400", "Year Close": "233.6500", "Annual % Change": "23.85%"}, "2018": {"Average Stock Price": "196.7649", "Year Open": "195.6900", "Year High": "218.7000", "Year Low": "173.5400", "Year Close": "188.6500", "Annual % Change": "-2.35%"}, "2017": {"Average Stock Price": "174.4826", "Year Open": "136.4300", "Year High": "200.2700", "Year Low": "135.4900", "Year Close": "193.1900", "Annual % Change": "43.75%"}, "2016": {"Average Stock Price": "139.5306", "Year Open": "130.3500", "Year High": "161.8200", "Year Low": "113.6200", "Year Close": "134.3900", "Annual % Change": "-0.14%"}, "2015": {"Average Stock Price": "126.0729", "Year Open": "113.8800", "Year High": "136.5000", "Year Low": "112.5300", "Year Close": "134.5800", "Annual % Change": "19.39%"}, "2014": {"Average Stock Price": "106.5370", "Year Open": "99.2200", "Year High": "116.9800", "Year Low": "95.0800", "Year Close": "112.7200", "Annual % Change": "12.72%"}, "2013": {"Average Stock Price": "97.9204", "Year Open": "88.7100", "Year High": "107.7300", "Year Low": "86.2200", "Year Close": "100.0000", "Annual % Change": "14.78%"}, "2012": {"Average Stock Price": "83.2459", "Year Open": "75.9400", "Year High": "94.0300", "Year Low": "73.7100", "Year Close": "87.1200", "Annual % Change": "17.65%"}, "2011": {"Average Stock Price": "83.5173", "Year Open": "78.1000", "Year High": "99.5600", "Year Low": "71.6100", "Year Close": "74.0500", "Annual % Change": "-4.71%"}, "2010": {"Average Stock Price": "68.0737", "Year Open": "61.6300", "Year High": "80.4700", "Year Low": "56.1800", "Year Close": "77.7100", "Annual % Change": "25.42%"}, "2009": {"Average Stock Price": "47.9737", "Year Open": "38.0900", "Year High": "62.5800", "Year Low": "30.7500", "Year Close": "61.9600", "Annual % Change": "69.06%"}, "2008": {"Average Stock Price": "57.5259", "Year Open": "76.7500", "Year High": "80.7700", "Year Low": "34.7700", "Year Close": "36.6500", "Annual % Change": "-53.65%"}, "2007": {"Average Stock Price": "63.3122", "Year Open": "48.8800", "Year High": "80.0700", "Year Low": "48.6700", "Year Close": "79.0700", "Annual % Change": "61.47%"}, "2006": {"Average Stock Price": "44.0788", "Year Open": "38.1000", "Year High": "51.3800", "Year Low": "37.2600", "Year Close": "48.9700", "Annual % Change": "29.55%"}, "2005": {"Average Stock Price": "41.9247", "Year Open": "45.7700", "Year High": "51.1100", "Year Low": "34.4300", "Year Close": "37.8000", "Annual % Change": "-19.21%"}, "2004": {"Average Stock Price": "42.4847", "Year Open": "33.1200", "Year High": "48.8800", "Year Low": "33.1200", "Year Close": "46.7900", "Annual % Change": "41.10%"}, "2003": {"Average Stock Price": "27.1529", "Year Open": "22.0200", "Year High": "33.2000", "Year Low": "20.1000", "Year Close": "33.1600", "Annual % Change": "52.25%"}, "2002": {"Average Stock Price": "27.0081", "Year Open": "38.7500", "Year High": "38.8900", "Year Low": "17.9700", "Year Close": "21.7800", "Annual % Change": "-43.79%"}, "2001": {"Average Stock Price": "43.7560", "Year Open": "78.8800", "Year High": "78.8800", "Year Low": "22.6500", "Year Close": "38.7500", "Annual % Change": "-53.59%"}, "2000": {"Average Stock Price": "58.5526", "Year Open": "25.7500", "Year High": "90.3800", "Year Low": "22.0000", "Year Close": "83.5000", "Annual % Change": "215.09%"}, "1999": {"Average Stock Price": "26.2507", "Year Open": "21.1575", "Year High": "33.5000", "Year Low": "19.0325", "Year Close": "26.5000", "Annual % Change": "21.49%"}, "1998": {"Average Stock Price": "15.0009", "Year Open": "9.3900", "Year High": "21.8125", "Year Low": "9.1400", "Year Close": "21.8125", "Annual % Change": "128.82%"}, "1997": {"Average Stock Price": "8.6207", "Year Open": "7.5325", "Year High": "11.7500", "Year Low": "5.8450", "Year Close": "9.5325", "Annual % Change": "25.51%"}, "1996": {"Average Stock Price": "6.8066", "Year Open": "4.3450", "Year High": "8.2813", "Year Low": "4.3438", "Year Close": "7.5950", "Annual % Change": "66.47%"}}}, "market cap": {"value": "$17.54B"}, "income statement": {"Revenue": {"2020-12-31": "2365.36500", "2019-12-31": "2406.59600", "2018-12-31": "2419.92900", "2017-12-31": "2309.07800", "2016-12-31": "2167.42300", "2015-12-31": "2042.33200", "2014-12-31": "1989.34400", "2013-12-31": "1904.21800", "2012-12-31": "1843.64100", "2011-12-31": "1851.18400", "2010-12-31": "1643.37100", "2009-12-31": "1498.70000", "2008-12-31": "1575.12400", "2007-12-31": "1473.04800", "2006-12-31": "1280.22900", "2005-12-31": "1158.23600"}, "Cost Of Goods Sold": {"2020-12-31": "1006.68900", "2019-12-31": "1010.70000", "2018-12-31": "992.56400", "2017-12-31": "947.06700", "2016-12-31": "891.45300", "2015-12-31": "842.67200", "2014-12-31": "824.91300", "2013-12-31": "783.45600", "2012-12-31": "737.61400", "2011-12-31": "730.49300", "2010-12-31": "653.30300", "2009-12-31": "594.88200", "2008-12-31": "661.26600", "2007-12-31": "631.12200", "2006-12-31": "536.18500", "2005-12-31": "478.35500"}, "Gross Profit": {"2020-12-31": "1358.67600", "2019-12-31": "1395.89600", "2018-12-31": "1427.36500", "2017-12-31": "1362.01100", "2016-12-31": "1275.97000", "2015-12-31": "1199.66000", "2014-12-31": "1164.43100", "2013-12-31": "1120.76200", "2012-12-31": "1106.02700", "2011-12-31": "1120.69100", "2010-12-31": "990.06800", "2009-12-31": "903.81790", "2008-12-31": "913.85800", "2007-12-31": "841.92600", "2006-12-31": "744.04400", "2005-12-31": "679.88100"}, "Research And Development Expenses": {"2020-12-31": "140.77700", "2019-12-31": "142.95500", "2018-12-31": "143.40300", "2017-12-31": "132.59300", "2016-12-31": "125.18700", "2015-12-31": "118.54500", "2014-12-31": "107.72600", "2013-12-31": "100.53600", "2012-12-31": "96.00400", "2011-12-31": "92.34700", "2010-12-31": "84.27400", "2009-12-31": "77.15400", "2008-12-31": "81.58800", "2007-12-31": "80.64900", "2006-12-31": "77.30600", "2005-12-31": "66.90500"}, "SG&A Expenses": {"2020-12-31": "553.69800", "2019-12-31": "534.79100", "2018-12-31": "536.90200", "2017-12-31": "544.36300", "2016-12-31": "512.33100", "2015-12-31": "495.74700", "2014-12-31": "512.70700", "2013-12-31": "492.96500", "2012-12-31": "477.27000", "2011-12-31": "490.01100", "2010-12-31": "445.45600", "2009-12-31": "421.40300", "2008-12-31": "426.69900", "2007-12-31": "403.70300", "2006-12-31": "357.66400", "2005-12-31": "321.69400"}, "Other Operating Income Or Expenses": {"2020-12-31": "-8.12500", "2019-12-31": "", "2018-12-31": "0.42600", "2017-12-31": "-11.11400", "2016-12-31": "-3.52400", "2015-12-31": "-3.93900", "2014-12-31": "0.00000", "2013-12-31": "0.00000", "2012-12-31": "-7.43400", "2011-12-31": "0.00000", "2010-12-31": "", "2009-12-31": "", "2008-12-31": "-6.52700", "2007-12-31": "", "2006-12-31": "", "2005-12-31": "-3.12200"}, "Operating Expenses": {"2020-12-31": "1719.87600", "2019-12-31": "1698.13900", "2018-12-31": "1680.15500", "2017-12-31": "1646.88000", "2016-12-31": "1542.38400", "2015-12-31": "1474.88100", "2014-12-31": "1471.43600", "2013-12-31": "1386.87500", "2012-12-31": "1332.15100", "2011-12-31": "1322.58400", "2010-12-31": "1193.43900", "2009-12-31": "1104.09800", "2008-12-31": "1185.37000", "2007-12-31": "1124.16900", "2006-12-31": "985.07810", "2005-12-31": "875.08100"}, "Operating Income": {"2020-12-31": "645.48900", "2019-12-31": "708.45690", "2018-12-31": "739.77400", "2017-12-31": "662.19800", "2016-12-31": "625.03920", "2015-12-31": "567.45120", "2014-12-31": "517.90810", "2013-12-31": "517.34300", "2012-12-31": "511.49000", "2011-12-31": "528.60000", "2010-12-31": "449.93200", "2009-12-31": "394.60190", "2008-12-31": "389.75400", "2007-12-31": "348.87900", "2006-12-31": "295.15090", "2005-12-31": "283.15500"}, "Total Non-Operating Income/Expense": {"2020-12-31": "-34.57500", "2019-12-31": "-30.21800", "2018-12-31": "-57.62800", "2017-12-31": "-21.10100", "2016-12-31": "-24.92500", "2015-12-31": "-25.53200", "2014-12-31": "-27.16800", "2013-12-31": "-27.23800", "2012-12-31": "-23.86500", "2011-12-31": "-19.34800", "2010-12-31": "-12.06900", "2009-12-31": "-7.95000", "2008-12-31": "-17.56200", "2007-12-31": "-25.68700", "2006-12-31": "-32.19200", "2005-12-31": "-8.59200"}, "Pre-Tax Income": {"2020-12-31": "610.91400", "2019-12-31": "678.23900", "2018-12-31": "682.14600", "2017-12-31": "641.09700", "2016-12-31": "600.11400", "2015-12-31": "541.91900", "2014-12-31": "490.74000", "2013-12-31": "490.10500", "2012-12-31": "487.62500", "2011-12-31": "509.25200", "2010-12-31": "437.86300", "2009-12-31": "386.65200", "2008-12-31": "372.19200", "2007-12-31": "323.19200", "2006-12-31": "262.95900", "2005-12-31": "274.56300"}, "Income Taxes": {"2020-12-31": "89.34300", "2019-12-31": "86.04100", "2018-12-31": "88.35200", "2017-12-31": "620.78600", "2016-12-31": "78.61100", "2015-12-31": "72.86600", "2014-12-31": "59.12000", "2013-12-31": "40.10200", "2012-12-31": "26.18200", "2011-12-31": "76.28400", "2010-12-31": "56.10000", "2009-12-31": "63.33900", "2008-12-31": "49.71300", "2007-12-31": "55.12000", "2006-12-31": "40.75900", "2005-12-31": "72.58800"}, "Income After Taxes": {"2020-12-31": "521.57100", "2019-12-31": "592.19800", "2018-12-31": "593.79400", "2017-12-31": "20.31100", "2016-12-31": "521.50300", "2015-12-31": "469.05300", "2014-12-31": "431.62000", "2013-12-31": "450.00300", "2012-12-31": "461.44300", "2011-12-31": "432.96800", "2010-12-31": "381.76300", "2009-12-31": "323.31300", "2008-12-31": "322.47900", "2007-12-31": "268.07200", "2006-12-31": "222.20000", "2005-12-31": "201.97500"}, "Other Income": {"2020-12-31": "", "2019-12-31": "", "2018-12-31": "", "2017-12-31": "", "2016-12-31": "", "2015-12-31": "", "2014-12-31": "", "2013-12-31": "", "2012-12-31": "", "2011-12-31": "", "2010-12-31": "", "2009-12-31": "", "2008-12-31": "", "2007-12-31": "", "2006-12-31": "", "2005-12-31": ""}, "Income From Continuous Operations": {"2020-12-31": "521.57100", "2019-12-31": "592.19800", "2018-12-31": "593.79400", "2017-12-31": "20.31100", "2016-12-31": "521.50300", "2015-12-31": "469.05300", "2014-12-31": "431.62000", "2013-12-31": "450.00300", "2012-12-31": "461.44300", "2011-12-31": "432.96800", "2010-12-31": "381.76300", "2009-12-31": "323.31300", "2008-12-31": "322.47900", "2007-12-31": "268.07200", "2006-12-31": "222.20000", "2005-12-31": "201.97500"}, "Income From Discontinued Operations": {"2020-12-31": "", "2019-12-31": "", "2018-12-31": "", "2017-12-31": "", "2016-12-31": "", "2015-12-31": "", "2014-12-31": "", "2013-12-31": "", "2012-12-31": "", "2011-12-31": "", "2010-12-31": "", "2009-12-31": "", "2008-12-31": "", "2007-12-31": "", "2006-12-31": "", "2005-12-31": ""}, "Net Income": {"2020-12-31": "521.57100", "2019-12-31": "592.19800", "2018-12-31": "593.79400", "2017-12-31": "20.31100", "2016-12-31": "521.50300", "2015-12-31": "469.05300", "2014-12-31": "431.62000", "2013-12-31": "450.00300", "2012-12-31": "461.44300", "2011-12-31": "432.96800", "2010-12-31": "381.76300", "2009-12-31": "323.31300", "2008-12-31": "322.47900", "2007-12-31": "268.07200", "2006-12-31": "222.20000", "2005-12-31": "201.97500"}, "EBITDA": {"2020-12-31": "780.84000", "2019-12-31": "813.75290", "2018-12-31": "848.18210", "2017-12-31": "768.20000", "2016-12-31": "721.48820", "2015-12-31": "657.43820", "2014-12-31": "612.13910", "2013-12-31": "597.03800", "2012-12-31": "580.32100", "2011-12-31": "594.98700", "2010-12-31": "512.49000", "2009-12-31": "451.87390", "2008-12-31": "455.02500", "2007-12-31": "402.19600", "2006-12-31": "341.30990", "2005-12-31": "326.84000"}, "EBIT": {"2020-12-31": "645.48900", "2019-12-31": "708.45690", "2018-12-31": "739.77400", "2017-12-31": "662.19800", "2016-12-31": "625.03920", "2015-12-31": "567.45120", "2014-12-31": "517.90810", "2013-12-31": "517.34300", "2012-12-31": "511.49000", "2011-12-31": "528.60000", "2010-12-31": "449.93200", "2009-12-31": "394.60190", "2008-12-31": "389.75400", "2007-12-31": "348.87900", "2006-12-31": "295.15090", "2005-12-31": "283.15500"}, "Basic Shares Outstanding": {"2020-12-31": "62.09400", "2019-12-31": "67.62700", "2018-12-31": "76.99200", "2017-12-31": "79.79300", "2016-12-31": "80.78600", "2015-12-31": "82.33600", "2014-12-31": "84.35800", "2013-12-31": "85.42600", "2012-12-31": "87.84100", "2011-12-31": "90.83300", "2010-12-31": "92.38500", "2009-12-31": "95.79700", "2008-12-31": "99.19900", "2007-12-31": "100.50000", "2006-12-31": "102.69100", "2005-12-31": "114.02300"}, "Shares Outstanding": {"2020-12-31": "62.41400", "2019-12-31": "68.16600", "2018-12-31": "77.61800", "2017-12-31": "80.60400", "2016-12-31": "81.41700", "2015-12-31": "83.08700", "2014-12-31": "85.15100", "2013-12-31": "86.54600", "2012-12-31": "88.97900", "2011-12-31": "92.32500", "2010-12-31": "94.05700", "2009-12-31": "96.86200", "2008-12-31": "100.55500", "2007-12-31": "102.50500", "2006-12-31": "104.24000", "2005-12-31": "115.94500"}, "Basic EPS": {"2020-12-31": "8.40000", "2019-12-31": "8.76000", "2018-12-31": "7.71000", "2017-12-31": "0.25000", "2016-12-31": "6.46000", "2015-12-31": "5.70000", "2014-12-31": "5.12000", "2013-12-31": "5.27000", "2012-12-31": "5.25000", "2011-12-31": "4.77000", "2010-12-31": "4.13000", "2009-12-31": "3.37000", "2008-12-31": "3.25000", "2007-12-31": "2.67000", "2006-12-31": "2.16000", "2005-12-31": "1.77000"}, "EPS - Earnings Per Share": {"2020-12-31": "8.36000", "2019-12-31": "8.69000", "2018-12-31": "7.65000", "2017-12-31": "0.25000", "2016-12-31": "6.41000", "2015-12-31": "5.65000", "2014-12-31": "5.07000", "2013-12-31": "5.20000", "2012-12-31": "5.19000", "2011-12-31": "4.69000", "2010-12-31": "4.06000", "2009-12-31": "3.34000", "2008-12-31": "3.21000", "2007-12-31": "2.62000", "2006-12-31": "2.13000", "2005-12-31": "1.74000"}}, "income statement, quarterly": {"Revenue": {"2020-12-31": "786.65800", "2020-09-30": "593.78400", "2020-06-30": "519.98400", "2020-03-31": "464.93900", "2019-12-31": "716.29390", "2019-09-30": "577.27800", "2019-06-30": "599.16200", "2019-03-31": "513.86200", "2018-12-31": "715.01900", "2018-09-30": "578.02100", "2018-06-30": "596.21900", "2018-03-31": "530.67000", "2017-12-31": "687.27490", "2017-09-30": "565.58400", "2017-06-30": "558.25000", "2017-03-31": "497.96900", "2016-12-31": "628.78700", "2016-09-30": "526.83000", "2016-06-30": "536.56000", "2016-03-31": "475.24600", "2015-12-31": "586.61000", "2015-09-30": "500.57800", "2015-06-30": "494.74000", "2015-03-31": "460.40400", "2014-12-31": "583.86990", "2014-09-30": "493.16500", "2014-06-30": "481.80100", "2014-03-31": "430.50800", "2013-12-31": "565.44800", "2013-09-30": "457.31700", "2013-06-30": "451.11500", "2013-03-31": "430.33800", "2012-12-31": "521.76600", "2012-09-30": "449.95200", "2012-06-30": "451.46500", "2012-03-31": "420.45800", "2011-12-31": "521.41990", "2011-09-30": "454.53400", "2011-06-30": "447.62700", "2011-03-31": "427.60300", "2010-12-31": "483.57800", "2010-09-30": "401.03800", "2010-06-30": "391.05500", "2010-03-31": "367.70000", "2009-12-31": "428.84790", "2009-09-30": "373.96300", "2009-06-30": "362.83700", "2009-03-31": "333.05200", "2008-12-31": "418.33100", "2008-09-30": "386.31000", "2008-06-30": "398.77100", "2008-03-31": "371.71200", "2007-12-31": "437.00290", "2007-09-30": "352.63800", "2007-06-30": "352.63000", "2007-03-31": "330.77700", "2006-12-31": "386.93000", "2006-09-30": "301.18200", "2006-06-30": "301.89900", "2006-03-31": "290.21800", "2005-12-31": "332.27000", "2005-09-30": "273.03100", "2005-06-30": "284.63000", "2005-03-31": "268.30500"}, "Cost Of Goods Sold": {"2020-12-31": "320.56900", "2020-09-30": "262.34200", "2020-06-30": "213.13400", "2020-03-31": "210.64400", "2019-12-31": "299.06800", "2019-09-30": "241.05500", "2019-06-30": "249.54600", "2019-03-31": "221.03100", "2018-12-31": "286.86900", "2018-09-30": "241.13900", "2018-06-30": "243.13500", "2018-03-31": "221.42100", "2017-12-31": "270.45300", "2017-09-30": "235.89200", "2017-06-30": "229.62700", "2017-03-31": "211.09500", "2016-12-31": "251.57900", "2016-09-30": "218.34400", "2016-06-30": "220.37900", "2016-03-31": "201.15100", "2015-12-31": "237.91500", "2015-09-30": "206.80400", "2015-06-30": "208.70700", "2015-03-31": "189.24600", "2014-12-31": "233.11900", "2014-09-30": "202.22200", "2014-06-30": "201.85300", "2014-03-31": "187.71900", "2013-12-31": "228.99100", "2013-09-30": "191.56800", "2013-06-30": "188.32900", "2013-03-31": "174.56800", "2012-12-31": "208.36300", "2012-09-30": "182.70200", "2012-06-30": "179.25900", "2012-03-31": "167.29000", "2011-12-31": "204.24300", "2011-09-30": "180.31800", "2011-06-30": "176.10300", "2011-03-31": "169.82900", "2010-12-31": "189.25300", "2010-09-30": "162.98500", "2010-06-30": "155.13300", "2010-03-31": "145.93200", "2009-12-31": "170.13100", "2009-09-30": "153.14300", "2009-06-30": "144.15400", "2009-03-31": "127.45400", "2008-12-31": "172.06300", "2008-09-30": "158.52000", "2008-06-30": "175.23200", "2008-03-31": "155.45100", "2007-12-31": "181.99200", "2007-09-30": "153.67900", "2007-06-30": "152.21900", "2007-03-31": "143.23200", "2006-12-31": "162.38600", "2006-09-30": "127.16700", "2006-06-30": "126.00400", "2006-03-31": "120.62800", "2005-12-31": "133.98000", "2005-09-30": "115.50800", "2005-06-30": "117.06600", "2005-03-31": "111.80100"}, "Gross Profit": {"2020-12-31": "466.08900", "2020-09-30": "331.44200", "2020-06-30": "306.85000", "2020-03-31": "254.29500", "2019-12-31": "417.22590", "2019-09-30": "336.22300", "2019-06-30": "349.61600", "2019-03-31": "292.83100", "2018-12-31": "428.15000", "2018-09-30": "336.88200", "2018-06-30": "353.08400", "2018-03-31": "309.24900", "2017-12-31": "416.82190", "2017-09-30": "329.69200", "2017-06-30": "328.62300", "2017-03-31": "286.87400", "2016-12-31": "377.20800", "2016-09-30": "308.48600", "2016-06-30": "316.18100", "2016-03-31": "274.09500", "2015-12-31": "348.69510", "2015-09-30": "293.77400", "2015-06-30": "286.03300", "2015-03-31": "271.15800", "2014-12-31": "350.75090", "2014-09-30": "290.94300", "2014-06-30": "279.94800", "2014-03-31": "242.78900", "2013-12-31": "336.45700", "2013-09-30": "265.74900", "2013-06-30": "262.78600", "2013-03-31": "255.77000", "2012-12-31": "313.40300", "2012-09-30": "267.25000", "2012-06-30": "272.20600", "2012-03-31": "253.16800", "2011-12-31": "317.17690", "2011-09-30": "274.21600", "2011-06-30": "271.52400", "2011-03-31": "257.77400", "2010-12-31": "294.32500", "2010-09-30": "238.05300", "2010-06-30": "235.92200", "2010-03-31": "221.76800", "2009-12-31": "258.71690", "2009-09-30": "220.82000", "2009-06-30": "218.68300", "2009-03-31": "205.59800", "2008-12-31": "246.26800", "2008-09-30": "227.79000", "2008-06-30": "223.53900", "2008-03-31": "216.26100", "2007-12-31": "255.01090", "2007-09-30": "198.95900", "2007-06-30": "200.41100", "2007-03-31": "187.54500", "2006-12-31": "224.54400", "2006-09-30": "174.01500", "2006-06-30": "175.89500", "2006-03-31": "169.59000", "2005-12-31": "198.29000", "2005-09-30": "157.52300", "2005-06-30": "167.56400", "2005-03-31": "156.50400"}, "Research And Development Expenses": {"2020-12-31": "39.66200", "2020-09-30": "34.97100", "2020-06-30": "31.15500", "2020-03-31": "34.98900", "2019-12-31": "37.07200", "2019-09-30": "34.33300", "2019-06-30": "36.49000", "2019-03-31": "35.06000", "2018-12-31": "38.10600", "2018-09-30": "35.17300", "2018-06-30": "35.64400", "2018-03-31": "34.48000", "2017-12-31": "35.12200", "2017-09-30": "33.78200", "2017-06-30": "32.93700", "2017-03-31": "30.75200", "2016-12-31": "32.75300", "2016-09-30": "30.41800", "2016-06-30": "32.57800", "2016-03-31": "29.43800", "2015-12-31": "28.33600", "2015-09-30": "30.70300", "2015-06-30": "30.55500", "2015-03-31": "28.95100", "2014-12-31": "28.72400", "2014-09-30": "27.27900", "2014-06-30": "26.97700", "2014-03-31": "24.74600", "2013-12-31": "26.97500", "2013-09-30": "23.59900", "2013-06-30": "24.65000", "2013-03-31": "25.31200", "2012-12-31": "24.95800", "2012-09-30": "23.75600", "2012-06-30": "23.94300", "2012-03-31": "23.34700", "2011-12-31": "23.70700", "2011-09-30": "23.37200", "2011-06-30": "23.01400", "2011-03-31": "22.25400", "2010-12-31": "22.86700", "2010-09-30": "20.52400", "2010-06-30": "20.80700", "2010-03-31": "20.07600", "2009-12-31": "19.79000", "2009-09-30": "19.31000", "2009-06-30": "19.72200", "2009-03-31": "18.33200", "2008-12-31": "19.62800", "2008-09-30": "19.94600", "2008-06-30": "22.22800", "2008-03-31": "19.78600", "2007-12-31": "20.83800", "2007-09-30": "21.97400", "2007-06-30": "19.11500", "2007-03-31": "18.72200", "2006-12-31": "19.47000", "2006-09-30": "19.13800", "2006-06-30": "19.65500", "2006-03-31": "19.04300", "2005-12-31": "16.69100", "2005-09-30": "16.98200", "2005-06-30": "16.48500", "2005-03-31": "16.74700"}, "SG&A Expenses": {"2020-12-31": "153.08400", "2020-09-30": "135.43000", "2020-06-30": "117.44900", "2020-03-31": "147.73500", "2019-12-31": "141.20800", "2019-09-30": "126.03600", "2019-06-30": "133.20800", "2019-03-31": "134.33900", "2018-12-31": "142.85300", "2018-09-30": "126.99700", "2018-06-30": "136.64500", "2018-03-31": "130.40700", "2017-12-31": "148.39100", "2017-09-30": "135.20600", "2017-06-30": "130.09300", "2017-03-31": "130.67300", "2016-12-31": "129.53800", "2016-09-30": "123.86100", "2016-06-30": "129.58100", "2016-03-31": "129.35100", "2015-12-31": "128.68100", "2015-09-30": "124.65500", "2015-06-30": "122.66000", "2015-03-31": "119.75100", "2014-12-31": "131.91600", "2014-09-30": "122.22600", "2014-06-30": "131.93000", "2014-03-31": "126.63500", "2013-12-31": "130.68000", "2013-09-30": "120.56300", "2013-06-30": "123.06200", "2013-03-31": "118.66000", "2012-12-31": "122.14700", "2012-09-30": "115.32200", "2012-06-30": "122.68200", "2012-03-31": "117.11900", "2011-12-31": "126.23700", "2011-09-30": "121.21100", "2011-06-30": "125.43900", "2011-03-31": "117.12400", "2010-12-31": "120.51800", "2010-09-30": "111.30600", "2010-06-30": "106.93900", "2010-03-31": "106.69300", "2009-12-31": "109.98600", "2009-09-30": "102.67500", "2009-06-30": "109.58300", "2009-03-31": "99.15900", "2008-12-31": "101.46400", "2008-09-30": "107.46300", "2008-06-30": "111.93500", "2008-03-31": "105.83700", "2007-12-31": "101.99600", "2007-09-30": "105.57700", "2007-06-30": "102.22300", "2007-03-31": "93.90700", "2006-12-31": "95.76100", "2006-09-30": "87.39700", "2006-06-30": "88.96800", "2006-03-31": "85.53800", "2005-12-31": "81.59300", "2005-09-30": "76.64500", "2005-06-30": "82.86100", "2005-03-31": "80.59500"}, "Other Operating Income Or Expenses": {"2020-12-31": "-6.94500", "2020-09-30": "", "2020-06-30": "-0.51400", "2020-03-31": "-0.66600", "2019-12-31": "", "2019-09-30": "", "2019-06-30": "0.00000", "2019-03-31": "0.00000", "2018-12-31": "-0.32200", "2018-09-30": "-0.92400", "2018-06-30": "", "2018-03-31": "1.67200", "2017-12-31": "-1.09600", "2017-09-30": "", "2017-06-30": "-10.01800", "2017-03-31": "0.00000", "2016-12-31": "", "2016-09-30": "", "2016-06-30": "0.00000", "2016-03-31": "", "2015-12-31": "", "2015-09-30": "", "2015-06-30": "", "2015-03-31": "", "2014-12-31": "", "2014-09-30": "", "2014-06-30": "", "2014-03-31": "", "2013-12-31": "", "2013-09-30": "", "2013-06-30": "", "2013-03-31": "", "2012-12-31": "-4.43400", "2012-09-30": "", "2012-06-30": "-3.00000", "2012-03-31": "", "2011-12-31": "", "2011-09-30": "", "2011-06-30": "", "2011-03-31": "", "2010-12-31": "", "2010-09-30": "", "2010-06-30": "", "2010-03-31": "", "2009-12-31": "", "2009-09-30": "", "2009-06-30": "", "2009-03-31": "", "2008-12-31": "", "2008-09-30": "", "2008-06-30": "", "2008-03-31": "", "2007-12-31": "", "2007-09-30": "", "2007-06-30": "", "2007-03-31": "", "2006-12-31": "", "2006-09-30": "", "2006-06-30": "", "2006-03-31": "", "2005-12-31": "", "2005-09-30": "", "2005-06-30": "", "2005-03-31": ""}, "Operating Expenses": {"2020-12-31": "522.94700", "2020-09-30": "435.40000", "2020-06-30": "364.87000", "2020-03-31": "396.65900", "2019-12-31": "479.87710", "2019-09-30": "404.04300", "2019-06-30": "421.50800", "2019-03-31": "392.71100", "2018-12-31": "470.48690", "2018-09-30": "406.34700", "2018-06-30": "417.02600", "2018-03-31": "386.29500", "2017-12-31": "456.70090", "2017-09-30": "406.56200", "2017-06-30": "404.36800", "2017-03-31": "379.24900", "2016-12-31": "419.75200", "2016-09-30": "375.09900", "2016-06-30": "384.94900", "2016-03-31": "362.58400", "2015-12-31": "405.30190", "2015-09-30": "364.73500", "2015-06-30": "364.42200", "2015-03-31": "340.42200", "2014-12-31": "411.83090", "2014-09-30": "354.45200", "2014-06-30": "363.40600", "2014-03-31": "341.74700", "2013-12-31": "389.27100", "2013-09-30": "338.24800", "2013-06-30": "338.42300", "2013-03-31": "320.93300", "2012-12-31": "362.36090", "2012-09-30": "328.20700", "2012-06-30": "331.34200", "2012-03-31": "310.24100", "2011-12-31": "356.54600", "2011-09-30": "327.27000", "2011-06-30": "327.06000", "2011-03-31": "311.70800", "2010-12-31": "335.40200", "2010-09-30": "297.22300", "2010-06-30": "285.47100", "2010-03-31": "275.34300", "2009-12-31": "302.54400", "2009-09-30": "277.85100", "2009-06-30": "276.14200", "2009-03-31": "247.56100", "2008-12-31": "301.99900", "2008-09-30": "288.27800", "2008-06-30": "311.74700", "2008-03-31": "283.34600", "2007-12-31": "307.08690", "2007-09-30": "283.40600", "2007-06-30": "275.69000", "2007-03-31": "257.98600", "2006-12-31": "279.89000", "2006-09-30": "235.44900", "2006-06-30": "238.98400", "2006-03-31": "230.75500", "2005-12-31": "236.60200", "2005-09-30": "210.37600", "2005-06-30": "217.67800", "2005-03-31": "210.42500"}, "Operating Income": {"2020-12-31": "263.71100", "2020-09-30": "158.38400", "2020-06-30": "155.11400", "2020-03-31": "68.28000", "2019-12-31": "236.41680", "2019-09-30": "173.23500", "2019-06-30": "177.65400", "2019-03-31": "121.15100", "2018-12-31": "244.53210", "2018-09-30": "171.67400", "2018-06-30": "179.19300", "2018-03-31": "144.37500", "2017-12-31": "230.57400", "2017-09-30": "159.02200", "2017-06-30": "153.88200", "2017-03-31": "118.72000", "2016-12-31": "209.03500", "2016-09-30": "151.73100", "2016-06-30": "151.61100", "2016-03-31": "112.66200", "2015-12-31": "181.30820", "2015-09-30": "135.84300", "2015-06-30": "130.31800", "2015-03-31": "119.98200", "2014-12-31": "172.03910", "2014-09-30": "138.71300", "2014-06-30": "118.39500", "2014-03-31": "88.76100", "2013-12-31": "176.17700", "2013-09-30": "119.06900", "2013-06-30": "112.69200", "2013-03-31": "109.40500", "2012-12-31": "159.40510", "2012-09-30": "121.74500", "2012-06-30": "120.12300", "2012-03-31": "110.21700", "2011-12-31": "164.87400", "2011-09-30": "127.26400", "2011-06-30": "120.56700", "2011-03-31": "115.89500", "2010-12-31": "148.17600", "2010-09-30": "103.81500", "2010-06-30": "105.58400", "2010-03-31": "92.35700", "2009-12-31": "126.30390", "2009-09-30": "96.11200", "2009-06-30": "86.69500", "2009-03-31": "85.49100", "2008-12-31": "116.33200", "2008-09-30": "98.03200", "2008-06-30": "87.02400", "2008-03-31": "88.36600", "2007-12-31": "129.91600", "2007-09-30": "69.23200", "2007-06-30": "76.94000", "2007-03-31": "72.79100", "2006-12-31": "107.04000", "2006-09-30": "65.73300", "2006-06-30": "62.91500", "2006-03-31": "59.46300", "2005-12-31": "95.66800", "2005-09-30": "62.65500", "2005-06-30": "66.95200", "2005-03-31": "57.88000"}, "Total Non-Operating Income/Expense": {"2020-12-31": "-6.46000", "2020-09-30": "-7.94700", "2020-06-30": "-9.75100", "2020-03-31": "-10.41700", "2019-12-31": "-12.02900", "2019-09-30": "-8.49700", "2019-06-30": "-5.91900", "2019-03-31": "-3.77300", "2018-12-31": "-46.72600", "2018-09-30": "-2.44400", "2018-06-30": "-4.63200", "2018-03-31": "-3.82600", "2017-12-31": "-4.83600", "2017-09-30": "-5.22200", "2017-06-30": "-5.81000", "2017-03-31": "-5.23300", "2016-12-31": "-6.45600", "2016-09-30": "-6.28100", "2016-06-30": "-6.15600", "2016-03-31": "-6.03200", "2015-12-31": "-6.07000", "2015-09-30": "-6.28100", "2015-06-30": "-6.54600", "2015-03-31": "-6.63500", "2014-12-31": "-7.56600", "2014-09-30": "-7.30000", "2014-06-30": "-6.27100", "2014-03-31": "-6.03100", "2013-12-31": "-6.85200", "2013-09-30": "-6.41200", "2013-06-30": "-7.97600", "2013-03-31": "-5.99800", "2012-12-31": "-6.37300", "2012-09-30": "-5.92300", "2012-06-30": "-5.84700", "2012-03-31": "-5.72200", "2011-12-31": "-6.19300", "2011-09-30": "-5.54600", "2011-06-30": "-4.23900", "2011-03-31": "-3.37000", "2010-12-31": "-3.31700", "2010-09-30": "-3.29400", "2010-06-30": "-3.17300", "2010-03-31": "-2.28500", "2009-12-31": "-1.59500", "2009-09-30": "-2.07900", "2009-06-30": "-2.05400", "2009-03-31": "-2.22200", "2008-12-31": "-3.92100", "2008-09-30": "-4.54200", "2008-06-30": "-4.85500", "2008-03-31": "-4.24400", "2007-12-31": "-5.73400", "2007-09-30": "-6.72200", "2007-06-30": "-6.39600", "2007-03-31": "-6.83500", "2006-12-31": "-13.09600", "2006-09-30": "-6.68800", "2006-06-30": "-6.27200", "2006-03-31": "-6.13600", "2005-12-31": "-6.52400", "2005-09-30": "-1.96900", "2005-06-30": "-0.46300", "2005-03-31": "0.36400"}, "Pre-Tax Income": {"2020-12-31": "257.25100", "2020-09-30": "150.43700", "2020-06-30": "145.36300", "2020-03-31": "57.86300", "2019-12-31": "224.38800", "2019-09-30": "164.73800", "2019-06-30": "171.73500", "2019-03-31": "117.37800", "2018-12-31": "197.80600", "2018-09-30": "169.23000", "2018-06-30": "174.56100", "2018-03-31": "140.54900", "2017-12-31": "225.73800", "2017-09-30": "153.80000", "2017-06-30": "148.07200", "2017-03-31": "113.48700", "2016-12-31": "202.57900", "2016-09-30": "145.45000", "2016-06-30": "145.45500", "2016-03-31": "106.63000", "2015-12-31": "175.23800", "2015-09-30": "129.56200", "2015-06-30": "123.77200", "2015-03-31": "113.34700", "2014-12-31": "164.47300", "2014-09-30": "131.41300", "2014-06-30": "112.12400", "2014-03-31": "82.73000", "2013-12-31": "169.32500", "2013-09-30": "112.65700", "2013-06-30": "104.71600", "2013-03-31": "103.40700", "2012-12-31": "153.03200", "2012-09-30": "115.82200", "2012-06-30": "114.27600", "2012-03-31": "104.49500", "2011-12-31": "158.68100", "2011-09-30": "121.71800", "2011-06-30": "116.32800", "2011-03-31": "112.52500", "2010-12-31": "144.85900", "2010-09-30": "100.52100", "2010-06-30": "102.41100", "2010-03-31": "90.07200", "2009-12-31": "124.70900", "2009-09-30": "94.03300", "2009-06-30": "84.64100", "2009-03-31": "83.26900", "2008-12-31": "112.41100", "2008-09-30": "93.49000", "2008-06-30": "82.16900", "2008-03-31": "84.12200", "2007-12-31": "124.18200", "2007-09-30": "62.51000", "2007-06-30": "70.54400", "2007-03-31": "65.95600", "2006-12-31": "93.94400", "2006-09-30": "59.04500", "2006-06-30": "56.64300", "2006-03-31": "53.32700", "2005-12-31": "89.14400", "2005-09-30": "60.68600", "2005-06-30": "66.48900", "2005-03-31": "58.24400"}, "Income Taxes": {"2020-12-31": "38.94000", "2020-09-30": "23.66800", "2020-06-30": "22.43400", "2020-03-31": "4.30100", "2019-12-31": "23.71900", "2019-09-30": "26.60500", "2019-06-30": "27.32500", "2019-03-31": "8.39200", "2018-12-31": "12.65400", "2018-09-30": "28.21600", "2018-06-30": "18.88400", "2018-03-31": "28.59800", "2017-12-31": "578.91000", "2017-09-30": "17.69600", "2017-06-30": "16.25000", "2017-03-31": "7.93000", "2016-12-31": "28.20100", "2016-09-30": "20.59400", "2016-06-30": "17.23800", "2016-03-31": "12.57800", "2015-12-31": "24.18400", "2015-09-30": "13.28100", "2015-06-30": "18.11500", "2015-03-31": "17.28600", "2014-12-31": "13.18100", "2014-09-30": "17.91600", "2014-06-30": "15.59500", "2014-03-31": "12.42800", "2013-12-31": "27.74300", "2013-09-30": "14.60900", "2013-06-30": "15.40200", "2013-03-31": "-17.65200", "2012-12-31": "-22.91200", "2012-09-30": "16.71300", "2012-06-30": "16.55200", "2012-03-31": "15.82900", "2011-12-31": "21.53400", "2011-09-30": "20.46100", "2011-06-30": "16.25300", "2011-03-31": "18.03600", "2010-12-31": "18.25500", "2010-09-30": "5.80200", "2010-06-30": "17.48900", "2010-03-31": "14.55400", "2009-12-31": "20.58600", "2009-09-30": "18.09700", "2009-06-30": "14.73400", "2009-03-31": "9.92200", "2008-12-31": "13.05800", "2008-09-30": "21.98700", "2008-06-30": "-0.97900", "2008-03-31": "15.64700", "2007-12-31": "25.23900", "2007-09-30": "9.22700", "2007-06-30": "10.63500", "2007-03-31": "10.01900", "2006-12-31": "14.05500", "2006-09-30": "8.66900", "2006-06-30": "8.86300", "2006-03-31": "9.17200", "2005-12-31": "13.54600", "2005-09-30": "34.96900", "2005-06-30": "12.42400", "2005-03-31": "11.64900"}, "Income After Taxes": {"2020-12-31": "218.31100", "2020-09-30": "126.76900", "2020-06-30": "122.92900", "2020-03-31": "53.56200", "2019-12-31": "200.66900", "2019-09-30": "138.13300", "2019-06-30": "144.41000", "2019-03-31": "108.98600", "2018-12-31": "185.15200", "2018-09-30": "141.01400", "2018-06-30": "155.67700", "2018-03-31": "111.95100", "2017-12-31": "-353.17200", "2017-09-30": "136.10400", "2017-06-30": "131.82200", "2017-03-31": "105.55700", "2016-12-31": "174.37800", "2016-09-30": "124.85600", "2016-06-30": "128.21700", "2016-03-31": "94.05200", "2015-12-31": "151.05400", "2015-09-30": "116.28100", "2015-06-30": "105.65700", "2015-03-31": "96.06100", "2014-12-31": "151.29200", "2014-09-30": "113.49700", "2014-06-30": "96.52900", "2014-03-31": "70.30200", "2013-12-31": "141.58200", "2013-09-30": "98.04800", "2013-06-30": "89.31400", "2013-03-31": "121.05900", "2012-12-31": "175.94400", "2012-09-30": "99.10900", "2012-06-30": "97.72400", "2012-03-31": "88.66600", "2011-12-31": "137.14700", "2011-09-30": "101.25700", "2011-06-30": "100.07500", "2011-03-31": "94.48900", "2010-12-31": "126.60400", "2010-09-30": "94.71900", "2010-06-30": "84.92200", "2010-03-31": "75.51800", "2009-12-31": "104.12300", "2009-09-30": "75.93600", "2009-06-30": "69.90700", "2009-03-31": "73.34700", "2008-12-31": "99.35300", "2008-09-30": "71.50300", "2008-06-30": "83.14800", "2008-03-31": "68.47500", "2007-12-31": "98.94300", "2007-09-30": "53.28300", "2007-06-30": "59.90900", "2007-03-31": "55.93700", "2006-12-31": "79.88900", "2006-09-30": "50.37600", "2006-06-30": "47.78000", "2006-03-31": "44.15500", "2005-12-31": "75.59800", "2005-09-30": "25.71700", "2005-06-30": "54.06500", "2005-03-31": "46.59500"}, "Other Income": {"2020-12-31": "", "2020-09-30": "", "2020-06-30": "", "2020-03-31": "", "2019-12-31": "", "2019-09-30": "", "2019-06-30": "", "2019-03-31": "", "2018-12-31": "", "2018-09-30": "", "2018-06-30": "", "2018-03-31": "", "2017-12-31": "", "2017-09-30": "", "2017-06-30": "", "2017-03-31": "", "2016-12-31": "", "2016-09-30": "", "2016-06-30": "", "2016-03-31": "", "2015-12-31": "", "2015-09-30": "", "2015-06-30": "", "2015-03-31": "", "2014-12-31": "", "2014-09-30": "", "2014-06-30": "", "2014-03-31": "", "2013-12-31": "", "2013-09-30": "", "2013-06-30": "", "2013-03-31": "", "2012-12-31": "", "2012-09-30": "", "2012-06-30": "", "2012-03-31": "", "2011-12-31": "", "2011-09-30": "", "2011-06-30": "", "2011-03-31": "", "2010-12-31": "", "2010-09-30": "", "2010-06-30": "", "2010-03-31": "", "2009-12-31": "", "2009-09-30": "", "2009-06-30": "", "2009-03-31": "", "2008-12-31": "", "2008-09-30": "", "2008-06-30": "", "2008-03-31": "", "2007-12-31": "", "2007-09-30": "", "2007-06-30": "", "2007-03-31": "", "2006-12-31": "", "2006-09-30": "", "2006-06-30": "", "2006-03-31": "", "2005-12-31": "", "2005-09-30": "", "2005-06-30": "", "2005-03-31": ""}, "Income From Continuous Operations": {"2020-12-31": "218.31100", "2020-09-30": "126.76900", "2020-06-30": "122.92900", "2020-03-31": "53.56200", "2019-12-31": "200.66900", "2019-09-30": "138.13300", "2019-06-30": "144.41000", "2019-03-31": "108.98600", "2018-12-31": "185.15200", "2018-09-30": "141.01400", "2018-06-30": "155.67700", "2018-03-31": "111.95100", "2017-12-31": "-353.17200", "2017-09-30": "136.10400", "2017-06-30": "131.82200", "2017-03-31": "105.55700", "2016-12-31": "174.37800", "2016-09-30": "124.85600", "2016-06-30": "128.21700", "2016-03-31": "94.05200", "2015-12-31": "151.05400", "2015-09-30": "116.28100", "2015-06-30": "105.65700", "2015-03-31": "96.06100", "2014-12-31": "151.29200", "2014-09-30": "113.49700", "2014-06-30": "96.52900", "2014-03-31": "70.30200", "2013-12-31": "141.58200", "2013-09-30": "98.04800", "2013-06-30": "89.31400", "2013-03-31": "121.05900", "2012-12-31": "175.94400", "2012-09-30": "99.10900", "2012-06-30": "97.72400", "2012-03-31": "88.66600", "2011-12-31": "137.14700", "2011-09-30": "101.25700", "2011-06-30": "100.07500", "2011-03-31": "94.48900", "2010-12-31": "126.60400", "2010-09-30": "94.71900", "2010-06-30": "84.92200", "2010-03-31": "75.51800", "2009-12-31": "104.12300", "2009-09-30": "75.93600", "2009-06-30": "69.90700", "2009-03-31": "73.34700", "2008-12-31": "99.35300", "2008-09-30": "71.50300", "2008-06-30": "83.14800", "2008-03-31": "68.47500", "2007-12-31": "98.94300", "2007-09-30": "53.28300", "2007-06-30": "59.90900", "2007-03-31": "55.93700", "2006-12-31": "79.88900", "2006-09-30": "50.37600", "2006-06-30": "47.78000", "2006-03-31": "44.15500", "2005-12-31": "75.59800", "2005-09-30": "25.71700", "2005-06-30": "54.06500", "2005-03-31": "46.59500"}, "Income From Discontinued Operations": {"2020-12-31": "", "2020-09-30": "", "2020-06-30": "", "2020-03-31": "", "2019-12-31": "", "2019-09-30": "", "2019-06-30": "", "2019-03-31": "", "2018-12-31": "", "2018-09-30": "", "2018-06-30": "", "2018-03-31": "", "2017-12-31": "", "2017-09-30": "", "2017-06-30": "", "2017-03-31": "", "2016-12-31": "", "2016-09-30": "", "2016-06-30": "", "2016-03-31": "", "2015-12-31": "", "2015-09-30": "", "2015-06-30": "", "2015-03-31": "", "2014-12-31": "", "2014-09-30": "", "2014-06-30": "", "2014-03-31": "", "2013-12-31": "", "2013-09-30": "", "2013-06-30": "", "2013-03-31": "", "2012-12-31": "", "2012-09-30": "", "2012-06-30": "", "2012-03-31": "", "2011-12-31": "", "2011-09-30": "", "2011-06-30": "", "2011-03-31": "", "2010-12-31": "", "2010-09-30": "", "2010-06-30": "", "2010-03-31": "", "2009-12-31": "", "2009-09-30": "", "2009-06-30": "", "2009-03-31": "", "2008-12-31": "", "2008-09-30": "", "2008-06-30": "", "2008-03-31": "", "2007-12-31": "", "2007-09-30": "", "2007-06-30": "", "2007-03-31": "", "2006-12-31": "", "2006-09-30": "", "2006-06-30": "", "2006-03-31": "", "2005-12-31": "", "2005-09-30": "", "2005-06-30": "", "2005-03-31": ""}, "Net Income": {"2020-12-31": "218.31100", "2020-09-30": "126.76900", "2020-06-30": "122.92900", "2020-03-31": "53.56200", "2019-12-31": "200.66900", "2019-09-30": "138.13300", "2019-06-30": "144.41000", "2019-03-31": "108.98600", "2018-12-31": "185.15200", "2018-09-30": "141.01400", "2018-06-30": "155.67700", "2018-03-31": "111.95100", "2017-12-31": "-353.17200", "2017-09-30": "136.10400", "2017-06-30": "131.82200", "2017-03-31": "105.55700", "2016-12-31": "174.37800", "2016-09-30": "124.85600", "2016-06-30": "128.21700", "2016-03-31": "94.05200", "2015-12-31": "151.05400", "2015-09-30": "116.28100", "2015-06-30": "105.65700", "2015-03-31": "96.06100", "2014-12-31": "151.29200", "2014-09-30": "113.49700", "2014-06-30": "96.52900", "2014-03-31": "70.30200", "2013-12-31": "141.58200", "2013-09-30": "98.04800", "2013-06-30": "89.31400", "2013-03-31": "121.05900", "2012-12-31": "175.94400", "2012-09-30": "99.10900", "2012-06-30": "97.72400", "2012-03-31": "88.66600", "2011-12-31": "137.14700", "2011-09-30": "101.25700", "2011-06-30": "100.07500", "2011-03-31": "94.48900", "2010-12-31": "126.60400", "2010-09-30": "94.71900", "2010-06-30": "84.92200", "2010-03-31": "75.51800", "2009-12-31": "104.12300", "2009-09-30": "75.93600", "2009-06-30": "69.90700", "2009-03-31": "73.34700", "2008-12-31": "99.35300", "2008-09-30": "71.50300", "2008-06-30": "83.14800", "2008-03-31": "68.47500", "2007-12-31": "98.94300", "2007-09-30": "53.28300", "2007-06-30": "59.90900", "2007-03-31": "55.93700", "2006-12-31": "79.88900", "2006-09-30": "50.37600", "2006-06-30": "47.78000", "2006-03-31": "44.15500", "2005-12-31": "75.59800", "2005-09-30": "25.71700", "2005-06-30": "54.06500", "2005-03-31": "46.59500"}, "EBITDA": {"2020-12-31": "", "2020-09-30": "189.27200", "2020-06-30": "186.12900", "2020-03-31": "97.46800", "2019-12-31": "261.39380", "2019-09-30": "199.93900", "2019-06-30": "206.50500", "2019-03-31": "145.91500", "2018-12-31": "270.12910", "2018-09-30": "198.64900", "2018-06-30": "206.38900", "2018-03-31": "173.01500", "2017-12-31": "258.32700", "2017-09-30": "184.86600", "2017-06-30": "183.33700", "2017-03-31": "141.67000", "2016-12-31": "233.12000", "2016-09-30": "176.01800", "2016-06-30": "176.25700", "2016-03-31": "136.09300", "2015-12-31": "204.40020", "2015-09-30": "157.60000", "2015-06-30": "152.90700", "2015-03-31": "142.53100", "2014-12-31": "195.72010", "2014-09-30": "168.13900", "2014-06-30": "139.17700", "2014-03-31": "109.10300", "2013-12-31": "197.61700", "2013-09-30": "139.64000", "2013-06-30": "132.11400", "2013-03-31": "127.66700", "2012-12-31": "177.01110", "2012-09-30": "142.36700", "2012-06-30": "136.15700", "2012-03-31": "124.78600", "2011-12-31": "181.21600", "2011-09-30": "143.86400", "2011-06-30": "137.85200", "2011-03-31": "132.05500", "2010-12-31": "165.21600", "2010-09-30": "119.04700", "2010-06-30": "120.88500", "2010-03-31": "107.34200", "2009-12-31": "141.00390", "2009-09-30": "109.77700", "2009-06-30": "101.19100", "2009-03-31": "99.90200", "2008-12-31": "129.13800", "2008-09-30": "111.71000", "2008-06-30": "112.06400", "2008-03-31": "102.11300", "2007-12-31": "143.54800", "2007-09-30": "82.91600", "2007-06-30": "90.03600", "2007-03-31": "85.69600", "2006-12-31": "117.85100", "2006-09-30": "78.50900", "2006-06-30": "74.58400", "2006-03-31": "70.36600", "2005-12-31": "106.22500", "2005-09-30": "73.61300", "2005-06-30": "78.05500", "2005-03-31": "68.94700"}, "EBIT": {"2020-12-31": "263.71100", "2020-09-30": "158.38400", "2020-06-30": "155.11400", "2020-03-31": "68.28000", "2019-12-31": "236.41690", "2019-09-30": "173.23500", "2019-06-30": "177.65400", "2019-03-31": "121.15100", "2018-12-31": "244.53210", "2018-09-30": "171.67400", "2018-06-30": "179.19300", "2018-03-31": "144.37500", "2017-12-31": "230.57400", "2017-09-30": "159.02200", "2017-06-30": "153.88200", "2017-03-31": "118.72000", "2016-12-31": "209.03510", "2016-09-30": "151.73100", "2016-06-30": "151.61100", "2016-03-31": "112.66200", "2015-12-31": "181.30820", "2015-09-30": "135.84300", "2015-06-30": "130.31800", "2015-03-31": "119.98200", "2014-12-31": "172.03910", "2014-09-30": "138.71300", "2014-06-30": "118.39500", "2014-03-31": "88.76100", "2013-12-31": "176.17700", "2013-09-30": "119.06900", "2013-06-30": "112.69200", "2013-03-31": "109.40500", "2012-12-31": "159.40500", "2012-09-30": "121.74500", "2012-06-30": "120.12300", "2012-03-31": "110.21700", "2011-12-31": "164.87400", "2011-09-30": "127.26400", "2011-06-30": "120.56700", "2011-03-31": "115.89500", "2010-12-31": "148.17600", "2010-09-30": "103.81500", "2010-06-30": "105.58400", "2010-03-31": "92.35700", "2009-12-31": "126.30390", "2009-09-30": "96.11200", "2009-06-30": "86.69500", "2009-03-31": "85.49100", "2008-12-31": "116.33200", "2008-09-30": "98.03200", "2008-06-30": "87.02400", "2008-03-31": "88.36600", "2007-12-31": "129.91600", "2007-09-30": "69.23200", "2007-06-30": "76.94000", "2007-03-31": "72.79100", "2006-12-31": "107.04000", "2006-09-30": "65.73300", "2006-06-30": "62.91500", "2006-03-31": "59.46300", "2005-12-31": "95.66800", "2005-09-30": "62.65500", "2005-06-30": "66.95200", "2005-03-31": "57.88000"}, "Basic Shares Outstanding": {"2020-12-31": "62.17000", "2020-09-30": "62.00200", "2020-06-30": "61.94400", "2020-03-31": "62.23200", "2019-12-31": "67.62700", "2019-09-30": "66.22600", "2019-06-30": "68.98900", "2019-03-31": "71.70400", "2018-12-31": "76.99200", "2018-09-30": "76.57500", "2018-06-30": "77.83300", "2018-03-31": "78.88300", "2017-12-31": "79.79300", "2017-09-30": "79.71200", "2017-06-30": "79.97900", "2017-03-31": "80.07300", "2016-12-31": "80.78600", "2016-09-30": "80.67700", "2016-06-30": "80.80400", "2016-03-31": "81.27500", "2015-12-31": "82.33600", "2015-09-30": "82.03600", "2015-06-30": "82.56400", "2015-03-31": "83.02500", "2014-12-31": "84.35800", "2014-09-30": "83.66300", "2014-06-30": "84.46200", "2014-03-31": "84.97700", "2013-12-31": "85.42600", "2013-09-30": "85.18500", "2013-06-30": "85.48200", "2013-03-31": "86.04900", "2012-12-31": "87.84100", "2012-09-30": "87.41100", "2012-06-30": "88.31700", "2012-03-31": "88.99200", "2011-12-31": "90.83300", "2011-09-30": "90.68800", "2011-06-30": "91.66200", "2011-03-31": "91.64900", "2010-12-31": "92.38500", "2010-09-30": "91.71400", "2010-06-30": "92.61200", "2010-03-31": "93.62900", "2009-12-31": "95.79700", "2009-09-30": "95.23500", "2009-06-30": "96.14700", "2009-03-31": "97.30400", "2008-12-31": "99.19900", "2008-09-30": "98.89100", "2008-06-30": "99.58600", "2008-03-31": "100.40100", "2007-12-31": "100.50000", "2007-09-30": "99.82100", "2007-06-30": "100.32700", "2007-03-31": "101.41600", "2006-12-31": "102.69100", "2006-09-30": "101.84500", "2006-06-30": "103.01000", "2006-03-31": "104.58500", "2005-12-31": "114.02300", "2005-09-30": "112.98100", "2005-06-30": "116.09200", "2005-03-31": "118.71900"}, "Shares Outstanding": {"2020-12-31": "62.50100", "2020-09-30": "62.30300", "2020-06-30": "62.18400", "2020-03-31": "62.62600", "2019-12-31": "68.16600", "2019-09-30": "66.76800", "2019-06-30": "69.49400", "2019-03-31": "72.41500", "2018-12-31": "77.61800", "2018-09-30": "77.13600", "2018-06-30": "78.43800", "2018-03-31": "79.71500", "2017-12-31": "80.60400", "2017-09-30": "80.52100", "2017-06-30": "80.75600", "2017-03-31": "80.76900", "2016-12-31": "81.41700", "2016-09-30": "81.38800", "2016-06-30": "81.45500", "2016-03-31": "81.97400", "2015-12-31": "83.08700", "2015-09-30": "82.78400", "2015-06-30": "83.33200", "2015-03-31": "83.75200", "2014-12-31": "85.15100", "2014-09-30": "84.40100", "2014-06-30": "85.17700", "2014-03-31": "85.87300", "2013-12-31": "86.54600", "2013-09-30": "86.36400", "2013-06-30": "86.57600", "2013-03-31": "87.21500", "2012-12-31": "88.97900", "2012-09-30": "88.45100", "2012-06-30": "89.38100", "2012-03-31": "90.26900", "2011-12-31": "92.32500", "2011-09-30": "92.06000", "2011-06-30": "93.27100", "2011-03-31": "93.31300", "2010-12-31": "94.05700", "2010-09-30": "93.28600", "2010-06-30": "94.27800", "2010-03-31": "95.22300", "2009-12-31": "96.86200", "2009-09-30": "96.51300", "2009-06-30": "96.99600", "2009-03-31": "97.92700", "2008-12-31": "100.55500", "2008-09-30": "100.56600", "2008-06-30": "101.03500", "2008-03-31": "101.98300", "2007-12-31": "102.50500", "2007-09-30": "101.71200", "2007-06-30": "102.13000", "2007-03-31": "103.19800", "2006-12-31": "104.24000", "2006-09-30": "103.07400", "2006-06-30": "104.33700", "2006-03-31": "105.90100", "2005-12-31": "115.94500", "2005-09-30": "114.94200", "2005-06-30": "117.72200", "2005-03-31": "121.15600"}, "Basic EPS": {"2020-12-31": "3.51000", "2020-09-30": "2.04000", "2020-06-30": "1.98000", "2020-03-31": "0.86000", "2019-12-31": "3.06000", "2019-09-30": "2.09000", "2019-06-30": "2.09000", "2019-03-31": "1.52000", "2018-12-31": "2.45000", "2018-09-30": "1.84000", "2018-06-30": "2.00000", "2018-03-31": "1.42000", "2017-12-31": "-4.43000", "2017-09-30": "1.71000", "2017-06-30": "1.65000", "2017-03-31": "1.32000", "2016-12-31": "2.16000", "2016-09-30": "1.55000", "2016-06-30": "1.59000", "2016-03-31": "1.16000", "2015-12-31": "1.84000", "2015-09-30": "1.42000", "2015-06-30": "1.28000", "2015-03-31": "1.16000", "2014-12-31": "1.79000", "2014-09-30": "1.36000", "2014-06-30": "1.14000", "2014-03-31": "0.83000", "2013-12-31": "1.67000", "2013-09-30": "1.15000", "2013-06-30": "1.04000", "2013-03-31": "1.41000", "2012-12-31": "2.01000", "2012-09-30": "1.13000", "2012-06-30": "1.11000", "2012-03-31": "1.00000", "2011-12-31": "1.53000", "2011-09-30": "1.12000", "2011-06-30": "1.09000", "2011-03-31": "1.03000", "2010-12-31": "1.37000", "2010-09-30": "1.03000", "2010-06-30": "0.92000", "2010-03-31": "0.81000", "2009-12-31": "1.09000", "2009-09-30": "0.80000", "2009-06-30": "0.73000", "2009-03-31": "0.75000", "2008-12-31": "1.02000", "2008-09-30": "0.72000", "2008-06-30": "0.83000", "2008-03-31": "0.68000", "2007-12-31": "0.99000", "2007-09-30": "0.53000", "2007-06-30": "0.60000", "2007-03-31": "0.55000", "2006-12-31": "0.79000", "2006-09-30": "0.49000", "2006-06-30": "0.46000", "2006-03-31": "0.42000", "2005-12-31": "0.68000", "2005-09-30": "0.23000", "2005-06-30": "0.47000", "2005-03-31": "0.39000"}, "EPS - Earnings Per Share": {"2020-12-31": "3.49000", "2020-09-30": "2.03000", "2020-06-30": "1.98000", "2020-03-31": "0.86000", "2019-12-31": "3.03000", "2019-09-30": "2.07000", "2019-06-30": "2.08000", "2019-03-31": "1.51000", "2018-12-31": "2.44000", "2018-09-30": "1.83000", "2018-06-30": "1.98000", "2018-03-31": "1.40000", "2017-12-31": "-4.38000", "2017-09-30": "1.69000", "2017-06-30": "1.63000", "2017-03-31": "1.31000", "2016-12-31": "2.16000", "2016-09-30": "1.53000", "2016-06-30": "1.57000", "2016-03-31": "1.15000", "2015-12-31": "1.83000", "2015-09-30": "1.40000", "2015-06-30": "1.27000", "2015-03-31": "1.15000", "2014-12-31": "1.78000", "2014-09-30": "1.34000", "2014-06-30": "1.13000", "2014-03-31": "0.82000", "2013-12-31": "1.64000", "2013-09-30": "1.14000", "2013-06-30": "1.03000", "2013-03-31": "1.39000", "2012-12-31": "2.00000", "2012-09-30": "1.12000", "2012-06-30": "1.09000", "2012-03-31": "0.98000", "2011-12-31": "1.51000", "2011-09-30": "1.10000", "2011-06-30": "1.07000", "2011-03-31": "1.01000", "2010-12-31": "1.35000", "2010-09-30": "1.02000", "2010-06-30": "0.90000", "2010-03-31": "0.79000", "2009-12-31": "1.08000", "2009-09-30": "0.79000", "2009-06-30": "0.72000", "2009-03-31": "0.75000", "2008-12-31": "1.01000", "2008-09-30": "0.71000", "2008-06-30": "0.82000", "2008-03-31": "0.67000", "2007-12-31": "0.97000", "2007-09-30": "0.52000", "2007-06-30": "0.59000", "2007-03-31": "0.54000", "2006-12-31": "0.76000", "2006-09-30": "0.49000", "2006-06-30": "0.46000", "2006-03-31": "0.42000", "2005-12-31": "0.68000", "2005-09-30": "0.22000", "2005-06-30": "0.46000", "2005-03-31": "0.38000"}}, "balance sheet": {"Cash On Hand": {"2020-12-31": "443.14600", "2019-12-31": "337.14400", "2018-12-31": "1735.22400", "2017-12-31": "3393.70100", "2016-12-31": "2813.03200", "2015-12-31": "2399.26300", "2014-12-31": "2055.38800", "2013-12-31": "1803.67000", "2012-12-31": "1539.02500", "2011-12-31": "1281.35100", "2010-12-31": "946.41900", "2009-12-31": "630.25700", "2008-12-31": "428.52200", "2007-12-31": "693.01400", "2006-12-31": "514.16600", "2005-12-31": "493.58800"}, "Receivables": {"2020-12-31": "573.31600", "2019-12-31": "587.73400", "2018-12-31": "568.31600", "2017-12-31": "533.82500", "2016-12-31": "489.34000", "2015-12-31": "468.31500", "2014-12-31": "433.61600", "2013-12-31": "430.98500", "2012-12-31": "404.55600", "2011-12-31": "367.08500", "2010-12-31": "358.23700", "2009-12-31": "314.24700", "2008-12-31": "291.76300", "2007-12-31": "317.79200", "2006-12-31": "272.15700", "2005-12-31": "256.80900"}, "Inventory": {"2020-12-31": "304.28100", "2019-12-31": "320.55100", "2018-12-31": "291.56900", "2017-12-31": "270.29400", "2016-12-31": "262.68200", "2015-12-31": "263.41500", "2014-12-31": "246.43000", "2013-12-31": "242.80000", "2012-12-31": "229.56500", "2011-12-31": "212.86400", "2010-12-31": "204.30000", "2009-12-31": "178.66600", "2008-12-31": "173.05100", "2007-12-31": "175.88800", "2006-12-31": "168.43700", "2005-12-31": "131.55400"}, "Pre-Paid Expenses": {"2020-12-31": "", "2019-12-31": "", "2018-12-31": "", "2017-12-31": "", "2016-12-31": "", "2015-12-31": "", "2014-12-31": "", "2013-12-31": "", "2012-12-31": "", "2011-12-31": "", "2010-12-31": "", "2009-12-31": "", "2008-12-31": "", "2007-12-31": "", "2006-12-31": "", "2005-12-31": ""}, "Other Current Assets": {"2020-12-31": "", "2019-12-31": "67.06200", "2018-12-31": "68.05400", "2017-12-31": "72.31400", "2016-12-31": "70.39100", "2015-12-31": "82.54000", "2014-12-31": "81.61000", "2013-12-31": "78.80000", "2012-12-31": "84.58000", "2011-12-31": "80.80400", "2010-12-31": "77.68500", "2009-12-31": "49.20600", "2008-12-31": "62.96600", "2007-12-31": "50.36800", "2006-12-31": "44.92000", "2005-12-31": "31.04100"}, "Total Current Assets": {"2020-12-31": "1320.74300", "2019-12-31": "1312.49100", "2018-12-31": "2663.16300", "2017-12-31": "4270.13400", "2016-12-31": "3635.44500", "2015-12-31": "3213.53300", "2014-12-31": "2817.04400", "2013-12-31": "2556.25500", "2012-12-31": "2257.72600", "2011-12-31": "1942.10400", "2010-12-31": "1586.64100", "2009-12-31": "1172.37600", "2008-12-31": "956.30200", "2007-12-31": "1237.06200", "2006-12-31": "999.68000", "2005-12-31": "912.99200"}, "Property, Plant, And Equipment": {"2020-12-31": "494.00300", "2019-12-31": "417.34200", "2018-12-31": "343.08300", "2017-12-31": "349.27800", "2016-12-31": "337.11800", "2015-12-31": "333.35500", "2014-12-31": "321.58300", "2013-12-31": "324.93200", "2012-12-31": "273.27900", "2011-12-31": "237.09500", "2010-12-31": "215.06000", "2009-12-31": "210.92600", "2008-12-31": "171.58800", "2007-12-31": "160.85600", "2006-12-31": "149.26200", "2005-12-31": "141.03000"}, "Long-Term Investments": {"2020-12-31": "", "2019-12-31": "", "2018-12-31": "", "2017-12-31": "", "2016-12-31": "", "2015-12-31": "", "2014-12-31": "", "2013-12-31": "", "2012-12-31": "", "2011-12-31": "", "2010-12-31": "", "2009-12-31": "", "2008-12-31": "", "2007-12-31": "", "2006-12-31": "", "2005-12-31": ""}, "Goodwill And Intangible Assets": {"2020-12-31": "703.00700", "2019-12-31": "596.33100", "2018-12-31": "602.51600", "2017-12-31": "588.21400", "2016-12-31": "559.13500", "2015-12-31": "574.88600", "2014-12-31": "584.66000", "2013-12-31": "589.46200", "2012-12-31": "536.97900", "2011-12-31": "489.06300", "2010-12-31": "472.97300", "2009-12-31": "475.24200", "2008-12-31": "418.01600", "2007-12-31": "414.38500", "2006-12-31": "396.86000", "2005-12-31": "294.93400"}, "Other Long-Term Assets": {"2020-12-31": "322.16700", "2019-12-31": "137.53300", "2018-12-31": "118.66400", "2017-12-31": "116.72800", "2016-12-31": "130.36100", "2015-12-31": "146.90300", "2014-12-31": "151.40300", "2013-12-31": "111.98000", "2012-12-31": "100.16600", "2011-12-31": "54.97200", "2010-12-31": "52.99600", "2009-12-31": "49.38700", "2008-12-31": "76.99200", "2007-12-31": "68.75200", "2006-12-31": "71.51100", "2005-12-31": "79.97500"}, "Total Long-Term Assets": {"2020-12-31": "1519.17700", "2019-12-31": "1244.56400", "2018-12-31": "1064.26300", "2017-12-31": "1054.22000", "2016-12-31": "1026.61400", "2015-12-31": "1055.14400", "2014-12-31": "1057.64600", "2013-12-31": "1026.37400", "2012-12-31": "910.42400", "2011-12-31": "781.13000", "2010-12-31": "741.02900", "2009-12-31": "735.55500", "2008-12-31": "666.59600", "2007-12-31": "643.99300", "2006-12-31": "617.63290", "2005-12-31": "515.93900"}, "Total Assets": {"2020-12-31": "2839.92000", "2019-12-31": "2557.05500", "2018-12-31": "3727.42600", "2017-12-31": "5324.35400", "2016-12-31": "4662.05900", "2015-12-31": "4268.67700", "2014-12-31": "3874.69000", "2013-12-31": "3582.62900", "2012-12-31": "3168.15000", "2011-12-31": "2723.23400", "2010-12-31": "2327.67000", "2009-12-31": "1907.93100", "2008-12-31": "1622.89800", "2007-12-31": "1881.05500", "2006-12-31": "1617.31300", "2005-12-31": "1428.93100"}, "Total Current Liabilities": {"2020-12-31": "1356.51500", "2019-12-31": "591.33400", "2018-12-31": "448.93100", "2017-12-31": "606.15700", "2016-12-31": "520.32100", "2015-12-31": "564.07600", "2014-12-31": "580.48600", "2013-12-31": "487.53200", "2012-12-31": "504.24200", "2011-12-31": "601.86300", "2010-12-31": "385.85000", "2009-12-31": "394.56800", "2008-12-31": "289.50600", "2007-12-31": "658.43400", "2006-12-31": "685.83400", "2005-12-31": "603.89100"}, "Long Term Debt": {"2020-12-31": "", "2019-12-31": "1580.79700", "2018-12-31": "1148.17200", "2017-12-31": "1897.50100", "2016-12-31": "1701.96600", "2015-12-31": "1493.02700", "2014-12-31": "1237.46300", "2013-12-31": "1190.00000", "2012-12-31": "1045.00000", "2011-12-31": "700.00000", "2010-12-31": "700.00000", "2009-12-31": "500.00000", "2008-12-31": "500.00000", "2007-12-31": "500.00000", "2006-12-31": "500.00000", "2005-12-31": "500.00000"}, "Other Non-Current Liabilities": {"2020-12-31": "1251.26100", "2019-12-31": "475.16500", "2018-12-31": "507.21200", "2017-12-31": "519.57400", "2016-12-31": "65.25500", "2015-12-31": "75.66000", "2014-12-31": "76.84500", "2013-12-31": "67.20100", "2012-12-31": "50.32600", "2011-12-31": "101.82300", "2010-12-31": "100.39900", "2009-12-31": "95.37000", "2008-12-31": "95.37000", "2007-12-31": "84.19200", "2006-12-31": "10.90900", "2005-12-31": "8.33400"}, "Total Long Term Liabilities": {"2020-12-31": "1251.26100", "2019-12-31": "2182.00200", "2018-12-31": "1711.23700", "2017-12-31": "2484.40900", "2016-12-31": "1839.78900", "2015-12-31": "1645.75000", "2014-12-31": "1399.53800", "2013-12-31": "1331.92400", "2012-12-31": "1196.55100", "2011-12-31": "894.79300", "2010-12-31": "873.02300", "2009-12-31": "664.41400", "2008-12-31": "672.38700", "2007-12-31": "636.54500", "2006-12-31": "569.09600", "2005-12-31": "541.40800"}, "Total Liabilities": {"2020-12-31": "2607.77600", "2019-12-31": "2773.33600", "2018-12-31": "2160.16800", "2017-12-31": "3090.56600", "2016-12-31": "2360.11000", "2015-12-31": "2209.82600", "2014-12-31": "1980.02400", "2013-12-31": "1819.45600", "2012-12-31": "1700.79300", "2011-12-31": "1496.65600", "2010-12-31": "1258.87300", "2009-12-31": "1058.98200", "2008-12-31": "961.89300", "2007-12-31": "1294.97900", "2006-12-31": "1254.93000", "2005-12-31": "1145.29900"}, "Common Stock Net": {"2020-12-31": "", "2019-12-31": "1.61000", "2018-12-31": "1.60500", "2017-12-31": "1.59800", "2016-12-31": "1.58600", "2015-12-31": "1.57700", "2014-12-31": "1.56700", "2013-12-31": "1.55200", "2012-12-31": "1.53700", "2011-12-31": "1.52800", "2010-12-31": "1.51100", "2009-12-31": "1.48800", "2008-12-31": "1.48100", "2007-12-31": "1.47100", "2006-12-31": "1.44100", "2005-12-31": "1.42300"}, "Retained Earnings (Accumulated Deficit)": {"2020-12-31": "", "2019-12-31": "6587.40300", "2018-12-31": "5995.20500", "2017-12-31": "5405.38000", "2016-12-31": "5385.06900", "2015-12-31": "4863.56600", "2014-12-31": "4394.51300", "2013-12-31": "3962.89300", "2012-12-31": "3512.89000", "2011-12-31": "3051.44700", "2010-12-31": "2618.47900", "2009-12-31": "2236.71600", "2008-12-31": "1913.40300", "2007-12-31": "1590.92400", "2006-12-31": "1326.75700", "2005-12-31": "1104.55700"}, "Comprehensive Income": {"2020-12-31": "", "2019-12-31": "-119.47100", "2018-12-31": "-117.97100", "2017-12-31": "-110.06700", "2016-12-31": "-216.28000", "2015-12-31": "-146.72600", "2014-12-31": "-78.70500", "2013-12-31": "5.87900", "2012-12-31": "-26.39500", "2011-12-31": "-36.05500", "2010-12-31": "-11.79500", "2009-12-31": "15.57400", "2008-12-31": "-8.58100", "2007-12-31": "66.23200", "2006-12-31": "43.66500", "2005-12-31": "24.67200"}, "Other Share Holders Equity": {"2020-12-31": "", "2019-12-31": "", "2018-12-31": "", "2017-12-31": "", "2016-12-31": "", "2015-12-31": "", "2014-12-31": "", "2013-12-31": "", "2012-12-31": "", "2011-12-31": "", "2010-12-31": "", "2009-12-31": "", "2008-12-31": "", "2007-12-31": "", "2006-12-31": "", "2005-12-31": ""}, "Share Holder Equity": {"2020-12-31": "232.14400", "2019-12-31": "-216.28100", "2018-12-31": "1567.25800", "2017-12-31": "2233.78800", "2016-12-31": "2301.94900", "2015-12-31": "2058.85100", "2014-12-31": "1894.66600", "2013-12-31": "1763.17300", "2012-12-31": "1467.35700", "2011-12-31": "1226.57800", "2010-12-31": "1068.79700", "2009-12-31": "848.94900", "2008-12-31": "661.00500", "2007-12-31": "586.07600", "2006-12-31": "362.38300", "2005-12-31": "283.63200"}, "Total Liabilities And Share Holders Equity": {"2020-12-31": "2839.92000", "2019-12-31": "2557.05500", "2018-12-31": "3727.42600", "2017-12-31": "5324.35400", "2016-12-31": "4662.05900", "2015-12-31": "4268.67700", "2014-12-31": "3874.69000", "2013-12-31": "3582.62900", "2012-12-31": "3168.15000", "2011-12-31": "2723.23400", "2010-12-31": "2327.67000", "2009-12-31": "1907.93100", "2008-12-31": "1622.89800", "2007-12-31": "1881.05500", "2006-12-31": "1617.31300", "2005-12-31": "1428.93100"}}, "balance sheet, quarterly": {"Cash On Hand": {"2020-12-31": "443.14600", "2020-09-30": "397.07000", "2020-06-30": "355.75600", "2020-03-31": "393.87100", "2019-12-31": "337.14400", "2019-09-30": "404.64900", "2019-06-30": "675.77300", "2019-03-31": "1167.26300", "2018-12-31": "1735.22400", "2018-09-30": "2084.26000", "2018-06-30": "2248.49300", "2018-03-31": "2551.87300", "2017-12-31": "3393.70100", "2017-09-30": "3254.95700", "2017-06-30": "3125.94600", "2017-03-31": "2966.46300", "2016-12-31": "2813.03200", "2016-09-30": "2713.01500", "2016-06-30": "2599.78600", "2016-03-31": "2505.16800", "2015-12-31": "2399.26300", "2015-09-30": "2310.73400", "2015-06-30": "2208.89300", "2015-03-31": "2109.04500", "2014-12-31": "2055.38800", "2014-09-30": "1946.35700", "2014-06-30": "1917.56000", "2014-03-31": "1853.19500", "2013-12-31": "1803.67000", "2013-09-30": "1699.10700", "2013-06-30": "1649.72200", "2013-03-31": "1589.85400", "2012-12-31": "1539.02500", "2012-09-30": "1448.44100", "2012-06-30": "1392.13700", "2012-03-31": "1353.55300", "2011-12-31": "1281.35100", "2011-09-30": "1194.21700", "2011-06-30": "1121.67700", "2011-03-31": "1039.04900", "2010-12-31": "946.41900", "2010-09-30": "837.09800", "2010-06-30": "754.47300", "2010-03-31": "692.18000", "2009-12-31": "630.25700", "2009-09-30": "578.14800", "2009-06-30": "505.68100", "2009-03-31": "431.27200", "2008-12-31": "428.52200", "2008-09-30": "892.60000", "2008-06-30": "830.68100", "2008-03-31": "758.52800", "2007-12-31": "693.01400", "2007-09-30": "626.46500", "2007-06-30": "544.30400", "2007-03-31": "503.68600", "2006-12-31": "514.16600", "2006-09-30": "511.56700", "2006-06-30": "489.55600", "2006-03-31": "481.22300", "2005-12-31": "493.58800", "2005-09-30": "488.90300", "2005-06-30": "615.23400", "2005-03-31": "586.91200"}, "Receivables": {"2020-12-31": "573.31600", "2020-09-30": "494.43200", "2020-06-30": "496.27600", "2020-03-31": "522.20900", "2019-12-31": "587.73400", "2019-09-30": "504.86500", "2019-06-30": "518.52000", "2019-03-31": "508.28500", "2018-12-31": "568.31600", "2018-09-30": "489.19300", "2018-06-30": "492.82600", "2018-03-31": "502.96800", "2017-12-31": "533.82500", "2017-09-30": "456.33400", "2017-06-30": "462.81100", "2017-03-31": "461.75500", "2016-12-31": "489.34000", "2016-09-30": "441.76800", "2016-06-30": "445.95300", "2016-03-31": "439.57800", "2015-12-31": "468.31500", "2015-09-30": "416.31100", "2015-06-30": "406.58300", "2015-03-31": "394.37000", "2014-12-31": "433.61600", "2014-09-30": "393.16900", "2014-06-30": "401.91900", "2014-03-31": "401.40600", "2013-12-31": "430.98500", "2013-09-30": "373.84400", "2013-06-30": "365.22200", "2013-03-31": "377.41200", "2012-12-31": "404.55600", "2012-09-30": "362.37100", "2012-06-30": "355.14400", "2012-03-31": "353.74600", "2011-12-31": "367.08500", "2011-09-30": "354.44500", "2011-06-30": "365.33100", "2011-03-31": "349.39700", "2010-12-31": "358.23700", "2010-09-30": "337.56200", "2010-06-30": "314.17400", "2010-03-31": "313.95100", "2009-12-31": "314.24700", "2009-09-30": "289.65000", "2009-06-30": "294.93600", "2009-03-31": "279.34500", "2008-12-31": "291.76300", "2008-09-30": "289.27100", "2008-06-30": "304.79000", "2008-03-31": "317.00900", "2007-12-31": "317.79200", "2007-09-30": "269.58000", "2007-06-30": "270.01500", "2007-03-31": "278.63600", "2006-12-31": "272.15700", "2006-09-30": "225.93500", "2006-06-30": "238.35200", "2006-03-31": "247.35200", "2005-12-31": "256.80900", "2005-09-30": "221.85700", "2005-06-30": "228.24500", "2005-03-31": "239.63400"}, "Inventory": {"2020-12-31": "304.28100", "2020-09-30": "326.94600", "2020-06-30": "344.00900", "2020-03-31": "344.00900", "2019-12-31": "320.55100", "2019-09-30": "368.79000", "2019-06-30": "351.55200", "2019-03-31": "333.30800", "2018-12-31": "291.56900", "2018-09-30": "313.61400", "2018-06-30": "299.59500", "2018-03-31": "299.61400", "2017-12-31": "270.29400", "2017-09-30": "297.85400", "2017-06-30": "287.13900", "2017-03-31": "279.97600", "2016-12-31": "262.68200", "2016-09-30": "303.18300", "2016-06-30": "286.44700", "2016-03-31": "287.04800", "2015-12-31": "263.41500", "2015-09-30": "281.78600", "2015-06-30": "272.93200", "2015-03-31": "257.53000", "2014-12-31": "246.43000", "2014-09-30": "269.09500", "2014-06-30": "272.76400", "2014-03-31": "266.62900", "2013-12-31": "242.80000", "2013-09-30": "256.98000", "2013-06-30": "242.64100", "2013-03-31": "235.88300", "2012-12-31": "229.56500", "2012-09-30": "246.99400", "2012-06-30": "236.76300", "2012-03-31": "233.36200", "2011-12-31": "212.86400", "2011-09-30": "246.25800", "2011-06-30": "243.18000", "2011-03-31": "223.88200", "2010-12-31": "204.30000", "2010-09-30": "208.33900", "2010-06-30": "191.78200", "2010-03-31": "189.22100", "2009-12-31": "178.66600", "2009-09-30": "197.08800", "2009-06-30": "196.31600", "2009-03-31": "190.92700", "2008-12-31": "173.05100", "2008-09-30": "206.23100", "2008-06-30": "206.87300", "2008-03-31": "196.83100", "2007-12-31": "175.88800", "2007-09-30": "191.12100", "2007-06-30": "178.49100", "2007-03-31": "177.68400", "2006-12-31": "168.43700", "2006-09-30": "177.29100", "2006-06-30": "161.84300", "2006-03-31": "146.37800", "2005-12-31": "131.55400", "2005-09-30": "140.96500", "2005-06-30": "140.48100", "2005-03-31": "148.14000"}, "Pre-Paid Expenses": {"2020-12-31": "", "2020-09-30": "", "2020-06-30": "", "2020-03-31": "", "2019-12-31": "", "2019-09-30": "", "2019-06-30": "", "2019-03-31": "", "2018-12-31": "", "2018-09-30": "", "2018-06-30": "", "2018-03-31": "", "2017-12-31": "", "2017-09-30": "", "2017-06-30": "", "2017-03-31": "", "2016-12-31": "", "2016-09-30": "", "2016-06-30": "", "2016-03-31": "", "2015-12-31": "", "2015-09-30": "", "2015-06-30": "", "2015-03-31": "", "2014-12-31": "", "2014-09-30": "", "2014-06-30": "", "2014-03-31": "", "2013-12-31": "", "2013-09-30": "", "2013-06-30": "", "2013-03-31": "", "2012-12-31": "", "2012-09-30": "", "2012-06-30": "", "2012-03-31": "", "2011-12-31": "", "2011-09-30": "", "2011-06-30": "", "2011-03-31": "", "2010-12-31": "", "2010-09-30": "", "2010-06-30": "", "2010-03-31": "", "2009-12-31": "", "2009-09-30": "", "2009-06-30": "", "2009-03-31": "", "2008-12-31": "", "2008-09-30": "", "2008-06-30": "", "2008-03-31": "", "2007-12-31": "", "2007-09-30": "", "2007-06-30": "", "2007-03-31": "", "2006-12-31": "", "2006-09-30": "", "2006-06-30": "", "2006-03-31": "", "2005-12-31": "", "2005-09-30": "", "2005-06-30": "", "2005-03-31": ""}, "Other Current Assets": {"2020-12-31": "", "2020-09-30": "73.22500", "2020-06-30": "73.38600", "2020-03-31": "67.68700", "2019-12-31": "67.06200", "2019-09-30": "65.60200", "2019-06-30": "74.55600", "2019-03-31": "68.93500", "2018-12-31": "68.05400", "2018-09-30": "83.70200", "2018-06-30": "83.08600", "2018-03-31": "84.12300", "2017-12-31": "72.31400", "2017-09-30": "69.38000", "2017-06-30": "71.33900", "2017-03-31": "70.23000", "2016-12-31": "70.39100", "2016-09-30": "76.40400", "2016-06-30": "73.75000", "2016-03-31": "78.82500", "2015-12-31": "82.54000", "2015-09-30": "85.01600", "2015-06-30": "118.54900", "2015-03-31": "115.02800", "2014-12-31": "81.61000", "2014-09-30": "90.78900", "2014-06-30": "88.36300", "2014-03-31": "86.47900", "2013-12-31": "78.80000", "2013-09-30": "99.15100", "2013-06-30": "86.69300", "2013-03-31": "84.53200", "2012-12-31": "84.58000", "2012-09-30": "79.69200", "2012-06-30": "81.24800", "2012-03-31": "82.81800", "2011-12-31": "80.80400", "2011-09-30": "68.43900", "2011-06-30": "69.82000", "2011-03-31": "71.00600", "2010-12-31": "77.68500", "2010-09-30": "55.32800", "2010-06-30": "51.42900", "2010-03-31": "53.86500", "2009-12-31": "49.20600", "2009-09-30": "56.96100", "2009-06-30": "61.32400", "2009-03-31": "61.44300", "2008-12-31": "62.96600", "2008-09-30": "45.94000", "2008-06-30": "47.95700", "2008-03-31": "49.33000", "2007-12-31": "50.36800", "2007-09-30": "42.34700", "2007-06-30": "41.59700", "2007-03-31": "48.77400", "2006-12-31": "44.92000", "2006-09-30": "32.92300", "2006-06-30": "35.02000", "2006-03-31": "33.47100", "2005-12-31": "31.04100", "2005-09-30": "18.54800", "2005-06-30": "25.90300", "2005-03-31": "22.74900"}, "Total Current Assets": {"2020-12-31": "1320.74300", "2020-09-30": "1291.67300", "2020-06-30": "1269.42700", "2020-03-31": "1327.77600", "2019-12-31": "1312.49100", "2019-09-30": "1343.90600", "2019-06-30": "1620.40100", "2019-03-31": "2077.79100", "2018-12-31": "2663.16300", "2018-09-30": "2970.76900", "2018-06-30": "3124.00000", "2018-03-31": "3438.57800", "2017-12-31": "4270.13400", "2017-09-30": "4078.52500", "2017-06-30": "3947.23500", "2017-03-31": "3778.42400", "2016-12-31": "3635.44500", "2016-09-30": "3534.37000", "2016-06-30": "3405.93600", "2016-03-31": "3310.61900", "2015-12-31": "3213.53300", "2015-09-30": "3093.84700", "2015-06-30": "3006.95700", "2015-03-31": "2875.97300", "2014-12-31": "2817.04400", "2014-09-30": "2699.41000", "2014-06-30": "2680.60600", "2014-03-31": "2607.70900", "2013-12-31": "2556.25500", "2013-09-30": "2429.08200", "2013-06-30": "2344.27800", "2013-03-31": "2287.68100", "2012-12-31": "2257.72600", "2012-09-30": "2137.49800", "2012-06-30": "2065.29200", "2012-03-31": "2023.47900", "2011-12-31": "1942.10400", "2011-09-30": "1863.35900", "2011-06-30": "1800.00800", "2011-03-31": "1683.33400", "2010-12-31": "1586.64100", "2010-09-30": "1438.32700", "2010-06-30": "1311.85800", "2010-03-31": "1249.21700", "2009-12-31": "1172.37600", "2009-09-30": "1121.84700", "2009-06-30": "1058.25700", "2009-03-31": "962.98700", "2008-12-31": "956.30200", "2008-09-30": "1434.04200", "2008-06-30": "1390.30100", "2008-03-31": "1321.69800", "2007-12-31": "1237.06200", "2007-09-30": "1129.51300", "2007-06-30": "1034.40700", "2007-03-31": "1008.78000", "2006-12-31": "999.68000", "2006-09-30": "947.71600", "2006-06-30": "924.77100", "2006-03-31": "908.42400", "2005-12-31": "912.99200", "2005-09-30": "870.27300", "2005-06-30": "1009.86300", "2005-03-31": "997.43500"}, "Property, Plant, And Equipment": {"2020-12-31": "494.00300", "2020-09-30": "469.72100", "2020-06-30": "459.17300", "2020-03-31": "439.42000", "2019-12-31": "417.34200", "2019-09-30": "381.49600", "2019-06-30": "368.87800", "2019-03-31": "355.96500", "2018-12-31": "343.08300", "2018-09-30": "338.47200", "2018-06-30": "335.70900", "2018-03-31": "349.31900", "2017-12-31": "349.27800", "2017-09-30": "342.83200", "2017-06-30": "338.86000", "2017-03-31": "334.38200", "2016-12-31": "337.11800", "2016-09-30": "329.72100", "2016-06-30": "330.23500", "2016-03-31": "336.79800", "2015-12-31": "333.35500", "2015-09-30": "325.55400", "2015-06-30": "324.89600", "2015-03-31": "316.81400", "2014-12-31": "321.58300", "2014-09-30": "322.92400", "2014-06-30": "328.59800", "2014-03-31": "329.88000", "2013-12-31": "324.93200", "2013-09-30": "313.66700", "2013-06-30": "295.74100", "2013-03-31": "282.71600", "2012-12-31": "273.27900", "2012-09-30": "261.11500", "2012-06-30": "251.35700", "2012-03-31": "238.95500", "2011-12-31": "237.09500", "2011-09-30": "221.05900", "2011-06-30": "218.63700", "2011-03-31": "216.98900", "2010-12-31": "215.06000", "2010-09-30": "214.77300", "2010-06-30": "210.64900", "2010-03-31": "208.95700", "2009-12-31": "210.92600", "2009-09-30": "209.17200", "2009-06-30": "203.29300", "2009-03-31": "183.82300", "2008-12-31": "171.58800", "2008-09-30": "166.56900", "2008-06-30": "165.92900", "2008-03-31": "163.87200", "2007-12-31": "160.85600", "2007-09-30": "157.90100", "2007-06-30": "151.96700", "2007-03-31": "149.90800", "2006-12-31": "149.26200", "2006-09-30": "145.69100", "2006-06-30": "144.10200", "2006-03-31": "141.07300", "2005-12-31": "141.03000", "2005-09-30": "139.94300", "2005-06-30": "139.24300", "2005-03-31": "137.36400"}, "Long-Term Investments": {"2020-12-31": "", "2020-09-30": "", "2020-06-30": "", "2020-03-31": "", "2019-12-31": "", "2019-09-30": "", "2019-06-30": "", "2019-03-31": "", "2018-12-31": "", "2018-09-30": "", "2018-06-30": "", "2018-03-31": "", "2017-12-31": "", "2017-09-30": "", "2017-06-30": "", "2017-03-31": "", "2016-12-31": "", "2016-09-30": "", "2016-06-30": "", "2016-03-31": "", "2015-12-31": "", "2015-09-30": "", "2015-06-30": "", "2015-03-31": "", "2014-12-31": "", "2014-09-30": "", "2014-06-30": "", "2014-03-31": "", "2013-12-31": "", "2013-09-30": "", "2013-06-30": "", "2013-03-31": "", "2012-12-31": "", "2012-09-30": "", "2012-06-30": "", "2012-03-31": "", "2011-12-31": "", "2011-09-30": "", "2011-06-30": "", "2011-03-31": "", "2010-12-31": "", "2010-09-30": "", "2010-06-30": "", "2010-03-31": "", "2009-12-31": "", "2009-09-30": "", "2009-06-30": "", "2009-03-31": "", "2008-12-31": "", "2008-09-30": "", "2008-06-30": "", "2008-03-31": "", "2007-12-31": "", "2007-09-30": "", "2007-06-30": "", "2007-03-31": "", "2006-12-31": "", "2006-09-30": "", "2006-06-30": "", "2006-03-31": "", "2005-12-31": "", "2005-09-30": "", "2005-06-30": "", "2005-03-31": ""}, "Goodwill And Intangible Assets": {"2020-12-31": "703.00700", "2020-09-30": "686.24600", "2020-06-30": "676.48500", "2020-03-31": "667.17600", "2019-12-31": "596.33100", "2019-09-30": "591.54800", "2019-06-30": "599.98400", "2019-03-31": "600.04700", "2018-12-31": "602.51600", "2018-09-30": "610.70300", "2018-06-30": "575.68200", "2018-03-31": "594.06400", "2017-12-31": "588.21400", "2017-09-30": "583.43200", "2017-06-30": "576.21400", "2017-03-31": "564.84500", "2016-12-31": "559.13500", "2016-09-30": "578.06500", "2016-06-30": "570.38000", "2016-03-31": "580.24400", "2015-12-31": "574.88600", "2015-09-30": "574.95700", "2015-06-30": "576.50000", "2015-03-31": "563.12900", "2014-12-31": "584.66000", "2014-09-30": "600.11800", "2014-06-30": "591.14300", "2014-03-31": "591.72700", "2013-12-31": "589.46200", "2013-09-30": "571.16700", "2013-06-30": "534.66800", "2013-03-31": "530.13800", "2012-12-31": "536.97900", "2012-09-30": "529.13900", "2012-06-30": "505.78300", "2012-03-31": "514.44300", "2011-12-31": "489.06300", "2011-09-30": "494.60200", "2011-06-30": "489.09400", "2011-03-31": "484.94900", "2010-12-31": "472.97300", "2010-09-30": "475.60600", "2010-06-30": "462.13200", "2010-03-31": "471.29100", "2009-12-31": "475.24200", "2009-09-30": "474.88600", "2009-06-30": "469.71900", "2009-03-31": "461.37600", "2008-12-31": "418.01600", "2008-09-30": "420.79300", "2008-06-30": "427.70500", "2008-03-31": "418.34900", "2007-12-31": "414.38500", "2007-09-30": "411.15500", "2007-06-30": "400.42800", "2007-03-31": "398.23700", "2006-12-31": "396.86000", "2006-09-30": "316.93400", "2006-06-30": "311.35300", "2006-03-31": "307.92900", "2005-12-31": "294.93400", "2005-09-30": "308.26700", "2005-06-30": "308.72800", "2005-03-31": "311.39500"}, "Other Long-Term Assets": {"2020-12-31": "322.16700", "2020-09-30": "144.88900", "2020-06-30": "154.59800", "2020-03-31": "141.48200", "2019-12-31": "137.53300", "2019-09-30": "159.20300", "2019-06-30": "142.59900", "2019-03-31": "121.24500", "2018-12-31": "118.66400", "2018-09-30": "123.11400", "2018-06-30": "122.35300", "2018-03-31": "107.49600", "2017-12-31": "116.72800", "2017-09-30": "158.19600", "2017-06-30": "134.43600", "2017-03-31": "133.05200", "2016-12-31": "130.36100", "2016-09-30": "134.62600", "2016-06-30": "141.52200", "2016-03-31": "140.73400", "2015-12-31": "146.90300", "2015-09-30": "126.88600", "2015-06-30": "120.49100", "2015-03-31": "116.81000", "2014-12-31": "151.40300", "2014-09-30": "129.22400", "2014-06-30": "127.18300", "2014-03-31": "120.41900", "2013-12-31": "111.98000", "2013-09-30": "111.40300", "2013-06-30": "110.84200", "2013-03-31": "106.78200", "2012-12-31": "100.16600", "2012-09-30": "69.38800", "2012-06-30": "61.12400", "2012-03-31": "62.53900", "2011-12-31": "54.97200", "2011-09-30": "60.59500", "2011-06-30": "64.11700", "2011-03-31": "61.89000", "2010-12-31": "52.99600", "2010-09-30": "76.94000", "2010-06-30": "51.76000", "2010-03-31": "51.77700", "2009-12-31": "49.38700", "2009-09-30": "79.65600", "2009-06-30": "71.34800", "2009-03-31": "66.34900", "2008-12-31": "76.99200", "2008-09-30": "82.37800", "2008-06-30": "80.42300", "2008-03-31": "70.42900", "2007-12-31": "68.75200", "2007-09-30": "83.68900", "2007-06-30": "79.93900", "2007-03-31": "71.37900", "2006-12-31": "71.51100", "2006-09-30": "91.56700", "2006-06-30": "89.32400", "2006-03-31": "82.46100", "2005-12-31": "79.97500", "2005-09-30": "36.28000", "2005-06-30": "34.56000", "2005-03-31": "36.16700"}, "Total Long-Term Assets": {"2020-12-31": "1519.17700", "2020-09-30": "1387.61300", "2020-06-30": "1378.87500", "2020-03-31": "1338.74200", "2019-12-31": "1244.56400", "2019-09-30": "1217.35900", "2019-06-30": "1202.52100", "2019-03-31": "1171.93700", "2018-12-31": "1064.26300", "2018-09-30": "1072.28900", "2018-06-30": "1033.74400", "2018-03-31": "1050.87900", "2017-12-31": "1054.22000", "2017-09-30": "1084.46000", "2017-06-30": "1049.51000", "2017-03-31": "1032.27900", "2016-12-31": "1026.61400", "2016-09-30": "1042.41200", "2016-06-30": "1042.13700", "2016-03-31": "1057.77600", "2015-12-31": "1055.14400", "2015-09-30": "1027.39700", "2015-06-30": "1021.88700", "2015-03-31": "996.75300", "2014-12-31": "1057.64600", "2014-09-30": "1052.26600", "2014-06-30": "1046.92400", "2014-03-31": "1042.02600", "2013-12-31": "1026.37400", "2013-09-30": "996.23700", "2013-06-30": "941.25090", "2013-03-31": "919.63600", "2012-12-31": "910.42400", "2012-09-30": "859.64200", "2012-06-30": "818.26400", "2012-03-31": "815.93700", "2011-12-31": "781.13000", "2011-09-30": "776.25600", "2011-06-30": "771.84800", "2011-03-31": "763.82800", "2010-12-31": "741.02900", "2010-09-30": "767.31900", "2010-06-30": "724.54100", "2010-03-31": "732.02500", "2009-12-31": "735.55500", "2009-09-30": "763.71400", "2009-06-30": "744.36000", "2009-03-31": "711.54800", "2008-12-31": "666.59600", "2008-09-30": "669.74000", "2008-06-30": "674.05700", "2008-03-31": "652.65000", "2007-12-31": "643.99300", "2007-09-30": "652.74510", "2007-06-30": "632.33400", "2007-03-31": "619.52400", "2006-12-31": "617.63290", "2006-09-30": "554.19200", "2006-06-30": "544.77900", "2006-03-31": "531.46300", "2005-12-31": "515.93900", "2005-09-30": "484.49000", "2005-06-30": "482.53100", "2005-03-31": "484.92600"}, "Total Assets": {"2020-12-31": "2839.92000", "2020-09-30": "2679.28600", "2020-06-30": "2648.30200", "2020-03-31": "2666.51800", "2019-12-31": "2557.05500", "2019-09-30": "2561.26500", "2019-06-30": "2822.92200", "2019-03-31": "3249.72800", "2018-12-31": "3727.42600", "2018-09-30": "4043.05800", "2018-06-30": "4157.74400", "2018-03-31": "4489.45700", "2017-12-31": "5324.35400", "2017-09-30": "5162.98500", "2017-06-30": "4996.74500", "2017-03-31": "4810.70300", "2016-12-31": "4662.05900", "2016-09-30": "4576.78200", "2016-06-30": "4448.07300", "2016-03-31": "4368.39500", "2015-12-31": "4268.67700", "2015-09-30": "4121.24400", "2015-06-30": "4028.84400", "2015-03-31": "3872.72600", "2014-12-31": "3874.69000", "2014-09-30": "3751.67600", "2014-06-30": "3727.53000", "2014-03-31": "3649.73500", "2013-12-31": "3582.62900", "2013-09-30": "3425.31900", "2013-06-30": "3285.52900", "2013-03-31": "3207.31700", "2012-12-31": "3168.15000", "2012-09-30": "2997.14000", "2012-06-30": "2883.55600", "2012-03-31": "2839.41600", "2011-12-31": "2723.23400", "2011-09-30": "2639.61500", "2011-06-30": "2571.85600", "2011-03-31": "2447.16200", "2010-12-31": "2327.67000", "2010-09-30": "2205.64600", "2010-06-30": "2036.39900", "2010-03-31": "1981.24200", "2009-12-31": "1907.93100", "2009-09-30": "1885.56100", "2009-06-30": "1802.61700", "2009-03-31": "1674.53500", "2008-12-31": "1622.89800", "2008-09-30": "2103.78200", "2008-06-30": "2064.35800", "2008-03-31": "1974.34800", "2007-12-31": "1881.05500", "2007-09-30": "1782.25800", "2007-06-30": "1666.74100", "2007-03-31": "1628.30400", "2006-12-31": "1617.31300", "2006-09-30": "1501.90800", "2006-06-30": "1469.55000", "2006-03-31": "1439.88700", "2005-12-31": "1428.93100", "2005-09-30": "1354.76300", "2005-06-30": "1492.39400", "2005-03-31": "1482.36100"}, "Total Current Liabilities": {"2020-12-31": "1356.51500", "2020-09-30": "722.18800", "2020-06-30": "697.32000", "2020-03-31": "551.05100", "2019-12-31": "591.33400", "2019-09-30": "597.15300", "2019-06-30": "611.69600", "2019-03-31": "603.27900", "2018-12-31": "448.93100", "2018-09-30": "448.12500", "2018-06-30": "474.91700", "2018-03-31": "534.34800", "2017-12-31": "606.15700", "2017-09-30": "662.14900", "2017-06-30": "653.28900", "2017-03-31": "632.21100", "2016-12-31": "520.32100", "2016-09-30": "519.50100", "2016-06-30": "522.60400", "2016-03-31": "524.03000", "2015-12-31": "564.07600", "2015-09-30": "535.95400", "2015-06-30": "546.69400", "2015-03-31": "538.47100", "2014-12-31": "580.48600", "2014-09-30": "574.47900", "2014-06-30": "594.59000", "2014-03-31": "584.44800", "2013-12-31": "487.53200", "2013-09-30": "492.90400", "2013-06-30": "474.95300", "2013-03-31": "476.86600", "2012-12-31": "504.24200", "2012-09-30": "767.56200", "2012-06-30": "721.65700", "2012-03-31": "648.28300", "2011-12-31": "601.86300", "2011-09-30": "605.57900", "2011-06-30": "467.29700", "2011-03-31": "716.22900", "2010-12-31": "385.85000", "2010-09-30": "417.41000", "2010-06-30": "362.57100", "2010-03-31": "305.20400", "2009-12-31": "394.56800", "2009-09-30": "432.21400", "2009-06-30": "400.09600", "2009-03-31": "343.53500", "2008-12-31": "289.50600", "2008-09-30": "666.19800", "2008-06-30": "620.86900", "2008-03-31": "563.68000", "2007-12-31": "658.43400", "2007-09-30": "688.32200", "2007-06-30": "643.85100", "2007-03-31": "613.77100", "2006-12-31": "685.83400", "2006-09-30": "694.50900", "2006-06-30": "673.65000", "2006-03-31": "636.84900", "2005-12-31": "603.89100", "2005-09-30": "709.73000", "2005-06-30": "682.58100", "2005-03-31": "613.85900"}, "Long Term Debt": {"2020-12-31": "", "2020-09-30": "1421.33700", "2020-06-30": "1546.15900", "2020-03-31": "1845.98100", "2019-12-31": "1580.79700", "2019-09-30": "1255.60100", "2019-06-30": "1048.39400", "2019-03-31": "1048.28300", "2018-12-31": "1148.17200", "2018-09-30": "1148.06100", "2018-06-30": "1147.95100", "2018-03-31": "1247.63000", "2017-12-31": "1897.50100", "2017-09-30": "1732.36700", "2017-06-30": "1687.23300", "2017-03-31": "1642.09900", "2016-12-31": "1701.96600", "2016-09-30": "1656.83200", "2016-06-30": "1631.69800", "2016-03-31": "1593.30100", "2015-12-31": "1493.02700", "2015-09-30": "1455.00000", "2015-06-30": "1385.00000", "2015-03-31": "1310.00000", "2014-12-31": "1237.46300", "2014-09-30": "1205.00000", "2014-06-30": "1160.00000", "2014-03-31": "1100.00000", "2013-12-31": "1190.00000", "2013-09-30": "1160.00000", "2013-06-30": "1135.00000", "2013-03-31": "1100.00000", "2012-12-31": "1045.00000", "2012-09-30": "700.00000", "2012-06-30": "700.00000", "2012-03-31": "700.00000", "2011-12-31": "700.00000", "2011-09-30": "700.00000", "2011-06-30": "700.00000", "2011-03-31": "400.00000", "2010-12-31": "700.00000", "2010-09-30": "700.00000", "2010-06-30": "700.00000", "2010-03-31": "700.00000", "2009-12-31": "500.00000", "2009-09-30": "500.00000", "2009-06-30": "500.00000", "2009-03-31": "500.00000", "2008-12-31": "500.00000", "2008-09-30": "650.00000", "2008-06-30": "650.00000", "2008-03-31": "650.00000", "2007-12-31": "500.00000", "2007-09-30": "500.00000", "2007-06-30": "500.00000", "2007-03-31": "500.00000", "2006-12-31": "500.00000", "2006-09-30": "500.00000", "2006-06-30": "500.00000", "2006-03-31": "500.00000", "2005-12-31": "500.00000", "2005-09-30": "250.00000", "2005-06-30": "250.00000", "2005-03-31": "250.00000"}, "Other Non-Current Liabilities": {"2020-12-31": "1251.26100", "2020-09-30": "449.86800", "2020-06-30": "470.23800", "2020-03-31": "488.79500", "2019-12-31": "475.16500", "2019-09-30": "476.25300", "2019-06-30": "484.04900", "2019-03-31": "506.26000", "2018-12-31": "507.21200", "2018-09-30": "506.74400", "2018-06-30": "492.14800", "2018-03-31": "525.05200", "2017-12-31": "519.57400", "2017-09-30": "69.70800", "2017-06-30": "65.20300", "2017-03-31": "69.01400", "2016-12-31": "65.25500", "2016-09-30": "74.81600", "2016-06-30": "73.66600", "2016-03-31": "78.40500", "2015-12-31": "75.66000", "2015-09-30": "84.38100", "2015-06-30": "81.43300", "2015-03-31": "77.77600", "2014-12-31": "76.84500", "2014-09-30": "72.44100", "2014-06-30": "69.58000", "2014-03-31": "69.16100", "2013-12-31": "67.20100", "2013-09-30": "51.63000", "2013-06-30": "53.64200", "2013-03-31": "52.22600", "2012-12-31": "50.32600", "2012-09-30": "103.49800", "2012-06-30": "102.15700", "2012-03-31": "101.47600", "2011-12-31": "101.82300", "2011-09-30": "103.00100", "2011-06-30": "102.59400", "2011-03-31": "104.39700", "2010-12-31": "100.39900", "2010-09-30": "97.40000", "2010-06-30": "93.69100", "2010-03-31": "93.55300", "2009-12-31": "95.37000", "2009-09-30": "97.69100", "2009-06-30": "97.34900", "2009-03-31": "91.76300", "2008-12-31": "95.37000", "2008-09-30": "95.78700", "2008-06-30": "90.27600", "2008-03-31": "90.11100", "2007-12-31": "84.19200", "2007-09-30": "82.86800", "2007-06-30": "79.20600", "2007-03-31": "78.38600", "2006-12-31": "10.90900", "2006-09-30": "11.26000", "2006-06-30": "11.20800", "2006-03-31": "9.50400", "2005-12-31": "8.33400", "2005-09-30": "8.45900", "2005-06-30": "10.00100", "2005-03-31": "9.34100"}, "Total Long Term Liabilities": {"2020-12-31": "1251.26100", "2020-09-30": "1998.67900", "2020-06-30": "2142.72400", "2020-03-31": "2453.46600", "2019-12-31": "2182.00200", "2019-09-30": "1848.61200", "2019-06-30": "1654.98100", "2019-03-31": "1678.70700", "2018-12-31": "1711.23700", "2018-09-30": "1718.50100", "2018-06-30": "1707.73300", "2018-03-31": "1840.21500", "2017-12-31": "2484.40900", "2017-09-30": "1871.74100", "2017-06-30": "1824.81700", "2017-03-31": "1783.67800", "2016-12-31": "1839.78900", "2016-09-30": "1798.14100", "2016-06-30": "1776.12500", "2016-03-31": "1742.67900", "2015-12-31": "1645.75000", "2015-09-30": "1616.73400", "2015-06-30": "1549.55200", "2015-03-31": "1472.01500", "2014-12-31": "1399.53800", "2014-09-30": "1335.37700", "2014-06-30": "1289.45500", "2014-03-31": "1245.91500", "2013-12-31": "1331.92400", "2013-09-30": "1313.78100", "2013-06-30": "1290.46400", "2013-03-31": "1253.95100", "2012-12-31": "1196.55100", "2012-09-30": "899.69900", "2012-06-30": "899.21600", "2012-03-31": "903.60200", "2011-12-31": "894.79300", "2011-09-30": "874.95300", "2011-06-30": "879.02500", "2011-03-31": "580.13900", "2010-12-31": "873.02300", "2010-09-30": "864.97400", "2010-06-30": "860.87800", "2010-03-31": "862.99600", "2009-12-31": "664.41400", "2009-09-30": "672.68900", "2009-06-30": "671.77200", "2009-03-31": "665.28700", "2008-12-31": "672.38700", "2008-09-30": "792.50100", "2008-06-30": "792.87200", "2008-03-31": "793.70300", "2007-12-31": "636.54500", "2007-09-30": "638.26300", "2007-06-30": "644.21100", "2007-03-31": "639.72500", "2006-12-31": "569.09600", "2006-09-30": "545.97700", "2006-06-30": "545.33200", "2006-03-31": "543.62010", "2005-12-31": "541.40800", "2005-09-30": "290.40000", "2005-06-30": "290.61200", "2005-03-31": "289.91300"}, "Total Liabilities": {"2020-12-31": "2607.77600", "2020-09-30": "2720.86700", "2020-06-30": "2840.04400", "2020-03-31": "3004.51700", "2019-12-31": "2773.33600", "2019-09-30": "2445.76500", "2019-06-30": "2266.67700", "2019-03-31": "2281.98600", "2018-12-31": "2160.16800", "2018-09-30": "2166.62600", "2018-06-30": "2182.65000", "2018-03-31": "2374.56300", "2017-12-31": "3090.56600", "2017-09-30": "2533.89000", "2017-06-30": "2478.10600", "2017-03-31": "2415.88900", "2016-12-31": "2360.11000", "2016-09-30": "2317.64200", "2016-06-30": "2298.72900", "2016-03-31": "2266.70900", "2015-12-31": "2209.82600", "2015-09-30": "2152.68800", "2015-06-30": "2096.24600", "2015-03-31": "2010.48600", "2014-12-31": "1980.02400", "2014-09-30": "1909.85600", "2014-06-30": "1884.04500", "2014-03-31": "1830.36300", "2013-12-31": "1819.45600", "2013-09-30": "1806.68500", "2013-06-30": "1765.41700", "2013-03-31": "1730.81700", "2012-12-31": "1700.79300", "2012-09-30": "1667.26100", "2012-06-30": "1620.87300", "2012-03-31": "1551.88500", "2011-12-31": "1496.65600", "2011-09-30": "1480.53200", "2011-06-30": "1346.32200", "2011-03-31": "1296.36800", "2010-12-31": "1258.87300", "2010-09-30": "1282.38400", "2010-06-30": "1223.44900", "2010-03-31": "1168.20000", "2009-12-31": "1058.98200", "2009-09-30": "1104.90300", "2009-06-30": "1071.86800", "2009-03-31": "1008.82200", "2008-12-31": "961.89300", "2008-09-30": "1458.69900", "2008-06-30": "1413.74100", "2008-03-31": "1357.38300", "2007-12-31": "1294.97900", "2007-09-30": "1326.58500", "2007-06-30": "1288.06200", "2007-03-31": "1253.49600", "2006-12-31": "1254.93000", "2006-09-30": "1240.48600", "2006-06-30": "1218.98200", "2006-03-31": "1180.46900", "2005-12-31": "1145.29900", "2005-09-30": "1000.13000", "2005-06-30": "973.19300", "2005-03-31": "903.77200"}, "Common Stock Net": {"2020-12-31": "", "2020-09-30": "1.61400", "2020-06-30": "1.61300", "2020-03-31": "1.61300", "2019-12-31": "1.61000", "2019-09-30": "1.60900", "2019-06-30": "1.60800", "2019-03-31": "1.60800", "2018-12-31": "1.60500", "2018-09-30": "1.60400", "2018-06-30": "1.60300", "2018-03-31": "1.60200", "2017-12-31": "1.59800", "2017-09-30": "1.59600", "2017-06-30": "1.59400", "2017-03-31": "1.59200", "2016-12-31": "1.58600", "2016-09-30": "1.58600", "2016-06-30": "1.58100", "2016-03-31": "1.57900", "2015-12-31": "1.57700", "2015-09-30": "1.57300", "2015-06-30": "1.57200", "2015-03-31": "1.57000", "2014-12-31": "1.56700", "2014-09-30": "1.56200", "2014-06-30": "1.56100", "2014-03-31": "1.56000", "2013-12-31": "1.55200", "2013-09-30": "1.54600", "2013-06-30": "1.54300", "2013-03-31": "1.54100", "2012-12-31": "1.53700", "2012-09-30": "1.53500", "2012-06-30": "1.53400", "2012-03-31": "1.53400", "2011-12-31": "1.52800", "2011-09-30": "1.52400", "2011-06-30": "1.52300", "2011-03-31": "1.51700", "2010-12-31": "1.51100", "2010-09-30": "1.49700", "2010-06-30": "1.49600", "2010-03-31": "1.49300", "2009-12-31": "1.48800", "2009-09-30": "1.48500", "2009-06-30": "1.48400", "2009-03-31": "1.48300", "2008-12-31": "1.48100", "2008-09-30": "1.47800", "2008-06-30": "1.47600", "2008-03-31": "1.47500", "2007-12-31": "1.47100", "2007-09-30": "1.46000", "2007-06-30": "1.45200", "2007-03-31": "1.45000", "2006-12-31": "1.44100", "2006-09-30": "1.43600", "2006-06-30": "1.43300", "2006-03-31": "1.42800", "2005-12-31": "1.42300", "2005-09-30": "1.42200", "2005-06-30": "1.42000", "2005-03-31": "1.41900"}, "Retained Earnings (Accumulated Deficit)": {"2020-12-31": "", "2020-09-30": "6889.67800", "2020-06-30": "6762.90900", "2020-03-31": "6639.98000", "2019-12-31": "6587.40300", "2019-09-30": "6386.73400", "2019-06-30": "6248.60100", "2019-03-31": "6104.19100", "2018-12-31": "5995.20500", "2018-09-30": "5810.05300", "2018-06-30": "5669.03900", "2018-03-31": "5513.36200", "2017-12-31": "5405.38000", "2017-09-30": "5758.55200", "2017-06-30": "5622.44800", "2017-03-31": "5490.62600", "2016-12-31": "5385.06900", "2016-09-30": "5210.69100", "2016-06-30": "5085.83500", "2016-03-31": "4957.61800", "2015-12-31": "4863.56600", "2015-09-30": "4712.51200", "2015-06-30": "4596.23100", "2015-03-31": "4490.57400", "2014-12-31": "4394.51300", "2014-09-30": "4243.22100", "2014-06-30": "4129.72400", "2014-03-31": "4033.19500", "2013-12-31": "3962.89300", "2013-09-30": "3821.31100", "2013-06-30": "3723.26300", "2013-03-31": "3633.94900", "2012-12-31": "3512.89000", "2012-09-30": "3336.94600", "2012-06-30": "3237.83700", "2012-03-31": "3140.11300", "2011-12-31": "3051.44700", "2011-09-30": "2914.30000", "2011-06-30": "2813.04300", "2011-03-31": "2712.96800", "2010-12-31": "2618.47900", "2010-09-30": "2491.87500", "2010-06-30": "2397.15600", "2010-03-31": "2312.23400", "2009-12-31": "2236.71600", "2009-09-30": "2132.59300", "2009-06-30": "2056.65700", "2009-03-31": "1986.75000", "2008-12-31": "1913.40300", "2008-09-30": "1814.05000", "2008-06-30": "1742.54700", "2008-03-31": "1659.39900", "2007-12-31": "1590.92400", "2007-09-30": "1491.98100", "2007-06-30": "1438.69800", "2007-03-31": "1378.78900", "2006-12-31": "1326.75700", "2006-09-30": "1246.86800", "2006-06-30": "1196.49200", "2006-03-31": "1148.71200", "2005-12-31": "1104.55700", "2005-09-30": "1028.95900", "2005-06-30": "1003.24200", "2005-03-31": "949.17700"}, "Comprehensive Income": {"2020-12-31": "", "2020-09-30": "-126.67600", "2020-06-30": "-126.89000", "2020-03-31": "-138.41700", "2019-12-31": "-119.47100", "2019-09-30": "-119.58100", "2019-06-30": "-115.09600", "2019-03-31": "-108.64400", "2018-12-31": "-117.97100", "2018-09-30": "-125.79300", "2018-06-30": "-132.90100", "2018-03-31": "-88.63100", "2017-12-31": "-110.06700", "2017-09-30": "-120.42700", "2017-06-30": "-147.77500", "2017-03-31": "-186.53700", "2016-12-31": "-216.28000", "2016-09-30": "-155.40400", "2016-06-30": "-156.92900", "2016-03-31": "-127.94700", "2015-12-31": "-146.72600", "2015-09-30": "-126.81600", "2015-06-30": "-118.27300", "2015-03-31": "-138.37600", "2014-12-31": "-78.70500", "2014-09-30": "-10.07600", "2014-06-30": "39.08200", "2014-03-31": "32.45700", "2013-12-31": "5.87900", "2013-09-30": "-25.17400", "2013-06-30": "-53.59400", "2013-03-31": "-54.67100", "2012-12-31": "-26.39500", "2012-09-30": "-29.49200", "2012-06-30": "-53.58900", "2012-03-31": "-22.93600", "2011-12-31": "-36.05500", "2011-09-30": "-0.78300", "2011-06-30": "32.49500", "2011-03-31": "22.27900", "2010-12-31": "-11.79500", "2010-09-30": "3.52200", "2010-06-30": "-36.14300", "2010-03-31": "-7.68000", "2009-12-31": "15.57400", "2009-09-30": "19.32300", "2009-06-30": "8.91500", "2009-03-31": "-20.94100", "2008-12-31": "-8.58100", "2008-09-30": "58.75100", "2008-06-30": "95.40000", "2008-03-31": "79.66900", "2007-12-31": "66.23200", "2007-09-30": "61.45800", "2007-06-30": "48.72500", "2007-03-31": "45.69900", "2006-12-31": "43.66500", "2006-09-30": "31.66200", "2006-06-30": "28.67200", "2006-03-31": "26.95200", "2005-12-31": "24.67200", "2005-09-30": "32.13500", "2005-06-30": "37.42500", "2005-03-31": "53.27100"}, "Other Share Holders Equity": {"2020-12-31": "", "2020-09-30": "", "2020-06-30": "", "2020-03-31": "", "2019-12-31": "", "2019-09-30": "", "2019-06-30": "", "2019-03-31": "", "2018-12-31": "", "2018-09-30": "", "2018-06-30": "", "2018-03-31": "", "2017-12-31": "", "2017-09-30": "", "2017-06-30": "", "2017-03-31": "", "2016-12-31": "", "2016-09-30": "", "2016-06-30": "", "2016-03-31": "", "2015-12-31": "", "2015-09-30": "", "2015-06-30": "", "2015-03-31": "", "2014-12-31": "", "2014-09-30": "", "2014-06-30": "", "2014-03-31": "", "2013-12-31": "", "2013-09-30": "", "2013-06-30": "", "2013-03-31": "", "2012-12-31": "", "2012-09-30": "", "2012-06-30": "", "2012-03-31": "", "2011-12-31": "", "2011-09-30": "", "2011-06-30": "", "2011-03-31": "", "2010-12-31": "", "2010-09-30": "", "2010-06-30": "", "2010-03-31": "", "2009-12-31": "", "2009-09-30": "", "2009-06-30": "", "2009-03-31": "", "2008-12-31": "", "2008-09-30": "", "2008-06-30": "", "2008-03-31": "", "2007-12-31": "", "2007-09-30": "", "2007-06-30": "", "2007-03-31": "", "2006-12-31": "", "2006-09-30": "", "2006-06-30": "", "2006-03-31": "", "2005-12-31": "", "2005-09-30": "", "2005-06-30": "", "2005-03-31": ""}, "Share Holder Equity": {"2020-12-31": "232.14400", "2020-09-30": "-41.58100", "2020-06-30": "-191.74200", "2020-03-31": "-337.99900", "2019-12-31": "-216.28100", "2019-09-30": "115.50000", "2019-06-30": "556.24500", "2019-03-31": "967.74200", "2018-12-31": "1567.25800", "2018-09-30": "1876.43200", "2018-06-30": "1975.09400", "2018-03-31": "2114.89400", "2017-12-31": "2233.78800", "2017-09-30": "2629.09500", "2017-06-30": "2518.63900", "2017-03-31": "2394.81400", "2016-12-31": "2301.94900", "2016-09-30": "2259.14000", "2016-06-30": "2149.34400", "2016-03-31": "2101.68600", "2015-12-31": "2058.85100", "2015-09-30": "1968.55600", "2015-06-30": "1932.59800", "2015-03-31": "1862.24000", "2014-12-31": "1894.66600", "2014-09-30": "1841.82000", "2014-06-30": "1843.48500", "2014-03-31": "1819.37200", "2013-12-31": "1763.17300", "2013-09-30": "1618.63400", "2013-06-30": "1520.11200", "2013-03-31": "1476.50000", "2012-12-31": "1467.35700", "2012-09-30": "1329.87900", "2012-06-30": "1262.68300", "2012-03-31": "1287.53100", "2011-12-31": "1226.57800", "2011-09-30": "1159.08300", "2011-06-30": "1225.53400", "2011-03-31": "1150.79400", "2010-12-31": "1068.79700", "2010-09-30": "923.26200", "2010-06-30": "812.95000", "2010-03-31": "813.04200", "2009-12-31": "848.94900", "2009-09-30": "780.65800", "2009-06-30": "730.74900", "2009-03-31": "665.71300", "2008-12-31": "661.00500", "2008-09-30": "645.08300", "2008-06-30": "650.61700", "2008-03-31": "616.96500", "2007-12-31": "586.07600", "2007-09-30": "455.67300", "2007-06-30": "378.67900", "2007-03-31": "374.80800", "2006-12-31": "362.38300", "2006-09-30": "261.42200", "2006-06-30": "250.56800", "2006-03-31": "259.41800", "2005-12-31": "283.63200", "2005-09-30": "354.63300", "2005-06-30": "519.20100", "2005-03-31": "578.58900"}, "Total Liabilities And Share Holders Equity": {"2020-12-31": "2839.92000", "2020-09-30": "2679.28600", "2020-06-30": "2648.30200", "2020-03-31": "2666.51800", "2019-12-31": "2557.05500", "2019-09-30": "2561.26500", "2019-06-30": "2822.92200", "2019-03-31": "3249.72800", "2018-12-31": "3727.42600", "2018-09-30": "4043.05800", "2018-06-30": "4157.74400", "2018-03-31": "4489.45700", "2017-12-31": "5324.35400", "2017-09-30": "5162.98500", "2017-06-30": "4996.74500", "2017-03-31": "4810.70300", "2016-12-31": "4662.05900", "2016-09-30": "4576.78200", "2016-06-30": "4448.07300", "2016-03-31": "4368.39500", "2015-12-31": "4268.67700", "2015-09-30": "4121.24400", "2015-06-30": "4028.84400", "2015-03-31": "3872.72600", "2014-12-31": "3874.69000", "2014-09-30": "3751.67600", "2014-06-30": "3727.53000", "2014-03-31": "3649.73500", "2013-12-31": "3582.62900", "2013-09-30": "3425.31900", "2013-06-30": "3285.52900", "2013-03-31": "3207.31700", "2012-12-31": "3168.15000", "2012-09-30": "2997.14000", "2012-06-30": "2883.55600", "2012-03-31": "2839.41600", "2011-12-31": "2723.23400", "2011-09-30": "2639.61500", "2011-06-30": "2571.85600", "2011-03-31": "2447.16200", "2010-12-31": "2327.67000", "2010-09-30": "2205.64600", "2010-06-30": "2036.39900", "2010-03-31": "1981.24200", "2009-12-31": "1907.93100", "2009-09-30": "1885.56100", "2009-06-30": "1802.61700", "2009-03-31": "1674.53500", "2008-12-31": "1622.89800", "2008-09-30": "2103.78200", "2008-06-30": "2064.35800", "2008-03-31": "1974.34800", "2007-12-31": "1881.05500", "2007-09-30": "1782.25800", "2007-06-30": "1666.74100", "2007-03-31": "1628.30400", "2006-12-31": "1617.31300", "2006-09-30": "1501.90800", "2006-06-30": "1469.55000", "2006-03-31": "1439.88700", "2005-12-31": "1428.93100", "2005-09-30": "1354.76300", "2005-06-30": "1492.39400", "2005-03-31": "1482.36100"}}, "cash flow statement": {"Net Income/Loss": {"2020-12-31": "521.57100", "2019-12-31": "592.19800", "2018-12-31": "593.79400", "2017-12-31": "20.31100", "2016-12-31": "521.50300", "2015-12-31": "469.05300", "2014-12-31": "431.62000", "2013-12-31": "450.00300", "2012-12-31": "461.44300", "2011-12-31": "432.96800", "2010-12-31": "381.76300", "2009-12-31": "323.31300", "2008-12-31": "322.47900", "2007-12-31": "268.07200", "2006-12-31": "222.20000", "2005-12-31": "201.97500"}, "Total Depreciation And Amortization - Cash Flow": {"2020-12-31": "135.35100", "2019-12-31": "105.29600", "2018-12-31": "108.40800", "2017-12-31": "106.00200", "2016-12-31": "96.44900", "2015-12-31": "89.98700", "2014-12-31": "94.23100", "2013-12-31": "79.69500", "2012-12-31": "68.83100", "2011-12-31": "66.38700", "2010-12-31": "62.55800", "2009-12-31": "57.27200", "2008-12-31": "65.27100", "2007-12-31": "53.31700", "2006-12-31": "46.15900", "2005-12-31": "43.68500"}, "Other Non-Cash Items": {"2020-12-31": "36.86500", "2019-12-31": "48.19700", "2018-12-31": "39.94600", "2017-12-31": "89.94600", "2016-12-31": "54.54600", "2015-12-31": "56.16500", "2014-12-31": "57.81700", "2013-12-31": "35.53300", "2012-12-31": "-20.78000", "2011-12-31": "25.02000", "2010-12-31": "23.63800", "2009-12-31": "77.60700", "2008-12-31": "25.71200", "2007-12-31": "42.20700", "2006-12-31": "42.73000", "2005-12-31": "28.27200"}, "Total Non-Cash Items": {"2020-12-31": "172.21600", "2019-12-31": "153.49300", "2018-12-31": "148.35400", "2017-12-31": "195.94800", "2016-12-31": "150.99500", "2015-12-31": "146.15200", "2014-12-31": "152.04800", "2013-12-31": "115.22800", "2012-12-31": "48.05100", "2011-12-31": "91.40700", "2010-12-31": "86.19600", "2009-12-31": "134.87900", "2008-12-31": "90.98300", "2007-12-31": "95.52400", "2006-12-31": "88.88900", "2005-12-31": "71.95700"}, "Change In Accounts Receivable": {"2020-12-31": "", "2019-12-31": "-22.19500", "2018-12-31": "-47.92100", "2017-12-31": "-24.01300", "2016-12-31": "-31.72100", "2015-12-31": "-49.88800", "2014-12-31": "-29.43500", "2013-12-31": "-35.23300", "2012-12-31": "-39.83600", "2011-12-31": "-12.52800", "2010-12-31": "-43.28600", "2009-12-31": "-16.90500", "2008-12-31": "21.73900", "2007-12-31": "-26.26600", "2006-12-31": "-7.21000", "2005-12-31": "-4.04100"}, "Change In Inventories": {"2020-12-31": "", "2019-12-31": "-31.85400", "2018-12-31": "-25.39600", "2017-12-31": "0.73100", "2016-12-31": "-20.14700", "2015-12-31": "-19.96700", "2014-12-31": "-15.98400", "2013-12-31": "-11.38900", "2012-12-31": "-10.93000", "2011-12-31": "-8.70700", "2010-12-31": "-37.03600", "2009-12-31": "-6.82300", "2008-12-31": "-20.61800", "2007-12-31": "-6.36800", "2006-12-31": "-29.85300", "2005-12-31": "-6.97300"}, "Change In Accounts Payable": {"2020-12-31": "", "2019-12-31": "9.78400", "2018-12-31": "-81.66300", "2017-12-31": "3.17500", "2016-12-31": "6.84200", "2015-12-31": "27.45100", "2014-12-31": "-13.68700", "2013-12-31": "-28.12700", "2012-12-31": "0.56300", "2011-12-31": "-11.84500", "2010-12-31": "52.01700", "2009-12-31": "-10.83000", "2008-12-31": "-19.97000", "2007-12-31": "32.30900", "2006-12-31": "1.67000", "2005-12-31": "26.80200"}, "Change In Assets/Liabilities": {"2020-12-31": "96.72000", "2019-12-31": "-58.33900", "2018-12-31": "17.27800", "2017-12-31": "501.48800", "2016-12-31": "15.44800", "2015-12-31": "0.44700", "2014-12-31": "-12.91400", "2013-12-31": "-5.60600", "2012-12-31": "-10.01100", "2011-12-31": "6.07900", "2010-12-31": "18.20200", "2009-12-31": "-5.37100", "2008-12-31": "23.63500", "2007-12-31": "7.23600", "2006-12-31": "-12.10200", "2005-12-31": "7.58200"}, "Total Change In Assets/Liabilities": {"2020-12-31": "96.72000", "2019-12-31": "-102.60400", "2018-12-31": "-137.70200", "2017-12-31": "481.38100", "2016-12-31": "-29.57800", "2015-12-31": "-41.95700", "2014-12-31": "-72.02000", "2013-12-31": "-80.35500", "2012-12-31": "-60.21400", "2011-12-31": "-27.00100", "2010-12-31": "-10.10300", "2009-12-31": "-39.92900", "2008-12-31": "4.78600", "2007-12-31": "6.91100", "2006-12-31": "-47.49500", "2005-12-31": "23.37000"}, "Cash Flow From Operating Activities": {"2020-12-31": "790.50700", "2019-12-31": "643.08700", "2018-12-31": "604.44600", "2017-12-31": "697.64000", "2016-12-31": "642.92000", "2015-12-31": "573.24800", "2014-12-31": "511.64800", "2013-12-31": "484.87600", "2012-12-31": "449.28000", "2011-12-31": "497.37400", "2010-12-31": "457.85600", "2009-12-31": "418.26300", "2008-12-31": "418.24800", "2007-12-31": "370.50700", "2006-12-31": "263.59400", "2005-12-31": "298.06700"}, "Net Change In Property, Plant, And Equipment": {"2020-12-31": "-172.38400", "2019-12-31": "-163.82300", "2018-12-31": "-127.56500", "2017-12-31": "-85.47300", "2016-12-31": "-90.96700", "2015-12-31": "-94.85800", "2014-12-31": "-89.55900", "2013-12-31": "-118.45000", "2012-12-31": "-104.74900", "2011-12-31": "-85.43600", "2010-12-31": "-62.74000", "2009-12-31": "-93.79600", "2008-12-31": "-69.06500", "2007-12-31": "-60.34200", "2006-12-31": "-51.42100", "2005-12-31": "-51.04500"}, "Net Change In Intangible Assets": {"2020-12-31": "", "2019-12-31": "", "2018-12-31": "", "2017-12-31": "-5.00000", "2016-12-31": "0.00000", "2015-12-31": "-3.00000", "2014-12-31": "-15.12600", "2013-12-31": "0.00000", "2012-12-31": "0.00000", "2011-12-31": "", "2010-12-31": "", "2009-12-31": "", "2008-12-31": "", "2007-12-31": "", "2006-12-31": "", "2005-12-31": ""}, "Net Acquisitions/Divestitures": {"2020-12-31": "-80.54500", "2019-12-31": "", "2018-12-31": "", "2017-12-31": "", "2016-12-31": "-5.60900", "2015-12-31": "-23.49400", "2014-12-31": "-27.00800", "2013-12-31": "-41.39500", "2012-12-31": "-31.01600", "2011-12-31": "-11.10000", "2010-12-31": "", "2009-12-31": "-36.08600", "2008-12-31": "-7.80500", "2007-12-31": "-8.35200", "2006-12-31": "-78.95300", "2005-12-31": ""}, "Net Change In Short-term Investments": {"2020-12-31": "-5.02200", "2019-12-31": "941.46800", "2018-12-31": "1818.48200", "2017-12-31": "-438.27890", "2016-12-31": "-391.34200", "2015-12-31": "-278.38710", "2014-12-31": "-270.33710", "2013-12-31": "-304.88400", "2012-12-31": "-160.62900", "2011-12-31": "-259.44000", "2010-12-31": "-348.77500", "2009-12-31": "-289.14600", "2008-12-31": "95.68100", "2007-12-31": "-95.68100", "2006-12-31": "", "2005-12-31": ""}, "Net Change In Long-Term Investments": {"2020-12-31": "-6.14300", "2019-12-31": "-8.84300", "2018-12-31": "-7.61500", "2017-12-31": "-7.00000", "2016-12-31": "", "2015-12-31": "", "2014-12-31": "", "2013-12-31": "", "2012-12-31": "", "2011-12-31": "", "2010-12-31": "", "2009-12-31": "", "2008-12-31": "", "2007-12-31": "-3.53200", "2006-12-31": "", "2005-12-31": ""}, "Net Change In Investments - Total": {"2020-12-31": "-11.16500", "2019-12-31": "932.62500", "2018-12-31": "1810.86700", "2017-12-31": "-445.27890", "2016-12-31": "-391.34200", "2015-12-31": "-278.38710", "2014-12-31": "-270.33710", "2013-12-31": "-304.88400", "2012-12-31": "-160.62900", "2011-12-31": "-259.44000", "2010-12-31": "-348.77500", "2009-12-31": "-289.14600", "2008-12-31": "95.68100", "2007-12-31": "-99.21300", "2006-12-31": "", "2005-12-31": ""}, "Investing Activities - Other": {"2020-12-31": "", "2019-12-31": "", "2018-12-31": "", "2017-12-31": "", "2016-12-31": "", "2015-12-31": "", "2014-12-31": "", "2013-12-31": "", "2012-12-31": "", "2011-12-31": "", "2010-12-31": "", "2009-12-31": "", "2008-12-31": "", "2007-12-31": "", "2006-12-31": "", "2005-12-31": ""}, "Cash Flow From Investing Activities": {"2020-12-31": "-264.09400", "2019-12-31": "768.80200", "2018-12-31": "1683.30200", "2017-12-31": "-535.75200", "2016-12-31": "-487.91800", "2015-12-31": "-399.73900", "2014-12-31": "-402.03000", "2013-12-31": "-464.72900", "2012-12-31": "-296.39400", "2011-12-31": "-355.97600", "2010-12-31": "-411.51500", "2009-12-31": "-419.02800", "2008-12-31": "18.81100", "2007-12-31": "-167.90700", "2006-12-31": "-130.37400", "2005-12-31": "-51.04500"}, "Net Long-Term Debt": {"2020-12-31": "-325.36600", "2019-12-31": "535.18800", "2018-12-31": "-850.16100", "2017-12-31": "169.97600", "2016-12-31": "159.97500", "2015-12-31": "205.07900", "2014-12-31": "141.89700", "2013-12-31": "145.56500", "2012-12-31": "186.21700", "2011-12-31": "224.77700", "2010-12-31": "134.28300", "2009-12-31": "91.75300", "2008-12-31": "-348.05600", "2007-12-31": "-19.28500", "2006-12-31": "72.21500", "2005-12-31": "369.62300"}, "Net Current Debt": {"2020-12-31": "", "2019-12-31": "", "2018-12-31": "", "2017-12-31": "", "2016-12-31": "", "2015-12-31": "", "2014-12-31": "", "2013-12-31": "", "2012-12-31": "", "2011-12-31": "", "2010-12-31": "", "2009-12-31": "", "2008-12-31": "", "2007-12-31": "", "2006-12-31": "", "2005-12-31": ""}, "Debt Issuance/Retirement Net - Total": {"2020-12-31": "-325.36600", "2019-12-31": "535.18800", "2018-12-31": "-850.16100", "2017-12-31": "169.97600", "2016-12-31": "159.97500", "2015-12-31": "205.07900", "2014-12-31": "141.89700", "2013-12-31": "145.56500", "2012-12-31": "186.21700", "2011-12-31": "224.77700", "2010-12-31": "134.28300", "2009-12-31": "91.75300", "2008-12-31": "-348.05600", "2007-12-31": "-19.28500", "2006-12-31": "72.21500", "2005-12-31": "369.62300"}, "Net Common Equity Issued/Repurchased": {"2020-12-31": "-130.37600", "2019-12-31": "-2415.54300", "2018-12-31": "-1262.67700", "2017-12-31": "-234.75500", "2016-12-31": "-263.57000", "2015-12-31": "-282.64500", "2014-12-31": "-263.59500", "2013-12-31": "-232.62200", "2012-12-31": "-267.00900", "2011-12-31": "-310.68200", "2010-12-31": "-195.70800", "2009-12-31": "-192.27800", "2008-12-31": "-208.85400", "2007-12-31": "-109.22100", "2006-12-31": "-209.29000", "2005-12-31": "-642.48390"}, "Net Total Equity Issued/Repurchased": {"2020-12-31": "-130.37600", "2019-12-31": "-2415.54300", "2018-12-31": "-1262.67700", "2017-12-31": "-234.75500", "2016-12-31": "-263.57000", "2015-12-31": "-282.64500", "2014-12-31": "-263.59500", "2013-12-31": "-232.62200", "2012-12-31": "-267.00900", "2011-12-31": "-310.68200", "2010-12-31": "-195.70800", "2009-12-31": "-192.27800", "2008-12-31": "-208.85400", "2007-12-31": "-109.22100", "2006-12-31": "-209.29000", "2005-12-31": "-642.48390"}, "Total Common And Preferred Stock Dividends Paid": {"2020-12-31": "", "2019-12-31": "", "2018-12-31": "", "2017-12-31": "", "2016-12-31": "", "2015-12-31": "", "2014-12-31": "", "2013-12-31": "", "2012-12-31": "", "2011-12-31": "", "2010-12-31": "", "2009-12-31": "", "2008-12-31": "", "2007-12-31": "", "2006-12-31": "", "2005-12-31": ""}, "Financial Activities - Other": {"2020-12-31": "15.24000", "2019-12-31": "7.67700", "2018-12-31": "-6.68400", "2017-12-31": "0.91000", "2016-12-31": "-12.10600", "2015-12-31": "-4.98300", "2014-12-31": "14.47700", "2013-12-31": "22.46900", "2012-12-31": "14.25700", "2011-12-31": "25.48300", "2010-12-31": "1.17300", "2009-12-31": "10.24500", "2008-12-31": "-16.02800", "2007-12-31": "8.82000", "2006-12-31": "11.16900", "2005-12-31": "0.84600"}, "Cash Flow From Financial Activities": {"2020-12-31": "-440.50200", "2019-12-31": "-1872.67800", "2018-12-31": "-2119.52200", "2017-12-31": "-63.86900", "2016-12-31": "-115.70100", "2015-12-31": "-82.54900", "2014-12-31": "-107.22100", "2013-12-31": "-64.58800", "2012-12-31": "-66.53500", "2011-12-31": "-60.42200", "2010-12-31": "-60.25200", "2009-12-31": "-90.28000", "2008-12-31": "-572.93800", "2007-12-31": "-119.68600", "2006-12-31": "-125.90600", "2005-12-31": "-272.01500"}, "Net Cash Flow": {"2020-12-31": "100.98000", "2019-12-31": "-460.56500", "2018-12-31": "153.96100", "2017-12-31": "136.68800", "2016-12-31": "17.96600", "2015-12-31": "65.48800", "2014-12-31": "-18.61900", "2013-12-31": "-40.23900", "2012-12-31": "97.04500", "2011-12-31": "75.49200", "2010-12-31": "-32.61300", "2009-12-31": "-87.41100", "2008-12-31": "-168.81100", "2007-12-31": "83.16700", "2006-12-31": "20.57800", "2005-12-31": "-45.48900"}, "Stock-Based Compensation": {"2020-12-31": "36.86500", "2019-12-31": "38.57700", "2018-12-31": "37.54100", "2017-12-31": "39.43600", "2016-12-31": "40.99800", "2015-12-31": "33.36800", "2014-12-31": "32.99800", "2013-12-31": "31.70800", "2012-12-31": "29.18300", "2011-12-31": "27.57900", "2010-12-31": "24.85200", "2009-12-31": "28.25500", "2008-12-31": "30.78200", "2007-12-31": "28.85500", "2006-12-31": "28.81300", "2005-12-31": "0.76500"}, "Common Stock Dividends Paid": {"2020-12-31": "", "2019-12-31": "", "2018-12-31": "", "2017-12-31": "", "2016-12-31": "", "2015-12-31": "", "2014-12-31": "", "2013-12-31": "", "2012-12-31": "", "2011-12-31": "", "2010-12-31": "", "2009-12-31": "", "2008-12-31": "", "2007-12-31": "", "2006-12-31": "", "2005-12-31": ""}}, "cash flow statement, quarterly": {"Net Income/Loss": {"2020-12-31": 218.311, "2020-09-30": 126.769, "2020-06-30": 122.929, "2020-03-31": "53.56200", "2019-12-31": 200.669, "2019-09-30": 138.133, "2019-06-30": 144.41, "2019-03-31": "108.98600", "2018-12-31": 185.152, "2018-09-30": 141.014, "2018-06-30": 155.677, "2018-03-31": "111.95100", "2017-12-31": -353.172, "2017-09-30": 136.104, "2017-06-30": 131.822, "2017-03-31": "105.55700", "2016-12-31": 174.378, "2016-09-30": 124.856, "2016-06-30": 128.217, "2016-03-31": "94.05200", "2015-12-31": 151.054, "2015-09-30": 116.281, "2015-06-30": 105.657, "2015-03-31": "96.06100", "2014-12-31": 151.292, "2014-09-30": 113.497, "2014-06-30": 96.529, "2014-03-31": "70.30200", "2013-12-31": 141.582, "2013-09-30": 98.048, "2013-06-30": 89.314, "2013-03-31": "121.05900", "2012-12-31": 175.944, "2012-09-30": 99.109, "2012-06-30": 97.724, "2012-03-31": "88.66600", "2011-12-31": 137.147, "2011-09-30": 101.257, "2011-06-30": 100.075, "2011-03-31": "94.48900", "2010-12-31": 126.604, "2010-09-30": 94.719, "2010-06-30": 84.922, "2010-03-31": "75.51800", "2009-12-31": 104.123, "2009-09-30": 75.936, "2009-06-30": 69.907, "2009-03-31": "73.34700", "2008-12-31": 99.353, "2008-09-30": 71.503, "2008-06-30": 83.148, "2008-03-31": "68.47500", "2007-12-31": 98.943, "2007-09-30": 53.283, "2007-06-30": 59.909, "2007-03-31": "55.93700", "2006-12-31": 79.889, "2006-09-30": 50.376, "2006-06-30": 47.78, "2006-03-31": "44.15500", "2005-12-31": 75.598, "2005-09-30": 25.717, "2005-06-30": 54.065, "2005-03-31": "46.59500"}, "Total Depreciation And Amortization - Cash Flow": {"2020-12-31": 44.26, "2020-09-30": 30.888, "2020-06-30": 31.015, "2020-03-31": "29.18800", "2019-12-31": 24.977, "2019-09-30": 26.704, "2019-06-30": 28.851, "2019-03-31": "24.76400", "2018-12-31": 25.597, "2018-09-30": 26.975, "2018-06-30": 27.196, "2018-03-31": "28.64000", "2017-12-31": 27.753, "2017-09-30": 25.844, "2017-06-30": 29.455, "2017-03-31": "22.95000", "2016-12-31": 24.085, "2016-09-30": 24.287, "2016-06-30": 24.646, "2016-03-31": "23.43100", "2015-12-31": 23.092, "2015-09-30": 21.757, "2015-06-30": 22.589, "2015-03-31": "22.54900", "2014-12-31": 23.681, "2014-09-30": 29.426, "2014-06-30": 20.782, "2014-03-31": "20.34200", "2013-12-31": 21.44, "2013-09-30": 20.571, "2013-06-30": 19.422, "2013-03-31": "18.26200", "2012-12-31": 17.606, "2012-09-30": 20.622, "2012-06-30": 16.034, "2012-03-31": "14.56900", "2011-12-31": 16.342, "2011-09-30": 16.6, "2011-06-30": 17.285, "2011-03-31": "16.16000", "2010-12-31": 17.04, "2010-09-30": 15.232, "2010-06-30": 15.301, "2010-03-31": "14.98500", "2009-12-31": 14.7, "2009-09-30": 13.665, "2009-06-30": 14.496, "2009-03-31": "14.41100", "2008-12-31": 12.806, "2008-09-30": 13.678, "2008-06-30": 25.04, "2008-03-31": "13.74700", "2007-12-31": 13.632, "2007-09-30": 13.684, "2007-06-30": 13.096, "2007-03-31": "12.90500", "2006-12-31": 10.811, "2006-09-30": 12.776, "2006-06-30": 11.669, "2006-03-31": "10.90300", "2005-12-31": 10.557, "2005-09-30": 10.958, "2005-06-30": 11.103, "2005-03-31": "11.06700"}, "Other Non-Cash Items": {"2020-12-31": 8.061, "2020-09-30": 11.459, "2020-06-30": 10.674, "2020-03-31": "6.67100", "2019-12-31": 17.463, "2019-09-30": 9.847, "2019-06-30": 9.504, "2019-03-31": "11.38300", "2018-12-31": 11.484, "2018-09-30": 12.483, "2018-06-30": 5.016, "2018-03-31": "10.96300", "2017-12-31": 51.832, "2017-09-30": 10.112, "2017-06-30": 8.179, "2017-03-31": "19.82300", "2016-12-31": 5.604, "2016-09-30": 20.551, "2016-06-30": 7.191, "2016-03-31": "21.20000", "2015-12-31": 30.764, "2015-09-30": 8.249, "2015-06-30": 5.869, "2015-03-31": "11.28300", "2014-12-31": 32.761, "2014-09-30": 8.211, "2014-06-30": 8.736, "2014-03-31": "8.10900", "2013-12-31": 17.737, "2013-09-30": 3.274, "2013-06-30": 6.279, "2013-03-31": "8.24300", "2012-12-31": -43.257, "2012-09-30": 8.381, "2012-06-30": 7.674, "2012-03-31": "6.42200", "2011-12-31": 1.703, "2011-09-30": 6.678, "2011-06-30": 6.857, "2011-03-31": "9.78200", "2010-12-31": 1.026, "2010-09-30": 8.085, "2010-06-30": 6.894, "2010-03-31": "7.63300", "2009-12-31": 47.733, "2009-09-30": 6.014, "2009-06-30": 16.337, "2009-03-31": "7.52300", "2008-12-31": 6.416, "2008-09-30": 10.804, "2008-06-30": -18.139, "2008-03-31": "26.63100", "2007-12-31": 17.396, "2007-09-30": 8.17, "2007-06-30": 6.874, "2007-03-31": "9.76700", "2006-12-31": 43.683, "2006-09-30": -0.98, "2006-06-30": -9.141, "2006-03-31": "9.16800", "2005-12-31": 18.045, "2005-09-30": 3.182, "2005-06-30": 1.814, "2005-03-31": "5.23100"}, "Total Non-Cash Items": {"2020-12-31": 52.321, "2020-09-30": 42.347, "2020-06-30": 41.689, "2020-03-31": "35.85900", "2019-12-31": 42.44, "2019-09-30": 36.551, "2019-06-30": 38.355, "2019-03-31": "36.14700", "2018-12-31": 37.081, "2018-09-30": 39.458, "2018-06-30": 32.212, "2018-03-31": "39.60300", "2017-12-31": 79.585, "2017-09-30": 35.956, "2017-06-30": 37.634, "2017-03-31": "42.77300", "2016-12-31": 29.689, "2016-09-30": 44.838, "2016-06-30": 31.837, "2016-03-31": "44.63100", "2015-12-31": 53.856, "2015-09-30": 30.006, "2015-06-30": 28.458, "2015-03-31": "33.83200", "2014-12-31": 56.442, "2014-09-30": 37.637, "2014-06-30": 29.518, "2014-03-31": "28.45100", "2013-12-31": 39.177, "2013-09-30": 23.845, "2013-06-30": 25.701, "2013-03-31": "26.50500", "2012-12-31": -25.651, "2012-09-30": 29.003, "2012-06-30": 23.708, "2012-03-31": "20.99100", "2011-12-31": 18.045, "2011-09-30": 23.278, "2011-06-30": 24.142, "2011-03-31": "25.94200", "2010-12-31": 18.066, "2010-09-30": 23.317, "2010-06-30": 22.195, "2010-03-31": "22.61800", "2009-12-31": 62.433, "2009-09-30": 19.679, "2009-06-30": 30.833, "2009-03-31": "21.93400", "2008-12-31": 19.222, "2008-09-30": 24.482, "2008-06-30": 6.901, "2008-03-31": "40.37800", "2007-12-31": 31.028, "2007-09-30": 21.854, "2007-06-30": 19.97, "2007-03-31": "22.67200", "2006-12-31": 54.494, "2006-09-30": 11.796, "2006-06-30": 2.528, "2006-03-31": "20.07100", "2005-12-31": 28.602, "2005-09-30": 14.14, "2005-06-30": 12.917, "2005-03-31": "16.29800"}, "Change In Accounts Receivable": {"2020-12-31": -96.955, "2020-09-30": 9.977, "2020-06-30": 32.952, "2020-03-31": "54.02600", "2019-12-31": -80.092, "2019-09-30": 5.389, "2019-06-30": -6.823, "2019-03-31": "59.33100", "2018-12-31": -84.814, "2018-09-30": 0.302, "2018-06-30": -3.997, "2018-03-31": "40.58800", "2017-12-31": -77.371, "2017-09-30": 11.413, "2017-06-30": 6.835, "2017-03-31": "35.11000", "2016-12-31": -71.192, "2016-09-30": 7.153, "2016-06-30": -5.936, "2016-03-31": "38.25400", "2015-12-31": -56.775, "2015-09-30": -8.955, "2015-06-30": -9.119, "2015-03-31": "24.96100", "2014-12-31": -53.023, "2014-09-30": -5.282, "2014-06-30": -1.277, "2014-03-31": "30.14700", "2013-12-31": -57.818, "2013-09-30": -3.381, "2013-06-30": 9.467, "2013-03-31": "16.49900", "2012-12-31": -45.342, "2012-09-30": -0.423, "2012-06-30": -10.083, "2012-03-31": "16.01200", "2011-12-31": -22.568, "2011-09-30": 2.849, "2011-06-30": -10.539, "2011-03-31": "17.73000", "2010-12-31": -22.573, "2010-09-30": -7.861, "2010-06-30": -6.622, "2010-03-31": "-6.23000", "2009-12-31": -28.975, "2009-09-30": 13.915, "2009-06-30": -7.387, "2009-03-31": "5.54200", "2008-12-31": -6.516, "2008-09-30": 6.091, "2008-06-30": 22.164, "2008-03-31": "", "2007-12-31": -41.129, "2007-09-30": 9.727, "2007-06-30": 8.351, "2007-03-31": "-3.21500", "2006-12-31": -41.976, "2006-09-30": 13.31, "2006-06-30": 9.657, "2006-03-31": "11.79900", "2005-12-31": -35.589, "2005-09-30": 6.418, "2005-06-30": 1.551, "2005-03-31": "23.57900"}, "Change In Inventories": {"2020-12-31": 8.139, "2020-09-30": 18.95, "2020-06-30": 2.31, "2020-03-31": "-29.39900", "2019-12-31": 52.119, "2019-09-30": -21.773, "2019-06-30": -17.762, "2019-03-31": "-44.43800", "2018-12-31": 22.43, "2018-09-30": -13.949, "2018-06-30": -5.776, "2018-03-31": "-28.10100", "2017-12-31": 26.948, "2017-09-30": -7.048, "2017-06-30": -8.696, "2017-03-31": "-10.47300", "2016-12-31": 19.841, "2016-09-30": -14.985, "2016-06-30": -4.515, "2016-03-31": "-20.48800", "2015-12-31": 15.521, "2015-09-30": -7.81, "2015-06-30": -7.677, "2015-03-31": "-20.00100", "2014-12-31": 20.828, "2014-09-30": -5.254, "2014-06-30": -7.395, "2014-03-31": "-24.16300", "2013-12-31": 19.393, "2013-09-30": -9.96, "2013-06-30": -7.982, "2013-03-31": "-12.84000", "2012-12-31": 25.628, "2012-09-30": -7.231, "2012-06-30": -11.27, "2012-03-31": "-18.05700", "2011-12-31": 37.528, "2011-09-30": -10.184, "2011-06-30": -18.698, "2011-03-31": "-17.35300", "2010-12-31": -1.265, "2010-09-30": -10.602, "2010-06-30": -9.035, "2010-03-31": "-16.13400", "2009-12-31": 11.796, "2009-09-30": -0.035, "2009-06-30": -0.792, "2009-03-31": "-17.79200", "2008-12-31": 21.888, "2008-09-30": -8.822, "2008-06-30": -15.099, "2008-03-31": "-18.58500", "2007-12-31": 16.105, "2007-09-30": -11.216, "2007-06-30": -0.713, "2007-03-31": "-10.54400", "2006-12-31": 13.907, "2006-09-30": -14.624, "2006-06-30": -15.334, "2006-03-31": "-13.80200", "2005-12-31": 5.283, "2005-09-30": -3.126, "2005-06-30": 2.958, "2005-03-31": "-12.08800"}, "Change In Accounts Payable": {"2020-12-31": -46.721, "2020-09-30": 12.007, "2020-06-30": 50.539, "2020-03-31": "-15.82500", "2019-12-31": 10.277, "2019-09-30": 9.946, "2019-06-30": 23.046, "2019-03-31": "-33.48500", "2018-12-31": 11.974, "2018-09-30": -15.789, "2018-06-30": -43.59, "2018-03-31": "-34.25800", "2017-12-31": 26.241, "2017-09-30": 11.736, "2017-06-30": 15.27, "2017-03-31": "-50.07200", "2016-12-31": 36.021, "2016-09-30": 11.921, "2016-06-30": 2.532, "2016-03-31": "-43.63200", "2015-12-31": 23.217, "2015-09-30": 26.521, "2015-06-30": 3.231, "2015-03-31": "-25.51800", "2014-12-31": -17.574, "2014-09-30": 9.614, "2014-06-30": 5.764, "2014-03-31": "-11.49100", "2013-12-31": -3.441, "2013-09-30": 19.421, "2013-06-30": 1.233, "2013-03-31": "-45.34000", "2012-12-31": 19.534, "2012-09-30": -0.235, "2012-06-30": 2.57, "2012-03-31": "-21.30600", "2011-12-31": 0.092, "2011-09-30": 20.715, "2011-06-30": -5.816, "2011-03-31": "-26.83600", "2010-12-31": 15.706, "2010-09-30": 3.954, "2010-06-30": 18.637, "2010-03-31": "13.72000", "2009-12-31": -11.736, "2009-09-30": 25.735, "2009-06-30": -0.451, "2009-03-31": "-24.37800", "2008-12-31": -20.429, "2008-09-30": 10.734, "2008-06-30": 6.785, "2008-03-31": "-17.06000", "2007-12-31": -5.05, "2007-09-30": 28.534, "2007-06-30": 11.397, "2007-03-31": "-2.57200", "2006-12-31": -16.047, "2006-09-30": 6.16, "2006-06-30": 13.408, "2006-03-31": "-1.85100", "2005-12-31": -11.795, "2005-09-30": 45.786, "2005-06-30": 6.243, "2005-03-31": "-13.43200"}, "Change In Assets/Liabilities": {"2020-12-31": 132.387, "2020-09-30": -37.471, "2020-06-30": -51.608, "2020-03-31": "53.41200", "2019-12-31": -33.518, "2019-09-30": -19.857, "2019-06-30": -54.202, "2019-03-31": "49.23800", "2018-12-31": 9.726, "2018-09-30": -4.696, "2018-06-30": -33.81, "2018-03-31": "46.05800", "2017-12-31": 489.953, "2017-09-30": -33.965, "2017-06-30": -5.814, "2017-03-31": "51.31400", "2016-12-31": -14.834, "2016-09-30": -25.188, "2016-06-30": 6.782, "2016-03-31": "48.68800", "2015-12-31": -20.267, "2015-09-30": -16.95, "2015-06-30": -7.591, "2015-03-31": "45.25500", "2014-12-31": 3.757, "2014-09-30": -22.373, "2014-06-30": -16.807, "2014-03-31": "22.50900", "2013-12-31": 4.398, "2013-09-30": -23.208, "2013-06-30": -8.711, "2013-03-31": "21.91500", "2012-12-31": -18.46, "2012-09-30": -18.87, "2012-06-30": 2.427, "2012-03-31": "24.89200", "2011-12-31": -20.182, "2011-09-30": -10.582, "2011-06-30": 8.054, "2011-03-31": "28.78900", "2010-12-31": -2.451, "2010-09-30": 5.415, "2010-06-30": 1.575, "2010-03-31": "13.66300", "2009-12-31": -17.782, "2009-09-30": -10.66, "2009-06-30": 1.036, "2009-03-31": "22.03500", "2008-12-31": -1.3, "2008-09-30": -1.246, "2008-06-30": 3.461, "2008-03-31": "22.72000", "2007-12-31": 3.717, "2007-09-30": -21.998, "2007-06-30": 5.108, "2007-03-31": "20.40900", "2006-12-31": -11.325, "2006-09-30": -11.848, "2006-06-30": -6.988, "2006-03-31": "18.05900", "2005-12-31": -7.719, "2005-09-30": -10.015, "2005-06-30": 5.362, "2005-03-31": "19.95400"}, "Total Change In Assets/Liabilities": {"2020-12-31": -3.15, "2020-09-30": 3.463, "2020-06-30": 34.193, "2020-03-31": "62.21400", "2019-12-31": -51.214, "2019-09-30": -26.295, "2019-06-30": -55.741, "2019-03-31": "30.64600", "2018-12-31": -40.684, "2018-09-30": -34.132, "2018-06-30": -87.173, "2018-03-31": "24.28700", "2017-12-31": 465.771, "2017-09-30": -17.864, "2017-06-30": 7.595, "2017-03-31": "25.87900", "2016-12-31": -30.164, "2016-09-30": -21.099, "2016-06-30": -1.137, "2016-03-31": "22.82200", "2015-12-31": -38.304, "2015-09-30": -7.194, "2015-06-30": -21.156, "2015-03-31": "24.69700", "2014-12-31": -46.012, "2014-09-30": -23.295, "2014-06-30": -19.715, "2014-03-31": "17.00200", "2013-12-31": -37.468, "2013-09-30": -17.128, "2013-06-30": -5.993, "2013-03-31": "-19.76600", "2012-12-31": -18.64, "2012-09-30": -26.759, "2012-06-30": -16.356, "2012-03-31": "1.54100", "2011-12-31": -5.13, "2011-09-30": 2.798, "2011-06-30": -26.999, "2011-03-31": "2.33000", "2010-12-31": -10.583, "2010-09-30": -9.094, "2010-06-30": 4.555, "2010-03-31": "5.01900", "2009-12-31": -46.697, "2009-09-30": 28.955, "2009-06-30": -7.594, "2009-03-31": "-14.59300", "2008-12-31": -6.357, "2008-09-30": 6.757, "2008-06-30": 17.311, "2008-03-31": "-12.92500", "2007-12-31": -26.357, "2007-09-30": 5.047, "2007-06-30": 24.143, "2007-03-31": "4.07800", "2006-12-31": -55.441, "2006-09-30": -7.002, "2006-06-30": 0.743, "2006-03-31": "14.20500", "2005-12-31": -45.168, "2005-09-30": 36.027, "2005-06-30": 14.989, "2005-03-31": "17.52200"}, "Cash Flow From Operating Activities": {"2020-12-31": 267.482, "2020-09-30": 172.579, "2020-06-30": 198.811, "2020-03-31": "151.63500", "2019-12-31": 191.895, "2019-09-30": 148.389, "2019-06-30": 127.024, "2019-03-31": "175.77900", "2018-12-31": 181.549, "2018-09-30": 146.34, "2018-06-30": 100.716, "2018-03-31": "175.84100", "2017-12-31": 192.184, "2017-09-30": 154.196, "2017-06-30": 177.051, "2017-03-31": "174.20900", "2016-12-31": 173.903, "2016-09-30": 148.595, "2016-06-30": 158.917, "2016-03-31": "161.50500", "2015-12-31": 166.606, "2015-09-30": 139.093, "2015-06-30": 112.959, "2015-03-31": "154.59000", "2014-12-31": 161.722, "2014-09-30": 127.839, "2014-06-30": 106.332, "2014-03-31": "115.75500", "2013-12-31": 143.291, "2013-09-30": 104.765, "2013-06-30": 109.022, "2013-03-31": "127.79800", "2012-12-31": 131.653, "2012-09-30": 101.353, "2012-06-30": 105.076, "2012-03-31": "111.19800", "2011-12-31": 150.062, "2011-09-30": 127.333, "2011-06-30": 97.218, "2011-03-31": "122.76100", "2010-12-31": 134.087, "2010-09-30": 108.942, "2010-06-30": 111.672, "2010-03-31": "103.15500", "2009-12-31": 119.859, "2009-09-30": 124.57, "2009-06-30": 93.146, "2009-03-31": "80.68800", "2008-12-31": 112.218, "2008-09-30": 102.742, "2008-06-30": 107.36, "2008-03-31": "95.92800", "2007-12-31": 103.614, "2007-09-30": 80.184, "2007-06-30": 104.022, "2007-03-31": "82.68700", "2006-12-31": 57.201, "2006-09-30": 62.295, "2006-06-30": 65.667, "2006-03-31": "78.43100", "2005-12-31": 59.071, "2005-09-30": 75.942, "2005-06-30": 82.55, "2005-03-31": "80.50400"}, "Net Change In Property, Plant, And Equipment": {"2020-12-31": -47.044, "2020-09-30": -28.311, "2020-06-30": -45.899, "2020-03-31": "-51.13000", "2019-12-31": -53.618, "2019-09-30": -45.017, "2019-06-30": -39.522, "2019-03-31": "-25.66600", "2018-12-31": -31.864, "2018-09-30": -58.87, "2018-06-30": -20.839, "2018-03-31": "-15.99200", "2017-12-31": -30.216, "2017-09-30": -19.899, "2017-06-30": -17.647, "2017-03-31": "-17.71100", "2016-12-31": -22.671, "2016-09-30": -18.6, "2016-06-30": -25.044, "2016-03-31": "-24.65200", "2015-12-31": -27.762, "2015-09-30": -21.803, "2015-06-30": -23.883, "2015-03-31": "-21.41000", "2014-12-31": -19.122, "2014-09-30": -26.286, "2014-06-30": -22.756, "2014-03-31": "-21.39500", "2013-12-31": -25.634, "2013-09-30": -31.54, "2013-06-30": -30.639, "2013-03-31": "-30.63700", "2012-12-31": -31.701, "2012-09-30": -26.128, "2012-06-30": -31.386, "2012-03-31": "-15.53400", "2011-12-31": -34.092, "2011-09-30": -16.072, "2011-06-30": -18.433, "2011-03-31": "-16.83900", "2010-12-31": -15.463, "2010-09-30": -26.048, "2010-06-30": -11.064, "2010-03-31": "-10.16500", "2009-12-31": -13.397, "2009-09-30": -22.645, "2009-06-30": -35.598, "2009-03-31": "-22.15600", "2008-12-31": -19.987, "2008-09-30": -16.504, "2008-06-30": -18.272, "2008-03-31": "-14.30200", "2007-12-31": -15.319, "2007-09-30": -17.716, "2007-06-30": -14.491, "2007-03-31": "-12.81600", "2006-12-31": -12.854, "2006-09-30": -13.889, "2006-06-30": -14.699, "2006-03-31": "-9.97900", "2005-12-31": -12.482, "2005-09-30": -11.912, "2005-06-30": -13.953, "2005-03-31": "-12.69800"}, "Net Change In Intangible Assets": {"2020-12-31": 0, "2020-09-30": 0, "2020-06-30": 0, "2020-03-31": "", "2019-12-31": 0, "2019-09-30": 0, "2019-06-30": 0, "2019-03-31": "", "2018-12-31": 0, "2018-09-30": 0, "2018-06-30": 0, "2018-03-31": "", "2017-12-31": 0, "2017-09-30": 0, "2017-06-30": -5, "2017-03-31": "", "2016-12-31": 0, "2016-09-30": 0, "2016-06-30": 0, "2016-03-31": "", "2015-12-31": -3, "2015-09-30": 0, "2015-06-30": 0, "2015-03-31": "", "2014-12-31": -13.326, "2014-09-30": -1.8, "2014-06-30": 0, "2014-03-31": "", "2013-12-31": 0, "2013-09-30": 0, "2013-06-30": 0, "2013-03-31": "", "2012-12-31": 0, "2012-09-30": 0, "2012-06-30": 0, "2012-03-31": "", "2011-12-31": 0, "2011-09-30": 0, "2011-06-30": 0, "2011-03-31": "", "2010-12-31": 0, "2010-09-30": 0, "2010-06-30": 0, "2010-03-31": "", "2009-12-31": 0, "2009-09-30": 0, "2009-06-30": 0, "2009-03-31": "", "2008-12-31": 0, "2008-09-30": 0, "2008-06-30": 0, "2008-03-31": "", "2007-12-31": 0, "2007-09-30": 0, "2007-06-30": 0, "2007-03-31": "", "2006-12-31": 0, "2006-09-30": 0, "2006-06-30": 0, "2006-03-31": "", "2005-12-31": 0, "2005-09-30": 0, "2005-06-30": 0, "2005-03-31": ""}, "Net Acquisitions/Divestitures": {"2020-12-31": -3.881, "2020-09-30": 0, "2020-06-30": 0, "2020-03-31": "-76.66400", "2019-12-31": 0, "2019-09-30": 0, "2019-06-30": 0, "2019-03-31": "", "2018-12-31": 0, "2018-09-30": 0, "2018-06-30": 0, "2018-03-31": "", "2017-12-31": 0, "2017-09-30": 0, "2017-06-30": 0, "2017-03-31": "", "2016-12-31": 0.045, "2016-09-30": -5.654, "2016-06-30": 0, "2016-03-31": "", "2015-12-31": -14.086, "2015-09-30": 0, "2015-06-30": -9.408, "2015-03-31": "", "2014-12-31": -3.336, "2014-09-30": -20.057, "2014-06-30": 0, "2014-03-31": "-3.61500", "2013-12-31": -14.961, "2013-09-30": -26.434, "2013-06-30": 0, "2013-03-31": "", "2012-12-31": 0, "2012-09-30": -12.602, "2012-06-30": 0, "2012-03-31": "-18.41400", "2011-12-31": -0.1, "2011-09-30": -11, "2011-06-30": 0, "2011-03-31": "", "2010-12-31": 0, "2010-09-30": 0, "2010-06-30": 0, "2010-03-31": "", "2009-12-31": 0, "2009-09-30": 0, "2009-06-30": 0, "2009-03-31": "-36.08600", "2008-12-31": -4.823, "2008-09-30": -2.982, "2008-06-30": 0, "2008-03-31": "", "2007-12-31": -1.971, "2007-09-30": -7.105, "2007-06-30": 0, "2007-03-31": "0.72400", "2006-12-31": -62.772, "2006-09-30": -2.356, "2006-06-30": -0.12, "2006-03-31": "-13.70500", "2005-12-31": 0, "2005-09-30": 0, "2005-06-30": 0, "2005-03-31": ""}, "Net Change In Short-term Investments": {"2020-12-31": 15.685, "2020-09-30": -5.415, "2020-06-30": -12.911, "2020-03-31": "-2.38100", "2019-12-31": -1.428, "2019-09-30": 87.895, "2019-06-30": 395.296, "2019-03-31": "459.70500", "2018-12-31": 457.448, "2018-09-30": 114.606, "2018-06-30": 331.382, "2018-03-31": "915.04600", "2017-12-31": -101.5479, "2017-09-30": -90.237, "2017-06-30": -174.156, "2017-03-31": "-72.33800", "2016-12-31": -26.618, "2016-09-30": -146.749, "2016-06-30": -44.804, "2016-03-31": "-173.17100", "2015-12-31": -60.3821, "2015-09-30": -8.198, "2015-06-30": -174.771, "2015-03-31": "-35.03600", "2014-12-31": -43.8221, "2014-09-30": -100.52, "2014-06-30": -31.056, "2014-03-31": "-94.93900", "2013-12-31": -94.7681, "2013-09-30": -73.4289, "2013-06-30": -76.871, "2013-03-31": "-59.81600", "2012-12-31": 34.158, "2012-09-30": -69.44, "2012-06-30": -96.341, "2012-03-31": "-29.00600", "2011-12-31": -127.0701, "2011-09-30": 6.4721, "2011-06-30": -34.574, "2011-03-31": "-104.26800", "2010-12-31": -63.615, "2010-09-30": -130.717, "2010-06-30": -48.421, "2010-03-31": "-106.02200", "2009-12-31": -101.415, "2009-09-30": -40.495, "2009-06-30": -104.117, "2009-03-31": "-43.11900", "2008-12-31": 0, "2008-09-30": 0, "2008-06-30": 57.968, "2008-03-31": "37.71300", "2007-12-31": 11.618, "2007-09-30": 66.91, "2007-06-30": -54.888, "2007-03-31": "-119.32100", "2006-12-31": 0, "2006-09-30": 0, "2006-06-30": 0, "2006-03-31": "", "2005-12-31": 0, "2005-09-30": 0, "2005-06-30": 0, "2005-03-31": ""}, "Net Change In Long-Term Investments": {"2020-12-31": -2.293, "2020-09-30": -0.5, "2020-06-30": -3.35, "2020-03-31": "", "2019-12-31": -1.593, "2019-09-30": -2.5, "2019-06-30": -4.75, "2019-03-31": "", "2018-12-31": 0, "2018-09-30": -4.4, "2018-06-30": 0, "2018-03-31": "-3.21500", "2017-12-31": 0, "2017-09-30": 0, "2017-06-30": 0, "2017-03-31": "-7.00000", "2016-12-31": 0, "2016-09-30": 0, "2016-06-30": 0, "2016-03-31": "", "2015-12-31": 0, "2015-09-30": 0, "2015-06-30": 0, "2015-03-31": "", "2014-12-31": 0, "2014-09-30": 0, "2014-06-30": 0, "2014-03-31": "", "2013-12-31": 0, "2013-09-30": 0, "2013-06-30": 0, "2013-03-31": "", "2012-12-31": 0, "2012-09-30": 0, "2012-06-30": 0, "2012-03-31": "", "2011-12-31": 0, "2011-09-30": 0, "2011-06-30": 0, "2011-03-31": "", "2010-12-31": 0, "2010-09-30": 0, "2010-06-30": 0, "2010-03-31": "", "2009-12-31": 0, "2009-09-30": 0, "2009-06-30": 0, "2009-03-31": "", "2008-12-31": 0, "2008-09-30": 0, "2008-06-30": 0, "2008-03-31": "", "2007-12-31": 0, "2007-09-30": -0.032, "2007-06-30": -3.5, "2007-03-31": "", "2006-12-31": 0, "2006-09-30": 0, "2006-06-30": 0, "2006-03-31": "", "2005-12-31": 0, "2005-09-30": 0, "2005-06-30": 0, "2005-03-31": ""}, "Net Change In Investments - Total": {"2020-12-31": 13.392, "2020-09-30": -5.915, "2020-06-30": -16.261, "2020-03-31": "-2.38100", "2019-12-31": -3.021, "2019-09-30": 85.395, "2019-06-30": 390.546, "2019-03-31": "459.70500", "2018-12-31": 457.448, "2018-09-30": 110.206, "2018-06-30": 331.382, "2018-03-31": "911.83100", "2017-12-31": -101.5479, "2017-09-30": -90.237, "2017-06-30": -174.156, "2017-03-31": "-79.33800", "2016-12-31": -26.618, "2016-09-30": -146.749, "2016-06-30": -44.804, "2016-03-31": "-173.17100", "2015-12-31": -60.3821, "2015-09-30": -8.198, "2015-06-30": -174.771, "2015-03-31": "-35.03600", "2014-12-31": -43.8221, "2014-09-30": -100.52, "2014-06-30": -31.056, "2014-03-31": "-94.93900", "2013-12-31": -94.7681, "2013-09-30": -73.4289, "2013-06-30": -76.871, "2013-03-31": "-59.81600", "2012-12-31": 34.158, "2012-09-30": -69.44, "2012-06-30": -96.341, "2012-03-31": "-29.00600", "2011-12-31": -127.0701, "2011-09-30": 6.4721, "2011-06-30": -34.574, "2011-03-31": "-104.26800", "2010-12-31": -63.615, "2010-09-30": -130.717, "2010-06-30": -48.421, "2010-03-31": "-106.02200", "2009-12-31": -101.415, "2009-09-30": -40.495, "2009-06-30": -104.117, "2009-03-31": "-43.11900", "2008-12-31": 0, "2008-09-30": 0, "2008-06-30": 57.968, "2008-03-31": "37.71300", "2007-12-31": 11.618, "2007-09-30": 66.878, "2007-06-30": -58.388, "2007-03-31": "-119.32100", "2006-12-31": 0, "2006-09-30": 0, "2006-06-30": 0, "2006-03-31": "", "2005-12-31": 0, "2005-09-30": 0, "2005-06-30": 0, "2005-03-31": ""}, "Investing Activities - Other": {"2020-12-31": 0, "2020-09-30": 0, "2020-06-30": 0, "2020-03-31": "", "2019-12-31": 0, "2019-09-30": 0, "2019-06-30": 0, "2019-03-31": "", "2018-12-31": 0, "2018-09-30": 0, "2018-06-30": 0, "2018-03-31": "", "2017-12-31": 0, "2017-09-30": 0, "2017-06-30": 0, "2017-03-31": "", "2016-12-31": 0, "2016-09-30": 0, "2016-06-30": 0, "2016-03-31": "", "2015-12-31": 0, "2015-09-30": 0, "2015-06-30": 0, "2015-03-31": "", "2014-12-31": 0, "2014-09-30": 0, "2014-06-30": 0, "2014-03-31": "", "2013-12-31": 0, "2013-09-30": 0, "2013-06-30": 0, "2013-03-31": "", "2012-12-31": 0, "2012-09-30": 0, "2012-06-30": 0, "2012-03-31": "", "2011-12-31": 0, "2011-09-30": 0, "2011-06-30": 0, "2011-03-31": "", "2010-12-31": 0, "2010-09-30": 0, "2010-06-30": 0, "2010-03-31": "", "2009-12-31": 0, "2009-09-30": 0, "2009-06-30": 0, "2009-03-31": "", "2008-12-31": 0, "2008-09-30": 0, "2008-06-30": 0, "2008-03-31": "", "2007-12-31": 0, "2007-09-30": 0, "2007-06-30": 0, "2007-03-31": "", "2006-12-31": 0, "2006-09-30": 0, "2006-06-30": 0, "2006-03-31": "", "2005-12-31": 0, "2005-09-30": 0, "2005-06-30": 0, "2005-03-31": ""}, "Cash Flow From Investing Activities": {"2020-12-31": -37.533, "2020-09-30": -34.226, "2020-06-30": -62.16, "2020-03-31": "-130.17500", "2019-12-31": -56.639, "2019-09-30": 40.378, "2019-06-30": 351.024, "2019-03-31": "434.03900", "2018-12-31": 425.584, "2018-09-30": 51.336, "2018-06-30": 310.543, "2018-03-31": "895.83900", "2017-12-31": -131.764, "2017-09-30": -110.136, "2017-06-30": -196.803, "2017-03-31": "-97.04900", "2016-12-31": -49.244, "2016-09-30": -171.003, "2016-06-30": -69.848, "2016-03-31": "-197.82300", "2015-12-31": -105.23, "2015-09-30": -30.001, "2015-06-30": -208.062, "2015-03-31": "-56.44600", "2014-12-31": -79.606, "2014-09-30": -148.663, "2014-06-30": -53.812, "2014-03-31": "-119.94900", "2013-12-31": -135.363, "2013-09-30": -131.403, "2013-06-30": -107.51, "2013-03-31": "-90.45300", "2012-12-31": 2.457, "2012-09-30": -108.17, "2012-06-30": -127.727, "2012-03-31": "-62.95400", "2011-12-31": -161.262, "2011-09-30": -20.6, "2011-06-30": -53.007, "2011-03-31": "-121.10700", "2010-12-31": -79.078, "2010-09-30": -156.765, "2010-06-30": -59.485, "2010-03-31": "-116.18700", "2009-12-31": -114.812, "2009-09-30": -63.14, "2009-06-30": -139.715, "2009-03-31": "-101.36100", "2008-12-31": -24.81, "2008-09-30": -19.486, "2008-06-30": 39.696, "2008-03-31": "23.41100", "2007-12-31": -5.672, "2007-09-30": 42.057, "2007-06-30": -72.879, "2007-03-31": "-131.41300", "2006-12-31": -75.626, "2006-09-30": -16.245, "2006-06-30": -14.819, "2006-03-31": "-23.68400", "2005-12-31": -12.482, "2005-09-30": -11.912, "2005-06-30": -13.953, "2005-03-31": "-12.69800"}, "Net Long-Term Debt": {"2020-12-31": -215, "2020-09-30": -125, "2020-06-30": -200, "2020-03-31": "214.63400", "2019-12-31": 325.308, "2019-09-30": 209.762, "2019-06-30": 0.032, "2019-03-31": "0.08600", "2018-12-31": -0.171, "2018-09-30": -0.216, "2018-06-30": -99.855, "2018-03-31": "-749.91900", "2017-12-31": 39.85, "2017-09-30": 45.19, "2017-06-30": 44.948, "2017-03-31": "39.98800", "2016-12-31": 45.121, "2016-09-30": 24.916, "2016-06-30": 39.761, "2016-03-31": "50.17700", "2015-12-31": 40.146, "2015-09-30": 69.879, "2015-06-30": 74.981, "2015-03-31": "20.07300", "2014-12-31": 35.237, "2014-09-30": 36.603, "2014-06-30": 61.299, "2014-03-31": "8.75800", "2013-12-31": 29.585, "2013-09-30": 25.852, "2013-06-30": 34.677, "2013-03-31": "55.45100", "2012-12-31": 30.078, "2012-09-30": 46.349, "2012-06-30": 77.738, "2012-03-31": "32.05200", "2011-12-31": 19.254, "2011-09-30": 135.402, "2011-06-30": 45.83, "2011-03-31": "24.29100", "2010-12-31": -26.188, "2010-09-30": 35.385, "2010-06-30": 44.476, "2010-03-31": "80.61000", "2009-12-31": -12.878, "2009-09-30": 13.894, "2009-06-30": 42.697, "2009-03-31": "48.04000", "2008-12-31": -491.368, "2008-09-30": 43.468, "2008-06-30": 54.719, "2008-03-31": "45.12500", "2007-12-31": -26.339, "2007-09-30": 21.097, "2007-06-30": 17.914, "2007-03-31": "-31.95700", "2006-12-31": 13.794, "2006-09-30": 22.362, "2006-06-30": 24.169, "2006-03-31": "11.89000", "2005-12-31": 172.495, "2005-09-30": -3.648, "2005-06-30": 71.504, "2005-03-31": "129.27200"}, "Net Current Debt": {"2020-12-31": 0, "2020-09-30": 0, "2020-06-30": 0, "2020-03-31": "", "2019-12-31": 0, "2019-09-30": 0, "2019-06-30": 0, "2019-03-31": "", "2018-12-31": 0, "2018-09-30": 0, "2018-06-30": 0, "2018-03-31": "", "2017-12-31": 0, "2017-09-30": 0, "2017-06-30": 0, "2017-03-31": "", "2016-12-31": 0, "2016-09-30": 0, "2016-06-30": 0, "2016-03-31": "", "2015-12-31": 0, "2015-09-30": 0, "2015-06-30": 0, "2015-03-31": "", "2014-12-31": 0, "2014-09-30": 0, "2014-06-30": 0, "2014-03-31": "", "2013-12-31": 0, "2013-09-30": 0, "2013-06-30": 0, "2013-03-31": "", "2012-12-31": 0, "2012-09-30": 0, "2012-06-30": 0, "2012-03-31": "", "2011-12-31": 0, "2011-09-30": 0, "2011-06-30": 0, "2011-03-31": "", "2010-12-31": 0, "2010-09-30": 0, "2010-06-30": 0, "2010-03-31": "", "2009-12-31": 0, "2009-09-30": 0, "2009-06-30": 0, "2009-03-31": "", "2008-12-31": 0, "2008-09-30": 0, "2008-06-30": 0, "2008-03-31": "", "2007-12-31": 0, "2007-09-30": 0, "2007-06-30": 0, "2007-03-31": "", "2006-12-31": 0, "2006-09-30": 0, "2006-06-30": 0, "2006-03-31": "", "2005-12-31": 0, "2005-09-30": 0, "2005-06-30": 0, "2005-03-31": ""}, "Debt Issuance/Retirement Net - Total": {"2020-12-31": -215, "2020-09-30": -125, "2020-06-30": -200, "2020-03-31": "214.63400", "2019-12-31": 325.308, "2019-09-30": 209.762, "2019-06-30": 0.032, "2019-03-31": "0.08600", "2018-12-31": -0.171, "2018-09-30": -0.216, "2018-06-30": -99.855, "2018-03-31": "-749.91900", "2017-12-31": 39.85, "2017-09-30": 45.19, "2017-06-30": 44.948, "2017-03-31": "39.98800", "2016-12-31": 45.121, "2016-09-30": 24.916, "2016-06-30": 39.761, "2016-03-31": "50.17700", "2015-12-31": 40.146, "2015-09-30": 69.879, "2015-06-30": 74.981, "2015-03-31": "20.07300", "2014-12-31": 35.237, "2014-09-30": 36.603, "2014-06-30": 61.299, "2014-03-31": "8.75800", "2013-12-31": 29.585, "2013-09-30": 25.852, "2013-06-30": 34.677, "2013-03-31": "55.45100", "2012-12-31": 30.078, "2012-09-30": 46.349, "2012-06-30": 77.738, "2012-03-31": "32.05200", "2011-12-31": 19.254, "2011-09-30": 135.402, "2011-06-30": 45.83, "2011-03-31": "24.29100", "2010-12-31": -26.188, "2010-09-30": 35.385, "2010-06-30": 44.476, "2010-03-31": "80.61000", "2009-12-31": -12.878, "2009-09-30": 13.894, "2009-06-30": 42.697, "2009-03-31": "48.04000", "2008-12-31": -491.368, "2008-09-30": 43.468, "2008-06-30": 54.719, "2008-03-31": "45.12500", "2007-12-31": -26.339, "2007-09-30": 21.097, "2007-06-30": 17.914, "2007-03-31": "-31.95700", "2006-12-31": 13.794, "2006-09-30": 22.362, "2006-06-30": 24.169, "2006-03-31": "11.89000", "2005-12-31": 172.495, "2005-09-30": -3.648, "2005-06-30": 71.504, "2005-03-31": "129.27200"}, "Net Common Equity Issued/Repurchased": {"2020-12-31": 37.556, "2020-09-30": 13.626, "2020-06-30": 2.925, "2020-03-31": "-184.48300", "2019-12-31": -540.154, "2019-09-30": -575.883, "2019-06-30": -574.032, "2019-03-31": "-725.47400", "2018-12-31": -488.405, "2018-09-30": -255.973, "2018-06-30": -260.216, "2018-03-31": "-258.08300", "2017-12-31": -61.834, "2017-09-30": -65.269, "2017-06-30": -56.738, "2017-03-31": "-50.91400", "2016-12-31": -80.218, "2016-09-30": -34.232, "2016-06-30": -61.822, "2016-03-31": "-87.29800", "2015-12-31": -56.482, "2015-09-30": -79.982, "2015-06-30": -66.425, "2015-03-31": "-79.75600", "2014-12-31": -45.312, "2014-09-30": -73.782, "2014-06-30": -87.251, "2014-03-31": "-57.25000", "2013-12-31": -41.894, "2013-09-30": -38.819, "2013-06-30": -58.02, "2013-03-31": "-93.88900", "2012-12-31": -53.011, "2012-09-30": -61.364, "2012-06-30": -99.109, "2012-03-31": "-53.52500", "2011-12-31": -58.384, "2011-09-30": -141.452, "2011-06-30": -51.75, "2011-03-31": "-59.09600", "2010-12-31": 22.335, "2010-09-30": -57.403, "2010-06-30": -64.473, "2010-03-31": "-96.16700", "2009-12-31": -43.225, "2009-09-30": -44.123, "2009-06-30": -42.028, "2009-03-31": "-62.90200", "2008-12-31": -20.922, "2008-09-30": -49.843, "2008-06-30": -73.876, "2008-03-31": "-64.21300", "2007-12-31": 20.303, "2007-09-30": -5.25, "2007-06-30": -67.837, "2007-03-31": "-56.43700", "2006-12-31": -8.445, "2006-09-30": -51.76, "2006-06-30": -69.663, "2006-03-31": "-79.42200", "2005-12-31": -215.2459, "2005-09-30": -189.803, "2005-06-30": -98.221, "2005-03-31": "-139.21400"}, "Net Total Equity Issued/Repurchased": {"2020-12-31": 37.556, "2020-09-30": 13.626, "2020-06-30": 2.925, "2020-03-31": "-184.48300", "2019-12-31": -540.154, "2019-09-30": -575.883, "2019-06-30": -574.032, "2019-03-31": "-725.47400", "2018-12-31": -488.405, "2018-09-30": -255.973, "2018-06-30": -260.216, "2018-03-31": "-258.08300", "2017-12-31": -61.834, "2017-09-30": -65.269, "2017-06-30": -56.738, "2017-03-31": "-50.91400", "2016-12-31": -80.218, "2016-09-30": -34.232, "2016-06-30": -61.822, "2016-03-31": "-87.29800", "2015-12-31": -56.482, "2015-09-30": -79.982, "2015-06-30": -66.425, "2015-03-31": "-79.75600", "2014-12-31": -45.312, "2014-09-30": -73.782, "2014-06-30": -87.251, "2014-03-31": "-57.25000", "2013-12-31": -41.894, "2013-09-30": -38.819, "2013-06-30": -58.02, "2013-03-31": "-93.88900", "2012-12-31": -53.011, "2012-09-30": -61.364, "2012-06-30": -99.109, "2012-03-31": "-53.52500", "2011-12-31": -58.384, "2011-09-30": -141.452, "2011-06-30": -51.75, "2011-03-31": "-59.09600", "2010-12-31": 22.335, "2010-09-30": -57.403, "2010-06-30": -64.473, "2010-03-31": "-96.16700", "2009-12-31": -43.225, "2009-09-30": -44.123, "2009-06-30": -42.028, "2009-03-31": "-62.90200", "2008-12-31": -20.922, "2008-09-30": -49.843, "2008-06-30": -73.876, "2008-03-31": "-64.21300", "2007-12-31": 20.303, "2007-09-30": -5.25, "2007-06-30": -67.837, "2007-03-31": "-56.43700", "2006-12-31": -8.445, "2006-09-30": -51.76, "2006-06-30": -69.663, "2006-03-31": "-79.42200", "2005-12-31": -215.2459, "2005-09-30": -189.803, "2005-06-30": -98.221, "2005-03-31": "-139.21400"}, "Total Common And Preferred Stock Dividends Paid": {"2020-12-31": 0, "2020-09-30": 0, "2020-06-30": 0, "2020-03-31": "", "2019-12-31": 0, "2019-09-30": 0, "2019-06-30": 0, "2019-03-31": "", "2018-12-31": 0, "2018-09-30": 0, "2018-06-30": 0, "2018-03-31": "", "2017-12-31": 0, "2017-09-30": 0, "2017-06-30": 0, "2017-03-31": "", "2016-12-31": 0, "2016-09-30": 0, "2016-06-30": 0, "2016-03-31": "", "2015-12-31": 0, "2015-09-30": 0, "2015-06-30": 0, "2015-03-31": "", "2014-12-31": 0, "2014-09-30": 0, "2014-06-30": 0, "2014-03-31": "", "2013-12-31": 0, "2013-09-30": 0, "2013-06-30": 0, "2013-03-31": "", "2012-12-31": 0, "2012-09-30": 0, "2012-06-30": 0, "2012-03-31": "", "2011-12-31": 0, "2011-09-30": 0, "2011-06-30": 0, "2011-03-31": "", "2010-12-31": 0, "2010-09-30": 0, "2010-06-30": 0, "2010-03-31": "", "2009-12-31": 0, "2009-09-30": 0, "2009-06-30": 0, "2009-03-31": "", "2008-12-31": 0, "2008-09-30": 0, "2008-06-30": 0, "2008-03-31": "", "2007-12-31": 0, "2007-09-30": 0, "2007-06-30": 0, "2007-03-31": "", "2006-12-31": 0, "2006-09-30": 0, "2006-06-30": 0, "2006-03-31": "", "2005-12-31": 0, "2005-09-30": 0, "2005-06-30": 0, "2005-03-31": ""}, "Financial Activities - Other": {"2020-12-31": 4.91, "2020-09-30": 2.772, "2020-06-30": 4.791, "2020-03-31": "2.76700", "2019-12-31": 3.709, "2019-09-30": -0.686, "2019-06-30": 2.4, "2019-03-31": "2.25400", "2018-12-31": -4.503, "2018-09-30": -0.023, "2018-06-30": -4.095, "2018-03-31": "1.93700", "2017-12-31": -2.391, "2017-09-30": 2.871, "2017-06-30": 1.868, "2017-03-31": "-1.43800", "2016-12-31": -0.876, "2016-09-30": -1.994, "2016-06-30": -7.341, "2016-03-31": "-1.89500", "2015-12-31": -8.295, "2015-09-30": 0.737, "2015-06-30": 3.166, "2015-03-31": "-0.59100", "2014-12-31": 7.638, "2014-09-30": -1.932, "2014-06-30": 0.578, "2014-03-31": "8.19300", "2013-12-31": 9.778, "2013-09-30": 3.986, "2013-06-30": 4.848, "2013-03-31": "3.85700", "2012-12-31": 9.794, "2012-09-30": -1.844, "2012-06-30": -3.171, "2012-03-31": "9.47800", "2011-12-31": 16.661, "2011-09-30": -7.176, "2011-06-30": 8.443, "2011-03-31": "7.55500", "2010-12-31": 2.49, "2010-09-30": 3.286, "2010-06-30": -1.681, "2010-03-31": "-2.92200", "2009-12-31": 5.75, "2009-09-30": -3.823, "2009-06-30": 7.489, "2009-03-31": "0.82900", "2008-12-31": -19.608, "2008-09-30": -1.604, "2008-06-30": 2.429, "2008-03-31": "2.75500", "2007-12-31": -6.445, "2007-09-30": 6.386, "2007-06-30": 2.192, "2007-03-31": "6.68700", "2006-12-31": 9.331, "2006-09-30": 2.73, "2006-06-30": -1.255, "2006-03-31": "0.36300", "2005-12-31": 2.361, "2005-09-30": 6.703, "2005-06-30": -0.859, "2005-03-31": "-7.35900"}, "Cash Flow From Financial Activities": {"2020-12-31": -172.534, "2020-09-30": -108.602, "2020-06-30": -192.284, "2020-03-31": "32.91800", "2019-12-31": -211.137, "2019-09-30": -366.807, "2019-06-30": -571.6, "2019-03-31": "-723.13400", "2018-12-31": -493.079, "2018-09-30": -256.212, "2018-06-30": -364.166, "2018-03-31": "-1006.06500", "2017-12-31": -24.375, "2017-09-30": -17.208, "2017-06-30": -9.922, "2017-03-31": "-12.36400", "2016-12-31": -35.973, "2016-09-30": -11.31, "2016-06-30": -29.402, "2016-03-31": "-39.01600", "2015-12-31": -24.631, "2015-09-30": -9.366, "2015-06-30": 11.722, "2015-03-31": "-60.27400", "2014-12-31": -2.437, "2014-09-30": -39.111, "2014-06-30": -25.374, "2014-03-31": "-40.29900", "2013-12-31": -2.531, "2013-09-30": -8.981, "2013-06-30": -18.495, "2013-03-31": "-34.58100", "2012-12-31": -13.139, "2012-09-30": -16.859, "2012-06-30": -24.542, "2012-03-31": "-11.99500", "2011-12-31": -22.469, "2011-09-30": -13.226, "2011-06-30": 2.523, "2011-03-31": "-27.25000", "2010-12-31": -1.363, "2010-09-30": -18.732, "2010-06-30": -21.678, "2010-03-31": "-18.47900", "2009-12-31": -50.353, "2009-09-30": -34.052, "2009-06-30": 8.158, "2009-03-31": "-14.03300", "2008-12-31": -531.898, "2008-09-30": -7.979, "2008-06-30": -16.728, "2008-03-31": "-16.33300", "2007-12-31": -12.481, "2007-09-30": 22.233, "2007-06-30": -47.731, "2007-03-31": "-81.70700", "2006-12-31": 14.68, "2006-09-30": -26.668, "2006-06-30": -46.749, "2006-03-31": "-67.16900", "2005-12-31": -40.39, "2005-09-30": -186.748, "2005-06-30": -27.576, "2005-03-31": "-17.30100"}, "Net Cash Flow": {"2020-12-31": 61.761, "2020-09-30": 35.898, "2020-06-30": -51.025, "2020-03-31": "54.34600", "2019-12-31": -68.934, "2019-09-30": -183.349, "2019-06-30": -96.972, "2019-03-31": "-111.31000", "2018-12-31": 106.907, "2018-09-30": -52.831, "2018-06-30": 25.682, "2018-03-31": "74.20300", "2017-12-31": 38.512, "2017-09-30": 36.552, "2017-06-30": -17.189, "2017-03-31": "78.81300", "2016-12-31": 75.422, "2016-09-30": -33.173, "2016-06-30": 46.995, "2016-03-31": "-71.27800", "2015-12-31": 28.147, "2015-09-30": 93.643, "2015-06-30": -74.923, "2015-03-31": "18.62100", "2014-12-31": 65.209, "2014-09-30": -71.723, "2014-06-30": 33.309, "2014-03-31": "-45.41400", "2013-12-31": 9.795, "2013-09-30": -24.044, "2013-06-30": -17.003, "2013-03-31": "-8.98700", "2012-12-31": 124.742, "2012-09-30": -13.136, "2012-06-30": -57.757, "2012-03-31": "43.19600", "2011-12-31": -39.936, "2011-09-30": 79.012, "2011-06-30": 48.054, "2011-03-31": "-11.63800", "2010-12-31": 45.706, "2010-09-30": -48.092, "2010-06-30": 13.872, "2010-03-31": "-44.09900", "2009-12-31": -49.306, "2009-09-30": 31.972, "2009-06-30": -29.708, "2009-03-31": "-40.36900", "2008-12-31": -464.078, "2008-09-30": 61.919, "2008-06-30": 130.121, "2008-03-31": "103.22700", "2007-12-31": 78.167, "2007-09-30": 149.071, "2007-06-30": -14.27, "2007-03-31": "-129.80100", "2006-12-31": 2.599, "2006-09-30": 22.011, "2006-06-30": 8.333, "2006-03-31": "-12.36500", "2005-12-31": 4.685, "2005-09-30": -126.331, "2005-06-30": 28.322, "2005-03-31": "47.83500"}, "Stock-Based Compensation": {"2020-12-31": 9.15, "2020-09-30": 9.593, "2020-06-30": 8.926, "2020-03-31": "9.19600", "2019-12-31": 9.66, "2019-09-30": 9.662, "2019-06-30": 9.314, "2019-03-31": "9.94100", "2018-12-31": 9.357, "2018-09-30": 9.213, "2018-06-30": 9.079, "2018-03-31": "9.89200", "2017-12-31": 9.368, "2017-09-30": 12.274, "2017-06-30": 9.139, "2017-03-31": "8.65500", "2016-12-31": 8.394, "2016-09-30": 8.367, "2016-06-30": 8.396, "2016-03-31": "15.84100", "2015-12-31": 8.411, "2015-09-30": 8.347, "2015-06-30": 8.155, "2015-03-31": "8.45500", "2014-12-31": 8.538, "2014-09-30": 8.107, "2014-06-30": 8.224, "2014-03-31": "8.12900", "2013-12-31": 7.723, "2013-09-30": 8.678, "2013-06-30": 7.876, "2013-03-31": "7.43100", "2012-12-31": 7.496, "2012-09-30": 7.306, "2012-06-30": 7.114, "2012-03-31": "7.26700", "2011-12-31": 6.934, "2011-09-30": 6.882, "2011-06-30": 6.748, "2011-03-31": "7.01500", "2010-12-31": 6.294, "2010-09-30": 6.244, "2010-06-30": 6.283, "2010-03-31": "6.03100", "2009-12-31": 6.498, "2009-09-30": 7.251, "2009-06-30": 7.158, "2009-03-31": "7.34800", "2008-12-31": 7.601, "2008-09-30": 7.672, "2008-06-30": 8.056, "2008-03-31": "7.45300", "2007-12-31": 7.953, "2007-09-30": 7.106, "2007-06-30": 6.858, "2007-03-31": "6.93800", "2006-12-31": 7.072, "2006-09-30": 7.125, "2006-06-30": 7.102, "2006-03-31": "7.51400", "2005-12-31": 0.039, "2005-09-30": 0.058, "2005-06-30": 0.579, "2005-03-31": "0.08900"}, "Common Stock Dividends Paid": {"2020-12-31": 0, "2020-09-30": 0, "2020-06-30": 0, "2020-03-31": "", "2019-12-31": 0, "2019-09-30": 0, "2019-06-30": 0, "2019-03-31": "", "2018-12-31": 0, "2018-09-30": 0, "2018-06-30": 0, "2018-03-31": "", "2017-12-31": 0, "2017-09-30": 0, "2017-06-30": 0, "2017-03-31": "", "2016-12-31": 0, "2016-09-30": 0, "2016-06-30": 0, "2016-03-31": "", "2015-12-31": 0, "2015-09-30": 0, "2015-06-30": 0, "2015-03-31": "", "2014-12-31": 0, "2014-09-30": 0, "2014-06-30": 0, "2014-03-31": "", "2013-12-31": 0, "2013-09-30": 0, "2013-06-30": 0, "2013-03-31": "", "2012-12-31": 0, "2012-09-30": 0, "2012-06-30": 0, "2012-03-31": "", "2011-12-31": 0, "2011-09-30": 0, "2011-06-30": 0, "2011-03-31": "", "2010-12-31": 0, "2010-09-30": 0, "2010-06-30": 0, "2010-03-31": "", "2009-12-31": 0, "2009-09-30": 0, "2009-06-30": 0, "2009-03-31": "", "2008-12-31": 0, "2008-09-30": 0, "2008-06-30": 0, "2008-03-31": "", "2007-12-31": 0, "2007-09-30": 0, "2007-06-30": 0, "2007-03-31": "", "2006-12-31": 0, "2006-09-30": 0, "2006-06-30": 0, "2006-03-31": "", "2005-12-31": 0, "2005-09-30": 0, "2005-06-30": 0, "2005-03-31": ""}}, "financial ratios": {"Current Ratio": {"2019-12-31": "2.21950", "2018-12-31": "5.93220", "2017-12-31": "7.04460", "2016-12-31": "6.98690", "2015-12-31": "5.69700", "2014-12-31": "4.85290", "2013-12-31": "5.24330", "2012-12-31": "4.47750", "2011-12-31": "3.22680", "2010-12-31": "4.11210", "2009-12-31": "2.97130", "2008-12-31": "3.30320", "2007-12-31": "1.87880", "2006-12-31": "1.45760", "2005-12-31": "1.51180"}, "Long-term Debt / Capital": {"2019-12-31": "1.15850", "2018-12-31": "0.42280", "2017-12-31": "0.45930", "2016-12-31": "0.42510", "2015-12-31": "0.42030", "2014-12-31": "0.39510", "2013-12-31": "0.40300", "2012-12-31": "0.41590", "2011-12-31": "0.36330", "2010-12-31": "0.39570", "2009-12-31": "0.37070", "2008-12-31": "0.43070", "2007-12-31": "0.46040", "2006-12-31": "0.57980", "2005-12-31": "0.63810"}, "Debt/Equity Ratio": {"2019-12-31": "-7.77300", "2018-12-31": "0.73270", "2017-12-31": "0.89430", "2016-12-31": "0.79380", "2015-12-31": "0.81030", "2014-12-31": "0.77200", "2013-12-31": "0.75050", "2012-12-31": "0.80270", "2011-12-31": "0.80780", "2010-12-31": "0.71670", "2009-12-31": "0.74420", "2008-12-31": "0.81110", "2007-12-31": "1.50860", "2006-12-31": "2.49310", "2005-12-31": "2.91320"}, "Gross Margin": {"2019-12-31": "58.00290", "2018-12-31": "58.98380", "2017-12-31": "58.98510", "2016-12-31": "58.87040", "2015-12-31": "58.73970", "2014-12-31": "58.53340", "2013-12-31": "58.85680", "2012-12-31": "59.99150", "2011-12-31": "60.53920", "2010-12-31": "60.24620", "2009-12-31": "60.30680", "2008-12-31": "58.01820", "2007-12-31": "57.15540", "2006-12-31": "58.11800", "2005-12-31": "58.69970"}, "Operating Margin": {"2019-12-31": "29.43810", "2018-12-31": "30.57010", "2017-12-31": "28.67800", "2016-12-31": "28.83790", "2015-12-31": "27.78450", "2014-12-31": "26.03410", "2013-12-31": "27.16830", "2012-12-31": "27.74350", "2011-12-31": "28.55470", "2010-12-31": "27.37860", "2009-12-31": "26.32960", "2008-12-31": "24.74430", "2007-12-31": "23.68420", "2006-12-31": "23.05450", "2005-12-31": "24.44710"}, "EBIT Margin": {"2019-12-31": "29.43810", "2018-12-31": "30.57010", "2017-12-31": "28.67800", "2016-12-31": "28.83790", "2015-12-31": "27.78450", "2014-12-31": "26.03410", "2013-12-31": "27.16830", "2012-12-31": "27.74350", "2011-12-31": "28.55470", "2010-12-31": "27.37860", "2009-12-31": "26.32960", "2008-12-31": "24.74430", "2007-12-31": "23.68420", "2006-12-31": "23.05450", "2005-12-31": "24.44710"}, "EBITDA Margin": {"2019-12-31": "33.81340", "2018-12-31": "35.04990", "2017-12-31": "33.26870", "2016-12-31": "33.28780", "2015-12-31": "32.19060", "2014-12-31": "30.77090", "2013-12-31": "31.35350", "2012-12-31": "31.47690", "2011-12-31": "32.14090", "2010-12-31": "31.18530", "2009-12-31": "30.15110", "2008-12-31": "28.88820", "2007-12-31": "27.30370", "2006-12-31": "26.66010", "2005-12-31": "28.21880"}, "Pre-Tax Profit Margin": {"2019-12-31": "28.18250", "2018-12-31": "28.18870", "2017-12-31": "27.76420", "2016-12-31": "27.68790", "2015-12-31": "26.53430", "2014-12-31": "24.66840", "2013-12-31": "25.73790", "2012-12-31": "26.44900", "2011-12-31": "27.50950", "2010-12-31": "26.64420", "2009-12-31": "25.79920", "2008-12-31": "23.62940", "2007-12-31": "21.94040", "2006-12-31": "20.54000", "2005-12-31": "23.70530"}, "Net Profit Margin": {"2019-12-31": "24.60730", "2018-12-31": "24.53770", "2017-12-31": "0.87960", "2016-12-31": "24.06100", "2015-12-31": "22.96650", "2014-12-31": "21.69660", "2013-12-31": "23.63190", "2012-12-31": "25.02890", "2011-12-31": "23.38870", "2010-12-31": "23.23050", "2009-12-31": "21.57290", "2008-12-31": "20.47330", "2007-12-31": "18.19850", "2006-12-31": "17.35630", "2005-12-31": "17.43820"}, "Asset Turnover": {"2019-12-31": "0.94120", "2018-12-31": "0.64920", "2017-12-31": "0.43370", "2016-12-31": "0.46490", "2015-12-31": "0.47840", "2014-12-31": "0.51340", "2013-12-31": "0.53150", "2012-12-31": "0.58190", "2011-12-31": "0.67980", "2010-12-31": "0.70600", "2009-12-31": "0.78550", "2008-12-31": "0.97060", "2007-12-31": "0.78310", "2006-12-31": "0.79160", "2005-12-31": "0.81060"}, "Inventory Turnover Ratio": {"2019-12-31": "3.15300", "2018-12-31": "3.40420", "2017-12-31": "3.50380", "2016-12-31": "3.39370", "2015-12-31": "3.19900", "2014-12-31": "3.34750", "2013-12-31": "3.22680", "2012-12-31": "3.21310", "2011-12-31": "3.43170", "2010-12-31": "3.19780", "2009-12-31": "3.32960", "2008-12-31": "3.82120", "2007-12-31": "3.58820", "2006-12-31": "3.18330", "2005-12-31": "3.63620"}, "Receiveable Turnover": {"2019-12-31": "4.09470", "2018-12-31": "4.25810", "2017-12-31": "4.32550", "2016-12-31": "4.42930", "2015-12-31": "4.36100", "2014-12-31": "4.58780", "2013-12-31": "4.41830", "2012-12-31": "4.55720", "2011-12-31": "5.04290", "2010-12-31": "4.58740", "2009-12-31": "4.76920", "2008-12-31": "5.39860", "2007-12-31": "4.63530", "2006-12-31": "4.70400", "2005-12-31": "4.51010"}, "Days Sales In Receivables": {"2019-12-31": "89.13960", "2018-12-31": "85.71960", "2017-12-31": "84.38270", "2016-12-31": "82.40620", "2015-12-31": "83.69600", "2014-12-31": "79.55880", "2013-12-31": "82.61110", "2012-12-31": "80.09310", "2011-12-31": "72.37860", "2010-12-31": "79.56600", "2009-12-31": "76.53310", "2008-12-31": "67.60960", "2007-12-31": "78.74430", "2006-12-31": "77.59340", "2005-12-31": "80.92940"}, "ROE - Return On Equity": {"2019-12-31": "-273.80880", "2018-12-31": "37.88740", "2017-12-31": "0.90930", "2016-12-31": "22.65490", "2015-12-31": "22.78230", "2014-12-31": "22.78080", "2013-12-31": "25.52230", "2012-12-31": "31.44720", "2011-12-31": "35.29890", "2010-12-31": "35.71890", "2009-12-31": "38.08390", "2008-12-31": "48.78620", "2007-12-31": "45.74020", "2006-12-31": "61.31640", "2005-12-31": "71.21020"}, "Return On Tangible Equity": {"2019-12-31": "-72.87590", "2018-12-31": "61.54950", "2017-12-31": "1.23430", "2016-12-31": "29.92300", "2015-12-31": "31.60810", "2014-12-31": "32.94790", "2013-12-31": "38.34020", "2012-12-31": "49.59740", "2011-12-31": "58.70630", "2010-12-31": "64.07310", "2009-12-31": "86.51510", "2008-12-31": "132.71340", "2007-12-31": "156.13630", "2006-12-31": "-644.48670", "2005-12-31": "-1787.08700"}, "ROA - Return On Assets": {"2019-12-31": "23.15940", "2018-12-31": "15.93040", "2017-12-31": "0.38150", "2016-12-31": "11.18610", "2015-12-31": "10.98830", "2014-12-31": "11.13950", "2013-12-31": "12.56070", "2012-12-31": "14.56510", "2011-12-31": "15.89900", "2010-12-31": "16.40110", "2009-12-31": "16.94570", "2008-12-31": "19.87060", "2007-12-31": "14.25120", "2006-12-31": "13.73880", "2005-12-31": "14.13470"}, "ROI - Return On Investment": {"2019-12-31": "43.39990", "2018-12-31": "21.86740", "2017-12-31": "0.49160", "2016-12-31": "13.02480", "2015-12-31": "13.20580", "2014-12-31": "13.78040", "2013-12-31": "15.23800", "2012-12-31": "18.36690", "2011-12-31": "22.47340", "2010-12-31": "21.58320", "2009-12-31": "23.96780", "2008-12-31": "27.77590", "2007-12-31": "24.68260", "2006-12-31": "25.76580", "2005-12-31": "25.77420"}, "Book Value Per Share": {"2019-12-31": "-3.45570", "2018-12-31": "21.43550", "2017-12-31": "28.15570", "2016-12-31": "28.76610", "2015-12-31": "25.27070", "2014-12-31": "22.78690", "2013-12-31": "20.78750", "2012-12-31": "16.98530", "2011-12-31": "13.78240", "2010-12-31": "11.63660", "2009-12-31": "9.02000", "2008-12-31": "6.75250", "2007-12-31": "5.80420", "2006-12-31": "3.57480", "2005-12-31": "2.69260"}, "Operating Cash Flow Per Share": {"2019-12-31": 1.6467, "2018-12-31": -0.8678, "2017-12-31": 0.7586, "2016-12-31": 0.9972, "2015-12-31": 0.8907, "2014-12-31": 0.4062, "2013-12-31": 0.5532, "2012-12-31": -0.3379, "2011-12-31": 0.5193, "2010-12-31": 0.5498, "2009-12-31": 0.1587, "2008-12-31": 0.5449, "2007-12-31": 1.0858, "2006-12-31": -0.0421, "2005-12-31": 2.5708}, "Free Cash Flow Per Share": {"2019-12-31": 0.8869, "2018-12-31": -1.4508, "2017-12-31": 0.8154, "2016-12-31": 1.0216, "2015-12-31": 0.8008, "2014-12-31": 0.723, "2013-12-31": 0.3619, "2012-12-31": -0.5898, "2011-12-31": 0.261, "2010-12-31": 0.851, "2009-12-31": -0.1228, "2008-12-31": 0.4467, "2007-12-31": 0.9905, "2006-12-31": -0.0951, "2005-12-31": 2.1305}}, "financial ratios, quarterly": {"Current Ratio": {"2020-09-30": "1.78860", "2020-06-30": "1.82040", "2020-03-31": "2.40950", "2019-12-31": "2.21950", "2019-09-30": "2.25050", "2019-06-30": "2.64900", "2019-03-31": "3.44420", "2018-12-31": "5.93220", "2018-09-30": "6.62930", "2018-06-30": "6.57800", "2018-03-31": "6.43510", "2017-12-31": "7.04460", "2017-09-30": "6.15950", "2017-06-30": "6.04210", "2017-03-31": "5.97650", "2016-12-31": "6.98690", "2016-09-30": "6.80340", "2016-06-30": "6.51720", "2016-03-31": "6.31760", "2015-12-31": "5.69700", "2015-09-30": "5.77260", "2015-06-30": "5.50030", "2015-03-31": "5.34100", "2014-12-31": "4.85290", "2014-09-30": "4.69890", "2014-06-30": "4.50830", "2014-03-31": "4.46180", "2013-12-31": "5.24330", "2013-09-30": "4.92810", "2013-06-30": "4.93580", "2013-03-31": "4.79730", "2012-12-31": "4.47750", "2012-09-30": "2.78480", "2012-06-30": "2.86190", "2012-03-31": "3.12130", "2011-12-31": "3.22680", "2011-09-30": "3.07700", "2011-06-30": "3.85200", "2011-03-31": "2.35030", "2010-12-31": "4.11210", "2010-09-30": "3.44580", "2010-06-30": "3.61820", "2010-03-31": "4.09310", "2009-12-31": "2.97130", "2009-09-30": "2.59560", "2009-06-30": "2.64500", "2009-03-31": "2.80320", "2008-12-31": "3.30320", "2008-09-30": "2.15260", "2008-06-30": "2.23930", "2008-03-31": "2.34480", "2007-12-31": "1.87880", "2007-09-30": "1.64100", "2007-06-30": "1.60660", "2007-03-31": "1.64360", "2006-12-31": "1.45760", "2006-09-30": "1.36460", "2006-06-30": "1.37280", "2006-03-31": "1.42640", "2005-12-31": "1.51180", "2005-09-30": "1.22620", "2005-06-30": "1.47950", "2005-03-31": "1.62490"}, "Long-term Debt / Capital": {"2020-09-30": "1.03010", "2020-06-30": "1.14160", "2020-03-31": "1.22410", "2019-12-31": "1.15850", "2019-09-30": "0.91580", "2019-06-30": "0.65340", "2019-03-31": "0.52000", "2018-12-31": "0.42280", "2018-09-30": "0.37960", "2018-06-30": "0.36760", "2018-03-31": "0.37100", "2017-12-31": "0.45930", "2017-09-30": "0.39720", "2017-06-30": "0.40120", "2017-03-31": "0.40680", "2016-12-31": "0.42510", "2016-09-30": "0.42310", "2016-06-30": "0.43150", "2016-03-31": "0.43120", "2015-12-31": "0.42030", "2015-09-30": "0.42500", "2015-06-30": "0.41750", "2015-03-31": "0.41300", "2014-12-31": "0.39510", "2014-09-30": "0.39550", "2014-06-30": "0.38620", "2014-03-31": "0.37680", "2013-12-31": "0.40300", "2013-09-30": "0.41750", "2013-06-30": "0.42750", "2013-03-31": "0.42690", "2012-12-31": "0.41590", "2012-09-30": "0.34480", "2012-06-30": "0.35670", "2012-03-31": "0.35220", "2011-12-31": "0.36330", "2011-09-30": "0.37650", "2011-06-30": "0.36350", "2011-03-31": "0.25790", "2010-12-31": "0.39570", "2010-09-30": "0.43120", "2010-06-30": "0.46270", "2010-03-31": "0.46260", "2009-12-31": "0.37070", "2009-09-30": "0.39040", "2009-06-30": "0.40630", "2009-03-31": "0.42890", "2008-12-31": "0.43070", "2008-09-30": "0.50190", "2008-06-30": "0.49980", "2008-03-31": "0.51300", "2007-12-31": "0.46040", "2007-09-30": "0.52320", "2007-06-30": "0.56900", "2007-03-31": "0.57160", "2006-12-31": "0.57980", "2006-09-30": "0.65670", "2006-06-30": "0.66620", "2006-03-31": "0.65840", "2005-12-31": "0.63810", "2005-09-30": "0.41350", "2005-06-30": "0.32500", "2005-03-31": "0.30170"}, "Debt/Equity Ratio": {"2020-09-30": "-37.78980", "2020-06-30": "-8.84600", "2020-03-31": "-5.60940", "2019-12-31": "-7.77300", "2019-09-30": "11.73730", "2019-06-30": "2.06510", "2019-03-31": "1.18680", "2018-12-31": "0.73270", "2018-09-30": "0.61200", "2018-06-30": "0.58150", "2018-03-31": "0.59010", "2017-12-31": "0.89430", "2017-09-30": "0.74470", "2017-06-30": "0.75930", "2017-03-31": "0.77980", "2016-12-31": "0.79380", "2016-09-30": "0.78880", "2016-06-30": "0.81740", "2016-03-31": "0.81780", "2015-12-31": "0.81030", "2015-09-30": "0.82810", "2015-06-30": "0.80740", "2015-03-31": "0.79760", "2014-12-31": "0.77200", "2014-09-30": "0.77640", "2014-06-30": "0.75590", "2014-03-31": "0.73220", "2013-12-31": "0.75050", "2013-09-30": "0.79930", "2013-06-30": "0.83410", "2013-03-31": "0.83520", "2012-12-31": "0.80270", "2012-09-30": "0.86300", "2012-06-30": "0.87220", "2012-03-31": "0.79500", "2011-12-31": "0.80780", "2011-09-30": "0.83820", "2011-06-30": "0.68230", "2011-03-31": "0.68680", "2010-12-31": "0.71670", "2010-09-30": "0.85810", "2010-06-30": "0.93100", "2010-03-31": "0.87620", "2009-12-31": "0.74420", "2009-09-30": "0.82580", "2009-06-30": "0.86320", "2009-03-31": "0.88340", "2008-12-31": "0.81110", "2008-09-30": "1.59280", "2008-06-30": "1.51240", "2008-03-31": "1.50620", "2007-12-31": "1.50860", "2007-09-30": "1.99820", "2007-06-30": "2.34870", "2007-03-31": "2.32520", "2006-12-31": "2.49310", "2006-09-30": "3.38870", "2006-06-30": "3.44160", "2006-03-31": "3.23100", "2005-12-31": "2.91320", "2005-09-30": "1.84360", "2005-06-30": "1.26630", "2005-03-31": "1.01270"}, "Gross Margin": {"2020-09-30": "55.81860", "2020-06-30": "59.01140", "2020-03-31": "54.69430", "2019-12-31": "58.24790", "2019-09-30": "58.24280", "2019-06-30": "58.35080", "2019-03-31": "56.98630", "2018-12-31": "59.87950", "2018-09-30": "58.28200", "2018-06-30": "59.22050", "2018-03-31": "58.27520", "2017-12-31": "60.64850", "2017-09-30": "58.29230", "2017-06-30": "58.86660", "2017-03-31": "57.60880", "2016-12-31": "59.98980", "2016-09-30": "58.55510", "2016-06-30": "58.92740", "2016-03-31": "57.67430", "2015-12-31": "59.44240", "2015-09-30": "58.68700", "2015-06-30": "57.81480", "2015-03-31": "58.89570", "2014-12-31": "60.07350", "2014-09-30": "58.99510", "2014-06-30": "58.10450", "2014-03-31": "56.39590", "2013-12-31": "59.50270", "2013-09-30": "58.11050", "2013-06-30": "58.25260", "2013-03-31": "59.43470", "2012-12-31": "60.06580", "2012-09-30": "59.39520", "2012-06-30": "60.29390", "2012-03-31": "60.21240", "2011-12-31": "60.82950", "2011-09-30": "60.32900", "2011-06-30": "60.65850", "2011-03-31": "60.28350", "2010-12-31": "60.86400", "2010-09-30": "59.35920", "2010-06-30": "60.32960", "2010-03-31": "60.31220", "2009-12-31": "60.32840", "2009-09-30": "59.04860", "2009-06-30": "60.27030", "2009-03-31": "61.73150", "2008-12-31": "58.86920", "2008-09-30": "58.96560", "2008-06-30": "56.05700", "2008-03-31": "58.17970", "2007-12-31": "58.35450", "2007-09-30": "56.42020", "2007-06-30": "56.83320", "2007-03-31": "56.69830", "2006-12-31": "58.03220", "2006-09-30": "57.77740", "2006-06-30": "58.26290", "2006-03-31": "58.43540", "2005-12-31": "59.67740", "2005-09-30": "57.69420", "2005-06-30": "58.87080", "2005-03-31": "58.33060"}, "Operating Margin": {"2020-09-30": "26.67370", "2020-06-30": "29.83050", "2020-03-31": "14.68580", "2019-12-31": "33.00560", "2019-09-30": "30.00890", "2019-06-30": "29.65040", "2019-03-31": "23.57660", "2018-12-31": "34.19940", "2018-09-30": "29.70030", "2018-06-30": "30.05490", "2018-03-31": "27.20620", "2017-12-31": "33.54900", "2017-09-30": "28.11640", "2017-06-30": "27.56510", "2017-03-31": "23.84080", "2016-12-31": "33.24420", "2016-09-30": "28.80080", "2016-06-30": "28.25610", "2016-03-31": "23.70600", "2015-12-31": "30.90780", "2015-09-30": "27.13720", "2015-06-30": "26.34070", "2015-03-31": "26.06020", "2014-12-31": "29.46530", "2014-09-30": "28.12710", "2014-06-30": "24.57340", "2014-03-31": "20.61770", "2013-12-31": "31.15710", "2013-09-30": "26.03640", "2013-06-30": "24.98080", "2013-03-31": "25.42310", "2012-12-31": "30.55110", "2012-09-30": "27.05730", "2012-06-30": "26.60740", "2012-03-31": "26.21360", "2011-12-31": "31.62020", "2011-09-30": "27.99880", "2011-06-30": "26.93470", "2011-03-31": "27.10340", "2010-12-31": "30.64160", "2010-09-30": "25.88660", "2010-06-30": "26.99980", "2010-03-31": "25.11750", "2009-12-31": "29.45190", "2009-09-30": "25.70090", "2009-06-30": "23.89370", "2009-03-31": "25.66900", "2008-12-31": "27.80860", "2008-09-30": "25.37650", "2008-06-30": "21.82310", "2008-03-31": "23.77270", "2007-12-31": "29.72890", "2007-09-30": "19.63260", "2007-06-30": "21.81890", "2007-03-31": "22.00610", "2006-12-31": "27.66390", "2006-09-30": "21.82500", "2006-06-30": "20.83970", "2006-03-31": "20.48910", "2005-12-31": "28.79230", "2005-09-30": "22.94790", "2005-06-30": "23.52250", "2005-03-31": "21.57250"}, "EBIT Margin": {"2020-09-30": "26.67370", "2020-06-30": "29.83050", "2020-03-31": "14.68580", "2019-12-31": "33.00560", "2019-09-30": "30.00890", "2019-06-30": "29.65040", "2019-03-31": "23.57660", "2018-12-31": "34.19940", "2018-09-30": "29.70030", "2018-06-30": "30.05490", "2018-03-31": "27.20620", "2017-12-31": "33.54900", "2017-09-30": "28.11640", "2017-06-30": "27.56510", "2017-03-31": "23.84080", "2016-12-31": "33.24420", "2016-09-30": "28.80080", "2016-06-30": "28.25610", "2016-03-31": "23.70600", "2015-12-31": "30.90780", "2015-09-30": "27.13720", "2015-06-30": "26.34070", "2015-03-31": "26.06020", "2014-12-31": "29.46530", "2014-09-30": "28.12710", "2014-06-30": "24.57340", "2014-03-31": "20.61770", "2013-12-31": "31.15710", "2013-09-30": "26.03640", "2013-06-30": "24.98080", "2013-03-31": "25.42310", "2012-12-31": "30.55110", "2012-09-30": "27.05730", "2012-06-30": "26.60740", "2012-03-31": "26.21360", "2011-12-31": "31.62020", "2011-09-30": "27.99880", "2011-06-30": "26.93470", "2011-03-31": "27.10340", "2010-12-31": "30.64160", "2010-09-30": "25.88660", "2010-06-30": "26.99980", "2010-03-31": "25.11750", "2009-12-31": "29.45190", "2009-09-30": "25.70090", "2009-06-30": "23.89370", "2009-03-31": "25.66900", "2008-12-31": "27.80860", "2008-09-30": "25.37650", "2008-06-30": "21.82310", "2008-03-31": "23.77270", "2007-12-31": "29.72890", "2007-09-30": "19.63260", "2007-06-30": "21.81890", "2007-03-31": "22.00610", "2006-12-31": "27.66390", "2006-09-30": "21.82500", "2006-06-30": "20.83970", "2006-03-31": "20.48910", "2005-12-31": "28.79220", "2005-09-30": "22.94790", "2005-06-30": "23.52250", "2005-03-31": "21.57250"}, "EBITDA Margin": {"2020-09-30": "", "2020-06-30": "", "2020-03-31": "", "2019-12-31": "", "2019-09-30": "", "2019-06-30": "", "2019-03-31": "", "2018-12-31": "", "2018-09-30": "", "2018-06-30": "", "2018-03-31": "", "2017-12-31": "", "2017-09-30": "", "2017-06-30": "", "2017-03-31": "", "2016-12-31": "", "2016-09-30": "", "2016-06-30": "", "2016-03-31": "", "2015-12-31": "", "2015-09-30": "", "2015-06-30": "", "2015-03-31": "", "2014-12-31": "", "2014-09-30": "", "2014-06-30": "", "2014-03-31": "", "2013-12-31": "", "2013-09-30": "", "2013-06-30": "", "2013-03-31": "", "2012-12-31": "", "2012-09-30": "", "2012-06-30": "", "2012-03-31": "", "2011-12-31": "", "2011-09-30": "", "2011-06-30": "", "2011-03-31": "", "2010-12-31": "", "2010-09-30": "", "2010-06-30": "", "2010-03-31": "", "2009-12-31": "", "2009-09-30": "", "2009-06-30": "", "2009-03-31": "", "2008-12-31": "", "2008-09-30": "", "2008-06-30": "", "2008-03-31": "", "2007-12-31": "", "2007-09-30": "", "2007-06-30": "", "2007-03-31": "", "2006-12-31": "", "2006-09-30": "", "2006-06-30": "", "2006-03-31": "", "2005-12-31": "", "2005-09-30": "", "2005-06-30": "", "2005-03-31": ""}, "Pre-Tax Profit Margin": {"2020-09-30": "25.33530", "2020-06-30": "27.95530", "2020-03-31": "12.44530", "2019-12-31": "31.32630", "2019-09-30": "28.53700", "2019-06-30": "28.66250", "2019-03-31": "22.84230", "2018-12-31": "27.66440", "2018-09-30": "29.27750", "2018-06-30": "29.27800", "2018-03-31": "26.48520", "2017-12-31": "32.84540", "2017-09-30": "27.19310", "2017-06-30": "26.52430", "2017-03-31": "22.79000", "2016-12-31": "32.21740", "2016-09-30": "27.60850", "2016-06-30": "27.10880", "2016-03-31": "22.43680", "2015-12-31": "29.87300", "2015-09-30": "25.88250", "2015-06-30": "25.01760", "2015-03-31": "24.61900", "2014-12-31": "28.16950", "2014-09-30": "26.64690", "2014-06-30": "23.27190", "2014-03-31": "19.21680", "2013-12-31": "29.94530", "2013-09-30": "24.63430", "2013-06-30": "23.21270", "2013-03-31": "24.02930", "2012-12-31": "29.32960", "2012-09-30": "25.74100", "2012-06-30": "25.31230", "2012-03-31": "24.85270", "2011-12-31": "30.43250", "2011-09-30": "26.77860", "2011-06-30": "25.98770", "2011-03-31": "26.31530", "2010-12-31": "29.95570", "2010-09-30": "25.06520", "2010-06-30": "26.18840", "2010-03-31": "24.49610", "2009-12-31": "29.08000", "2009-09-30": "25.14500", "2009-06-30": "23.32760", "2009-03-31": "25.00180", "2008-12-31": "26.87130", "2008-09-30": "24.20080", "2008-06-30": "20.60560", "2008-03-31": "22.63100", "2007-12-31": "28.41670", "2007-09-30": "17.72640", "2007-06-30": "20.00510", "2007-03-31": "19.93970", "2006-12-31": "24.27930", "2006-09-30": "19.60440", "2006-06-30": "18.76220", "2006-03-31": "18.37480", "2005-12-31": "26.82880", "2005-09-30": "22.22680", "2005-06-30": "23.35980", "2005-03-31": "21.70810"}, "Net Profit Margin": {"2020-09-30": "21.34930", "2020-06-30": "23.64090", "2020-03-31": "11.52020", "2019-12-31": "28.01490", "2019-09-30": "23.92830", "2019-06-30": "24.10200", "2019-03-31": "21.20920", "2018-12-31": "25.89470", "2018-09-30": "24.39600", "2018-06-30": "26.11070", "2018-03-31": "21.09620", "2017-12-31": "-51.38730", "2017-09-30": "24.06430", "2017-06-30": "23.61340", "2017-03-31": "21.19750", "2016-12-31": "27.73240", "2016-09-30": "23.69950", "2016-06-30": "23.89610", "2016-03-31": "19.79020", "2015-12-31": "25.75030", "2015-09-30": "23.22940", "2015-06-30": "21.35610", "2015-03-31": "20.86450", "2014-12-31": "25.91190", "2014-09-30": "23.01400", "2014-06-30": "20.03500", "2014-03-31": "16.33000", "2013-12-31": "25.03890", "2013-09-30": "21.43980", "2013-06-30": "19.79850", "2013-03-31": "28.13110", "2012-12-31": "33.72090", "2012-09-30": "22.02660", "2012-06-30": "21.64600", "2012-03-31": "21.08800", "2011-12-31": "26.30260", "2011-09-30": "22.27710", "2011-06-30": "22.35680", "2011-03-31": "22.09740", "2010-12-31": "26.18070", "2010-09-30": "23.61850", "2010-06-30": "21.71610", "2010-03-31": "20.53790", "2009-12-31": "24.27970", "2009-09-30": "20.30580", "2009-06-30": "19.26680", "2009-03-31": "22.02270", "2008-12-31": "23.74990", "2008-09-30": "18.50920", "2008-06-30": "20.85110", "2008-03-31": "18.42150", "2007-12-31": "22.64130", "2007-09-30": "15.10980", "2007-06-30": "16.98920", "2007-03-31": "16.91080", "2006-12-31": "20.64690", "2006-09-30": "16.72610", "2006-06-30": "15.82650", "2006-03-31": "15.21440", "2005-12-31": "22.75200", "2005-09-30": "9.41910", "2005-06-30": "18.99480", "2005-03-31": "17.36640"}, "Asset Turnover": {"2020-09-30": "0.22160", "2020-06-30": "0.19630", "2020-03-31": "0.17440", "2019-12-31": "0.28010", "2019-09-30": "0.22540", "2019-06-30": "0.21220", "2019-03-31": "0.15810", "2018-12-31": "0.19180", "2018-09-30": "0.14300", "2018-06-30": "0.14340", "2018-03-31": "0.11820", "2017-12-31": "0.12910", "2017-09-30": "0.10950", "2017-06-30": "0.11170", "2017-03-31": "0.10350", "2016-12-31": "0.13490", "2016-09-30": "0.11510", "2016-06-30": "0.12060", "2016-03-31": "0.10880", "2015-12-31": "0.13740", "2015-09-30": "0.12150", "2015-06-30": "0.12280", "2015-03-31": "0.11890", "2014-12-31": "0.15070", "2014-09-30": "0.13150", "2014-06-30": "0.12930", "2014-03-31": "0.11800", "2013-12-31": "0.15780", "2013-09-30": "0.13350", "2013-06-30": "0.13730", "2013-03-31": "0.13420", "2012-12-31": "0.16470", "2012-09-30": "0.15010", "2012-06-30": "0.15660", "2012-03-31": "0.14810", "2011-12-31": "0.19150", "2011-09-30": "0.17220", "2011-06-30": "0.17400", "2011-03-31": "0.17470", "2010-12-31": "0.20780", "2010-09-30": "0.18180", "2010-06-30": "0.19200", "2010-03-31": "0.18560", "2009-12-31": "0.22480", "2009-09-30": "0.19830", "2009-06-30": "0.20130", "2009-03-31": "0.19890", "2008-12-31": "0.25780", "2008-09-30": "0.18360", "2008-06-30": "0.19320", "2008-03-31": "0.18830", "2007-12-31": "0.23230", "2007-09-30": "0.19790", "2007-06-30": "0.21160", "2007-03-31": "0.20310", "2006-12-31": "0.23920", "2006-09-30": "0.20050", "2006-06-30": "0.20540", "2006-03-31": "0.20160", "2005-12-31": "0.23250", "2005-09-30": "0.20150", "2005-06-30": "0.19070", "2005-03-31": "0.18100"}, "Inventory Turnover Ratio": {"2020-09-30": "0.80240", "2020-06-30": "0.61960", "2020-03-31": "0.61230", "2019-12-31": "0.93300", "2019-09-30": "0.65360", "2019-06-30": "0.70980", "2019-03-31": "0.66310", "2018-12-31": "0.98390", "2018-09-30": "0.76890", "2018-06-30": "0.81150", "2018-03-31": "0.73900", "2017-12-31": "1.00060", "2017-09-30": "0.79200", "2017-06-30": "0.79970", "2017-03-31": "0.75400", "2016-12-31": "0.95770", "2016-09-30": "0.72020", "2016-06-30": "0.76940", "2016-03-31": "0.70080", "2015-12-31": "0.90320", "2015-09-30": "0.73390", "2015-06-30": "0.76470", "2015-03-31": "0.73490", "2014-12-31": "0.94600", "2014-09-30": "0.75150", "2014-06-30": "0.74000", "2014-03-31": "0.70400", "2013-12-31": "0.94310", "2013-09-30": "0.74550", "2013-06-30": "0.77620", "2013-03-31": "0.74010", "2012-12-31": "0.90760", "2012-09-30": "0.73970", "2012-06-30": "0.75710", "2012-03-31": "0.71690", "2011-12-31": "0.95950", "2011-09-30": "0.73220", "2011-06-30": "0.72420", "2011-03-31": "0.75860", "2010-12-31": "0.92630", "2010-09-30": "0.78230", "2010-06-30": "0.80890", "2010-03-31": "0.77120", "2009-12-31": "0.95220", "2009-09-30": "0.77700", "2009-06-30": "0.73430", "2009-03-31": "0.66760", "2008-12-31": "0.99430", "2008-09-30": "0.76870", "2008-06-30": "0.84710", "2008-03-31": "0.78980", "2007-12-31": "1.03470", "2007-09-30": "0.80410", "2007-06-30": "0.85280", "2007-03-31": "0.80610", "2006-12-31": "0.96410", "2006-09-30": "0.71730", "2006-06-30": "0.77860", "2006-03-31": "0.82410", "2005-12-31": "1.01840", "2005-09-30": "0.81940", "2005-06-30": "0.83330", "2005-03-31": "0.75470"}, "Receiveable Turnover": {"2020-09-30": "1.20090", "2020-06-30": "1.04780", "2020-03-31": "0.89030", "2019-12-31": "1.21870", "2019-09-30": "1.14340", "2019-06-30": "1.15550", "2019-03-31": "1.01100", "2018-12-31": "1.25810", "2018-09-30": "1.18160", "2018-06-30": "1.20980", "2018-03-31": "1.05510", "2017-12-31": "1.28750", "2017-09-30": "1.23940", "2017-06-30": "1.20620", "2017-03-31": "1.07840", "2016-12-31": "1.28500", "2016-09-30": "1.19250", "2016-06-30": "1.20320", "2016-03-31": "1.08110", "2015-12-31": "1.25260", "2015-09-30": "1.20240", "2015-06-30": "1.21680", "2015-03-31": "1.16740", "2014-12-31": "1.34650", "2014-09-30": "1.25430", "2014-06-30": "1.19880", "2014-03-31": "1.07250", "2013-12-31": "1.31200", "2013-09-30": "1.22330", "2013-06-30": "1.23520", "2013-03-31": "1.14020", "2012-12-31": "1.28970", "2012-09-30": "1.24170", "2012-06-30": "1.27120", "2012-03-31": "1.18860", "2011-12-31": "1.42040", "2011-09-30": "1.28240", "2011-06-30": "1.22530", "2011-03-31": "1.22380", "2010-12-31": "1.34990", "2010-09-30": "1.18800", "2010-06-30": "1.24470", "2010-03-31": "1.17120", "2009-12-31": "1.36470", "2009-09-30": "1.29110", "2009-06-30": "1.23020", "2009-03-31": "1.19230", "2008-12-31": "1.43380", "2008-09-30": "1.33550", "2008-06-30": "1.30830", "2008-03-31": "1.17260", "2007-12-31": "1.37510", "2007-09-30": "1.30810", "2007-06-30": "1.30600", "2007-03-31": "1.18710", "2006-12-31": "1.42170", "2006-09-30": "1.33300", "2006-06-30": "1.26660", "2006-03-31": "1.17330", "2005-12-31": "1.29380", "2005-09-30": "1.23070", "2005-06-30": "1.24700", "2005-03-31": "1.11960"}, "Days Sales In Receivables": {"2020-09-30": "74.94120", "2020-06-30": "85.89660", "2020-03-31": "101.08600", "2019-12-31": "73.84690", "2019-09-30": "78.71050", "2019-06-30": "77.88680", "2019-03-31": "89.02320", "2018-12-31": "71.53440", "2018-09-30": "76.16920", "2018-06-30": "74.39270", "2018-03-31": "85.30180", "2017-12-31": "69.90540", "2017-09-30": "72.61530", "2017-06-30": "74.61350", "2017-03-31": "83.45490", "2016-12-31": "70.04060", "2016-09-30": "75.46860", "2016-06-30": "74.80200", "2016-03-31": "83.24540", "2015-12-31": "71.85070", "2015-09-30": "74.84950", "2015-06-30": "73.96300", "2015-03-31": "77.09160", "2014-12-31": "66.83930", "2014-09-30": "71.75130", "2014-06-30": "75.07810", "2014-03-31": "83.91610", "2013-12-31": "68.59810", "2013-09-30": "73.57250", "2013-06-30": "72.86390", "2013-03-31": "78.93120", "2012-12-31": "69.78230", "2012-09-30": "72.48190", "2012-06-30": "70.79830", "2012-03-31": "75.72010", "2011-12-31": "63.36090", "2011-09-30": "70.18190", "2011-06-30": "73.45350", "2011-03-31": "73.53960", "2010-12-31": "66.67250", "2010-09-30": "75.75490", "2010-06-30": "72.30610", "2010-03-31": "76.84410", "2009-12-31": "65.94930", "2009-09-30": "69.70880", "2009-06-30": "73.15750", "2009-03-31": "75.48690", "2008-12-31": "62.77010", "2008-09-30": "67.39250", "2008-06-30": "68.78910", "2008-03-31": "76.75520", "2007-12-31": "65.44870", "2007-09-30": "68.80200", "2007-06-30": "68.91460", "2007-03-31": "75.81310", "2006-12-31": "63.30380", "2006-09-30": "67.51450", "2006-06-30": "71.05580", "2006-03-31": "76.70680", "2005-12-31": "69.56030", "2005-09-30": "73.13140", "2005-06-30": "72.17110", "2005-03-31": "80.38260"}, "ROE - Return On Equity": {"2020-09-30": "-304.87750", "2020-06-30": "-64.11180", "2020-03-31": "-15.84680", "2019-12-31": "-92.78140", "2019-09-30": "119.59560", "2019-06-30": "25.96160", "2019-03-31": "11.26190", "2018-12-31": "11.81380", "2018-09-30": "7.51500", "2018-06-30": "7.88200", "2018-03-31": "5.29350", "2017-12-31": "-15.81050", "2017-09-30": "5.17680", "2017-06-30": "5.23390", "2017-03-31": "4.40770", "2016-12-31": "7.57520", "2016-09-30": "5.52670", "2016-06-30": "5.96540", "2016-03-31": "4.47510", "2015-12-31": "7.33680", "2015-09-30": "5.90690", "2015-06-30": "5.46710", "2015-03-31": "5.15840", "2014-12-31": "7.98520", "2014-09-30": "6.16220", "2014-06-30": "5.23620", "2014-03-31": "3.86410", "2013-12-31": "8.03000", "2013-09-30": "6.05750", "2013-06-30": "5.87550", "2013-03-31": "8.19910", "2012-12-31": "11.99050", "2012-09-30": "7.45250", "2012-06-30": "7.73940", "2012-03-31": "6.88650", "2011-12-31": "11.18130", "2011-09-30": "8.73600", "2011-06-30": "8.16580", "2011-03-31": "8.21080", "2010-12-31": "11.84550", "2010-09-30": "10.25920", "2010-06-30": "10.44620", "2010-03-31": "9.28830", "2009-12-31": "12.26490", "2009-09-30": "9.72720", "2009-06-30": "9.56650", "2009-03-31": "11.01780", "2008-12-31": "15.03060", "2008-09-30": "11.08430", "2008-06-30": "12.77990", "2008-03-31": "11.09870", "2007-12-31": "16.88230", "2007-09-30": "11.69330", "2007-06-30": "15.82050", "2007-03-31": "14.92420", "2006-12-31": "22.04550", "2006-09-30": "19.27000", "2006-06-30": "19.06870", "2006-03-31": "17.02080", "2005-12-31": "26.65360", "2005-09-30": "7.25170", "2005-06-30": "10.41310", "2005-03-31": "8.05320"}, "Return On Tangible Equity": {"2020-09-30": "-17.41750", "2020-06-30": "-14.15860", "2020-03-31": "-5.32860", "2019-12-31": "-24.69430", "2019-09-30": "-29.01660", "2019-06-30": "-330.16380", "2019-03-31": "29.64030", "2018-12-31": "19.19190", "2018-09-30": "11.14090", "2018-06-30": "11.12450", "2018-03-31": "7.36120", "2017-12-31": "-21.46190", "2017-09-30": "6.65330", "2017-06-30": "6.78650", "2017-03-31": "5.76820", "2016-12-31": "10.00550", "2016-09-30": "7.42720", "2016-06-30": "8.12030", "2016-03-31": "6.18180", "2015-12-31": "10.17910", "2015-09-30": "8.34390", "2015-06-30": "7.79130", "2015-03-31": "7.39440", "2014-12-31": "11.54900", "2014-09-30": "9.14040", "2014-06-30": "7.70790", "2014-03-31": "5.72660", "2013-12-31": "12.06280", "2013-09-30": "9.36050", "2013-06-30": "9.06330", "2013-03-31": "12.79200", "2012-12-31": "18.91100", "2012-09-30": "12.37720", "2012-06-30": "12.91110", "2012-03-31": "11.46910", "2011-12-31": "18.59580", "2011-09-30": "15.23850", "2011-06-30": "13.58900", "2011-03-31": "14.19080", "2010-12-31": "21.24860", "2010-09-30": "21.15890", "2010-06-30": "24.20690", "2010-03-31": "22.09740", "2009-12-31": "27.86220", "2009-09-30": "24.83420", "2009-06-30": "26.78120", "2009-03-31": "35.89510", "2008-12-31": "40.88790", "2008-09-30": "31.87970", "2008-06-30": "37.30080", "2008-03-31": "34.47610", "2007-12-31": "57.62850", "2007-09-30": "119.68850", "2007-06-30": "-275.45560", "2007-03-31": "-238.75100", "2006-12-31": "-231.71650", "2006-09-30": "-90.74800", "2006-06-30": "-78.60490", "2006-03-31": "-91.02050", "2005-12-31": "-668.89570", "2005-09-30": "55.46530", "2005-06-30": "25.68740", "2005-03-31": "17.43860"}, "ROA - Return On Assets": {"2020-09-30": "4.73140", "2020-06-30": "4.64180", "2020-03-31": "2.00870", "2019-12-31": "7.84770", "2019-09-30": "5.39320", "2019-06-30": "5.11560", "2019-03-31": "3.35370", "2018-12-31": "4.96730", "2018-09-30": "3.48780", "2018-06-30": "3.74430", "2018-03-31": "2.49360", "2017-12-31": "-6.63310", "2017-09-30": "2.63610", "2017-06-30": "2.63820", "2017-03-31": "2.19420", "2016-12-31": "3.74040", "2016-09-30": "2.72800", "2016-06-30": "2.88250", "2016-03-31": "2.15300", "2015-12-31": "3.53870", "2015-09-30": "2.82150", "2015-06-30": "2.62250", "2015-03-31": "2.48040", "2014-12-31": "3.90460", "2014-09-30": "3.02520", "2014-06-30": "2.58960", "2014-03-31": "1.92620", "2013-12-31": "3.95190", "2013-09-30": "2.86240", "2013-06-30": "2.71840", "2013-03-31": "3.77450", "2012-12-31": "5.55350", "2012-09-30": "3.30680", "2012-06-30": "3.38900", "2012-03-31": "3.12270", "2011-12-31": "5.03620", "2011-09-30": "3.83610", "2011-06-30": "3.89120", "2011-03-31": "3.86120", "2010-12-31": "5.43910", "2010-09-30": "4.29440", "2010-06-30": "4.17020", "2010-03-31": "3.81170", "2009-12-31": "5.45740", "2009-09-30": "4.02720", "2009-06-30": "3.87810", "2009-03-31": "4.38010", "2008-12-31": "6.12190", "2008-09-30": "3.39880", "2008-06-30": "4.02780", "2008-03-31": "3.46820", "2007-12-31": "5.26000", "2007-09-30": "2.98960", "2007-06-30": "3.59440", "2007-03-31": "3.43530", "2006-12-31": "4.93960", "2006-09-30": "3.35410", "2006-06-30": "3.25130", "2006-03-31": "3.06660", "2005-12-31": "5.29050", "2005-09-30": "1.89830", "2005-06-30": "3.62270", "2005-03-31": "3.14330"}, "ROI - Return On Investment": {"2020-09-30": "9.18780", "2020-06-30": "9.07620", "2020-03-31": "3.55190", "2019-12-31": "14.70620", "2019-09-30": "10.07460", "2019-06-30": "8.99950", "2019-03-31": "5.40600", "2018-12-31": "6.81850", "2018-09-30": "4.66240", "2018-06-30": "4.98480", "2018-03-31": "3.32940", "2017-12-31": "-8.54870", "2017-09-30": "3.12060", "2017-06-30": "3.13420", "2017-03-31": "2.61480", "2016-12-31": "4.35520", "2016-09-30": "3.18840", "2016-06-30": "3.39100", "2016-03-31": "2.54540", "2015-12-31": "4.25280", "2015-09-30": "3.39650", "2015-06-30": "3.18470", "2015-03-31": "3.02820", "2014-12-31": "4.83030", "2014-09-30": "3.72510", "2014-06-30": "3.21390", "2014-03-31": "2.40810", "2013-12-31": "4.79420", "2013-09-30": "3.52860", "2013-06-30": "3.36390", "2013-03-31": "4.69860", "2012-12-31": "7.00310", "2012-09-30": "4.88250", "2012-06-30": "4.97910", "2012-03-31": "4.46110", "2011-12-31": "7.11870", "2011-09-30": "5.44660", "2011-06-30": "5.19730", "2011-03-31": "6.09290", "2010-12-31": "7.15760", "2010-09-30": "5.83510", "2010-06-30": "5.61300", "2010-03-31": "4.99110", "2009-12-31": "7.71880", "2009-09-30": "5.92950", "2009-06-30": "5.68000", "2009-03-31": "6.29200", "2008-12-31": "8.55750", "2008-09-30": "5.52110", "2008-06-30": "6.39300", "2008-03-31": "5.40460", "2007-12-31": "9.11010", "2007-09-30": "5.57540", "2007-06-30": "6.81810", "2007-03-31": "6.39420", "2006-12-31": "9.26380", "2006-09-30": "6.61600", "2006-06-30": "6.36580", "2006-03-31": "5.81430", "2005-12-31": "9.64710", "2005-09-30": "4.25330", "2005-06-30": "7.02870", "2005-03-31": "5.62340"}, "Book Value Per Share": {"2020-09-30": "-0.67040", "2020-06-30": "-3.09680", "2020-03-31": "-5.46080", "2019-12-31": "-3.45570", "2019-09-30": "1.77370", "2019-06-30": "8.22600", "2019-03-31": "13.79810", "2018-12-31": "21.43550", "2018-09-30": "24.77790", "2018-06-30": "25.63990", "2018-03-31": "27.00360", "2017-12-31": "28.15570", "2017-09-30": "33.06120", "2017-06-30": "31.55750", "2017-03-31": "29.93480", "2016-12-31": "28.76610", "2016-09-30": "28.04260", "2016-06-30": "26.68770", "2016-03-31": "25.97270", "2015-12-31": "25.27070", "2015-09-30": "24.10850", "2015-06-30": "23.49380", "2015-03-31": "22.51780", "2014-12-31": "22.78690", "2014-09-30": "22.12610", "2014-06-30": "21.96170", "2014-03-31": "21.46040", "2013-12-31": "20.78750", "2013-09-30": "19.05820", "2013-06-30": "17.84230", "2013-03-31": "17.23700", "2012-12-31": "16.98530", "2012-09-30": "15.29900", "2012-06-30": "14.40380", "2012-03-31": "14.49350", "2011-12-31": "13.78240", "2011-09-30": "12.93850", "2011-06-30": "13.41300", "2011-03-31": "12.57260", "2010-12-31": "11.63660", "2010-09-30": "10.12240", "2010-06-30": "8.83430", "2010-03-31": "8.75690", "2009-12-31": "9.02000", "2009-09-30": "8.24640", "2009-06-30": "7.65360", "2009-03-31": "6.90880", "2008-12-31": "6.75250", "2008-09-30": "6.56380", "2008-06-30": "6.57630", "2008-03-31": "6.16470", "2007-12-31": "5.80420", "2007-09-30": "4.54760", "2007-06-30": "3.79410", "2007-03-31": "3.71760", "2006-12-31": "3.57480", "2006-09-30": "2.58040", "2006-06-30": "2.44740", "2006-03-31": "2.50200", "2005-12-31": "2.69260", "2005-09-30": "3.19910", "2005-06-30": "4.51800", "2005-03-31": "4.92940"}, "Operating Cash Flow Per Share": {"2020-09-30": 2.7593, "2020-06-30": 3.2143, "2020-03-31": "2.42130", "2019-12-31": 2.6765, "2019-09-30": 2.4003, "2019-06-30": 1.9299, "2019-03-31": "2.42740", "2018-12-31": 2.3049, "2018-09-30": 1.9567, "2018-06-30": 1.3199, "2018-03-31": "2.20590", "2017-12-31": 2.3779, "2017-09-30": 1.9277, "2017-06-30": 2.1927, "2017-03-31": "2.15690", "2016-12-31": 2.1339, "2016-09-30": 1.829, "2016-06-30": 1.9635, "2016-03-31": "1.97020", "2015-12-31": 1.9873, "2015-09-30": 1.7015, "2015-06-30": 1.3648, "2015-03-31": "1.84580", "2014-12-31": 1.8627, "2014-09-30": 1.5386, "2014-06-30": 1.2594, "2014-03-31": "1.34800", "2013-12-31": 1.6473, "2013-09-30": 1.2198, "2013-06-30": 1.2701, "2013-03-31": "1.46530", "2012-12-31": 1.4583, "2012-09-30": 1.1713, "2012-06-30": 1.1878, "2012-03-31": "1.23190", "2011-12-31": 1.6145, "2011-09-30": 1.4142, "2011-06-30": 1.0429, "2011-03-31": "1.31560", "2010-12-31": 1.3972, "2010-09-30": 1.192, "2010-06-30": 1.1954, "2010-03-31": "1.08330", "2009-12-31": 1.2262, "2009-09-30": 1.2997, "2009-06-30": 0.9682, "2009-03-31": "0.82400", "2008-12-31": 1.1163, "2008-09-30": 1.031, "2008-06-30": 1.0715, "2008-03-31": "0.94060", "2007-12-31": 0.9905, "2007-09-30": 0.7958, "2007-06-30": 1.027, "2007-03-31": "0.80120", "2006-12-31": 0.5263, "2006-09-30": 0.6213, "2006-06-30": 0.6405, "2006-03-31": "0.74060", "2005-12-31": 0.4915, "2005-09-30": 0.6942, "2005-06-30": 0.7206, "2005-03-31": "0.66450"}, "Free Cash Flow Per Share": {"2020-09-30": 2.3078, "2020-06-30": 2.4705, "2020-03-31": "1.60480", "2019-12-31": 1.9238, "2019-09-30": 1.6878, "2019-06-30": 1.3462, "2019-03-31": "2.07300", "2018-12-31": 1.9021, "2018-09-30": 1.1856, "2018-06-30": 1.0509, "2018-03-31": "2.00530", "2017-12-31": 2.0036, "2017-09-30": 1.6793, "2017-06-30": 1.9742, "2017-03-31": "1.93760", "2016-12-31": 1.8557, "2016-09-30": 1.6, "2016-06-30": 1.6541, "2016-03-31": "1.66950", "2015-12-31": 1.6561, "2015-09-30": 1.4345, "2015-06-30": 1.0769, "2015-03-31": "1.59020", "2014-12-31": 1.6455, "2014-09-30": 1.2224, "2014-06-30": 0.9902, "2014-03-31": "1.09880", "2013-12-31": 1.3534, "2013-09-30": 0.8529, "2013-06-30": 0.9136, "2013-03-31": "1.11400", "2012-12-31": 1.1069, "2012-09-30": 0.8704, "2012-06-30": 0.8349, "2012-03-31": "1.05980", "2011-12-31": 1.2469, "2011-09-30": 1.2346, "2011-06-30": 0.8452, "2011-03-31": "1.13510", "2010-12-31": 1.2369, "2010-09-30": 0.9104, "2010-06-30": 1.077, "2010-03-31": "0.97650", "2009-12-31": 1.091, "2009-09-30": 1.062, "2009-06-30": 0.5991, "2009-03-31": "0.59770", "2008-12-31": 0.9175, "2008-09-30": 0.8654, "2008-06-30": 0.8893, "2008-03-31": "0.80040", "2007-12-31": 0.8445, "2007-09-30": 0.6206, "2007-06-30": 0.8837, "2007-03-31": "0.67710", "2006-12-31": 0.4072, "2006-09-30": 0.4836, "2006-06-30": 0.4982, "2006-03-31": "0.64640", "2005-12-31": 0.3867, "2005-09-30": 0.5851, "2005-06-30": 0.599, "2005-03-31": "0.55970"}}, "revenue": {"Waters Annual Revenue (Millions of US $)": {"2020": "$2,365", "2019": "$2,407", "2018": "$2,420", "2017": "$2,309", "2016": "$2,167", "2015": "$2,042", "2014": "$1,989", "2013": "$1,904", "2012": "$1,844", "2011": "$1,851", "2010": "$1,643", "2009": "$1,499", "2008": "$1,575", "2007": "$1,473", "2006": "$1,280", "2005": "$1,158"}, "Waters Quarterly Revenue (Millions of US $)": {"2020-12-31": "$787", "2020-09-30": "$594", "2020-06-30": "$520", "2020-03-31": "$465", "2019-12-31": "$716", "2019-09-30": "$577", "2019-06-30": "$599", "2019-03-31": "$514", "2018-12-31": "$715", "2018-09-30": "$578", "2018-06-30": "$596", "2018-03-31": "$531", "2017-12-31": "$687", "2017-09-30": "$566", "2017-06-30": "$558", "2017-03-31": "$498", "2016-12-31": "$629", "2016-09-30": "$527", "2016-06-30": "$537", "2016-03-31": "$475", "2015-12-31": "$587", "2015-09-30": "$501", "2015-06-30": "$495", "2015-03-31": "$460", "2014-12-31": "$584", "2014-09-30": "$493", "2014-06-30": "$482", "2014-03-31": "$431", "2013-12-31": "$565", "2013-09-30": "$457", "2013-06-30": "$451", "2013-03-31": "$430", "2012-12-31": "$522", "2012-09-30": "$450", "2012-06-30": "$451", "2012-03-31": "$420", "2011-12-31": "$521", "2011-09-30": "$455", "2011-06-30": "$448", "2011-03-31": "$428", "2010-12-31": "$484", "2010-09-30": "$401", "2010-06-30": "$391", "2010-03-31": "$368", "2009-12-31": "$429", "2009-09-30": "$374", "2009-06-30": "$363", "2009-03-31": "$333", "2008-12-31": "$418", "2008-09-30": "$386", "2008-06-30": "$399", "2008-03-31": "$372", "2007-12-31": "$437", "2007-09-30": "$353", "2007-06-30": "$353", "2007-03-31": "$331", "2006-12-31": "$387", "2006-09-30": "$301", "2006-06-30": "$302", "2006-03-31": "$290", "2005-12-31": "$332", "2005-09-30": "$273", "2005-06-30": "$285", "2005-03-31": "$268"}}, "gross-profit": {"Waters Annual Gross Profit (Millions of US $)": {"2020": "$1,359", "2019": "$1,396", "2018": "$1,427", "2017": "$1,362", "2016": "$1,276", "2015": "$1,200", "2014": "$1,164", "2013": "$1,121", "2012": "$1,106", "2011": "$1,121", "2010": "$990", "2009": "$904", "2008": "$914", "2007": "$842", "2006": "$744", "2005": "$680"}, "Waters Quarterly Gross Profit (Millions of US $)": {"2020-12-31": "$466", "2020-09-30": "$331", "2020-06-30": "$307", "2020-03-31": "$254", "2019-12-31": "$417", "2019-09-30": "$336", "2019-06-30": "$350", "2019-03-31": "$293", "2018-12-31": "$428", "2018-09-30": "$337", "2018-06-30": "$353", "2018-03-31": "$309", "2017-12-31": "$417", "2017-09-30": "$330", "2017-06-30": "$329", "2017-03-31": "$287", "2016-12-31": "$377", "2016-09-30": "$308", "2016-06-30": "$316", "2016-03-31": "$274", "2015-12-31": "$349", "2015-09-30": "$294", "2015-06-30": "$286", "2015-03-31": "$271", "2014-12-31": "$351", "2014-09-30": "$291", "2014-06-30": "$280", "2014-03-31": "$243", "2013-12-31": "$336", "2013-09-30": "$266", "2013-06-30": "$263", "2013-03-31": "$256", "2012-12-31": "$313", "2012-09-30": "$267", "2012-06-30": "$272", "2012-03-31": "$253", "2011-12-31": "$317", "2011-09-30": "$274", "2011-06-30": "$272", "2011-03-31": "$258", "2010-12-31": "$294", "2010-09-30": "$238", "2010-06-30": "$236", "2010-03-31": "$222", "2009-12-31": "$259", "2009-09-30": "$221", "2009-06-30": "$219", "2009-03-31": "$206", "2008-12-31": "$246", "2008-09-30": "$228", "2008-06-30": "$224", "2008-03-31": "$216", "2007-12-31": "$255", "2007-09-30": "$199", "2007-06-30": "$200", "2007-03-31": "$188", "2006-12-31": "$225", "2006-09-30": "$174", "2006-06-30": "$176", "2006-03-31": "$170", "2005-12-31": "$198", "2005-09-30": "$158", "2005-06-30": "$168", "2005-03-31": "$157"}}, "operating-income": {"Waters Annual Operating Income (Millions of US $)": {"2020": "$645", "2019": "$708", "2018": "$740", "2017": "$662", "2016": "$625", "2015": "$567", "2014": "$518", "2013": "$517", "2012": "$511", "2011": "$529", "2010": "$450", "2009": "$395", "2008": "$390", "2007": "$349", "2006": "$295", "2005": "$283"}, "Waters Quarterly Operating Income (Millions of US $)": {"2020-12-31": "$264", "2020-09-30": "$158", "2020-06-30": "$155", "2020-03-31": "$68", "2019-12-31": "$236", "2019-09-30": "$173", "2019-06-30": "$178", "2019-03-31": "$121", "2018-12-31": "$245", "2018-09-30": "$172", "2018-06-30": "$179", "2018-03-31": "$144", "2017-12-31": "$231", "2017-09-30": "$159", "2017-06-30": "$154", "2017-03-31": "$119", "2016-12-31": "$209", "2016-09-30": "$152", "2016-06-30": "$152", "2016-03-31": "$113", "2015-12-31": "$181", "2015-09-30": "$136", "2015-06-30": "$130", "2015-03-31": "$120", "2014-12-31": "$172", "2014-09-30": "$139", "2014-06-30": "$118", "2014-03-31": "$89", "2013-12-31": "$176", "2013-09-30": "$119", "2013-06-30": "$113", "2013-03-31": "$109", "2012-12-31": "$159", "2012-09-30": "$122", "2012-06-30": "$120", "2012-03-31": "$110", "2011-12-31": "$165", "2011-09-30": "$127", "2011-06-30": "$121", "2011-03-31": "$116", "2010-12-31": "$148", "2010-09-30": "$104", "2010-06-30": "$106", "2010-03-31": "$92", "2009-12-31": "$126", "2009-09-30": "$96", "2009-06-30": "$87", "2009-03-31": "$85", "2008-12-31": "$116", "2008-09-30": "$98", "2008-06-30": "$87", "2008-03-31": "$88", "2007-12-31": "$130", "2007-09-30": "$69", "2007-06-30": "$77", "2007-03-31": "$73", "2006-12-31": "$107", "2006-09-30": "$66", "2006-06-30": "$63", "2006-03-31": "$59", "2005-12-31": "$96", "2005-09-30": "$63", "2005-06-30": "$67", "2005-03-31": "$58"}}, "ebitda": {"Waters Annual EBITDA (Millions of US $)": {"2019": "$814", "2018": "$848", "2017": "$768", "2016": "$721", "2015": "$657", "2014": "$612", "2013": "$597", "2012": "$580", "2011": "$595", "2010": "$512", "2009": "$452", "2008": "$455", "2007": "$402", "2006": "$341", "2005": "$327"}, "Waters Quarterly EBITDA (Millions of US $)": {"2020-09-30": "$189", "2020-06-30": "$186", "2020-03-31": "$97", "2019-12-31": "$261", "2019-09-30": "$200", "2019-06-30": "$207", "2019-03-31": "$146", "2018-12-31": "$270", "2018-09-30": "$199", "2018-06-30": "$206", "2018-03-31": "$173", "2017-12-31": "$258", "2017-09-30": "$185", "2017-06-30": "$183", "2017-03-31": "$142", "2016-12-31": "$233", "2016-09-30": "$176", "2016-06-30": "$176", "2016-03-31": "$136", "2015-12-31": "$204", "2015-09-30": "$158", "2015-06-30": "$153", "2015-03-31": "$143", "2014-12-31": "$196", "2014-09-30": "$168", "2014-06-30": "$139", "2014-03-31": "$109", "2013-12-31": "$198", "2013-09-30": "$140", "2013-06-30": "$132", "2013-03-31": "$128", "2012-12-31": "$177", "2012-09-30": "$142", "2012-06-30": "$136", "2012-03-31": "$125", "2011-12-31": "$181", "2011-09-30": "$144", "2011-06-30": "$138", "2011-03-31": "$132", "2010-12-31": "$165", "2010-09-30": "$119", "2010-06-30": "$121", "2010-03-31": "$107", "2009-12-31": "$141", "2009-09-30": "$110", "2009-06-30": "$101", "2009-03-31": "$100", "2008-12-31": "$129", "2008-09-30": "$112", "2008-06-30": "$112", "2008-03-31": "$102", "2007-12-31": "$144", "2007-09-30": "$83", "2007-06-30": "$90", "2007-03-31": "$86", "2006-12-31": "$118", "2006-09-30": "$79", "2006-06-30": "$75", "2006-03-31": "$70", "2005-12-31": "$106", "2005-09-30": "$74", "2005-06-30": "$78", "2005-03-31": "$69"}}, "net-income": {"Waters Annual Net Income (Millions of US $)": {"2020": "$522", "2019": "$592", "2018": "$594", "2017": "$20", "2016": "$522", "2015": "$469", "2014": "$432", "2013": "$450", "2012": "$461", "2011": "$433", "2010": "$382", "2009": "$323", "2008": "$322", "2007": "$268", "2006": "$222", "2005": "$202"}, "Waters Quarterly Net Income (Millions of US $)": {"2020-12-31": "$218", "2020-09-30": "$127", "2020-06-30": "$123", "2020-03-31": "$54", "2019-12-31": "$201", "2019-09-30": "$138", "2019-06-30": "$144", "2019-03-31": "$109", "2018-12-31": "$185", "2018-09-30": "$141", "2018-06-30": "$156", "2018-03-31": "$112", "2017-12-31": "$-353", "2017-09-30": "$136", "2017-06-30": "$132", "2017-03-31": "$106", "2016-12-31": "$174", "2016-09-30": "$125", "2016-06-30": "$128", "2016-03-31": "$94", "2015-12-31": "$151", "2015-09-30": "$116", "2015-06-30": "$106", "2015-03-31": "$96", "2014-12-31": "$151", "2014-09-30": "$113", "2014-06-30": "$97", "2014-03-31": "$70", "2013-12-31": "$142", "2013-09-30": "$98", "2013-06-30": "$89", "2013-03-31": "$121", "2012-12-31": "$176", "2012-09-30": "$99", "2012-06-30": "$98", "2012-03-31": "$89", "2011-12-31": "$137", "2011-09-30": "$101", "2011-06-30": "$100", "2011-03-31": "$94", "2010-12-31": "$127", "2010-09-30": "$95", "2010-06-30": "$85", "2010-03-31": "$76", "2009-12-31": "$104", "2009-09-30": "$76", "2009-06-30": "$70", "2009-03-31": "$73", "2008-12-31": "$99", "2008-09-30": "$72", "2008-06-30": "$83", "2008-03-31": "$68", "2007-12-31": "$99", "2007-09-30": "$53", "2007-06-30": "$60", "2007-03-31": "$56", "2006-12-31": "$80", "2006-09-30": "$50", "2006-06-30": "$48", "2006-03-31": "$44", "2005-12-31": "$76", "2005-09-30": "$26", "2005-06-30": "$54", "2005-03-31": "$47"}}, "eps-earnings-per-share-diluted": {"Waters Annual EPS": {"2020": "$8.36", "2019": "$8.69", "2018": "$7.65", "2017": "$0.25", "2016": "$6.41", "2015": "$5.65", "2014": "$5.07", "2013": "$5.20", "2012": "$5.19", "2011": "$4.69", "2010": "$4.06", "2009": "$3.34", "2008": "$3.21", "2007": "$2.62", "2006": "$2.13", "2005": "$1.74"}, "Waters Quarterly EPS": {"2020-12-31": "$3.49", "2020-09-30": "$2.03", "2020-06-30": "$1.98", "2020-03-31": "$0.86", "2019-12-31": "$3.03", "2019-09-30": "$2.07", "2019-06-30": "$2.08", "2019-03-31": "$1.51", "2018-12-31": "$2.44", "2018-09-30": "$1.83", "2018-06-30": "$1.98", "2018-03-31": "$1.40", "2017-12-31": "$-4.38", "2017-09-30": "$1.69", "2017-06-30": "$1.63", "2017-03-31": "$1.31", "2016-12-31": "$2.16", "2016-09-30": "$1.53", "2016-06-30": "$1.57", "2016-03-31": "$1.15", "2015-12-31": "$1.83", "2015-09-30": "$1.40", "2015-06-30": "$1.27", "2015-03-31": "$1.15", "2014-12-31": "$1.78", "2014-09-30": "$1.34", "2014-06-30": "$1.13", "2014-03-31": "$0.82", "2013-12-31": "$1.64", "2013-09-30": "$1.14", "2013-06-30": "$1.03", "2013-03-31": "$1.39", "2012-12-31": "$2.00", "2012-09-30": "$1.12", "2012-06-30": "$1.09", "2012-03-31": "$0.98", "2011-12-31": "$1.51", "2011-09-30": "$1.10", "2011-06-30": "$1.07", "2011-03-31": "$1.01", "2010-12-31": "$1.35", "2010-09-30": "$1.02", "2010-06-30": "$0.90", "2010-03-31": "$0.79", "2009-12-31": "$1.08", "2009-09-30": "$0.79", "2009-06-30": "$0.72", "2009-03-31": "$0.75", "2008-12-31": "$1.01", "2008-09-30": "$0.71", "2008-06-30": "$0.82", "2008-03-31": "$0.67", "2007-12-31": "$0.97", "2007-09-30": "$0.52", "2007-06-30": "$0.59", "2007-03-31": "$0.54", "2006-12-31": "$0.76", "2006-09-30": "$0.49", "2006-06-30": "$0.46", "2006-03-31": "$0.42", "2005-12-31": "$0.68", "2005-09-30": "$0.22", "2005-06-30": "$0.46", "2005-03-31": "$0.38"}}, "shares-outstanding": {"Waters Annual Shares Outstanding (Millions of Shares)": {"2020": "62", "2019": "68", "2018": "78", "2017": "81", "2016": "81", "2015": "83", "2014": "85", "2013": "87", "2012": "89", "2011": "92", "2010": "94", "2009": "97", "2008": "101", "2007": "103", "2006": "104", "2005": "116"}, "Waters Quarterly Shares Outstanding (Millions of Shares)": {"2020-12-31": "63", "2020-09-30": "62", "2020-06-30": "62", "2020-03-31": "63", "2019-12-31": "68", "2019-09-30": "67", "2019-06-30": "69", "2019-03-31": "72", "2018-12-31": "78", "2018-09-30": "77", "2018-06-30": "78", "2018-03-31": "80", "2017-12-31": "81", "2017-09-30": "81", "2017-06-30": "81", "2017-03-31": "81", "2016-12-31": "81", "2016-09-30": "81", "2016-06-30": "81", "2016-03-31": "82", "2015-12-31": "83", "2015-09-30": "83", "2015-06-30": "83", "2015-03-31": "84", "2014-12-31": "85", "2014-09-30": "84", "2014-06-30": "85", "2014-03-31": "86", "2013-12-31": "87", "2013-09-30": "86", "2013-06-30": "87", "2013-03-31": "87", "2012-12-31": "89", "2012-09-30": "88", "2012-06-30": "89", "2012-03-31": "90", "2011-12-31": "92", "2011-09-30": "92", "2011-06-30": "93", "2011-03-31": "93", "2010-12-31": "94", "2010-09-30": "93", "2010-06-30": "94", "2010-03-31": "95", "2009-12-31": "97", "2009-09-30": "97", "2009-06-30": "97", "2009-03-31": "98", "2008-12-31": "101", "2008-09-30": "101", "2008-06-30": "101", "2008-03-31": "102", "2007-12-31": "103", "2007-09-30": "102", "2007-06-30": "102", "2007-03-31": "103", "2006-12-31": "104", "2006-09-30": "103", "2006-06-30": "104", "2006-03-31": "106", "2005-12-31": "116", "2005-09-30": "115", "2005-06-30": "118", "2005-03-31": "121"}}, "total-assets": {"Waters Annual Total Assets (Millions of US $)": {"2019": "$2,557", "2018": "$3,727", "2017": "$5,324", "2016": "$4,662", "2015": "$4,269", "2014": "$3,875", "2013": "$3,583", "2012": "$3,168", "2011": "$2,723", "2010": "$2,328", "2009": "$1,908", "2008": "$1,623", "2007": "$1,881", "2006": "$1,617", "2005": "$1,429"}, "Waters Quarterly Total Assets (Millions of US $)": {"2020-09-30": "$2,679", "2020-06-30": "$2,648", "2020-03-31": "$2,667", "2019-12-31": "$2,557", "2019-09-30": "$2,561", "2019-06-30": "$2,823", "2019-03-31": "$3,250", "2018-12-31": "$3,727", "2018-09-30": "$4,043", "2018-06-30": "$4,158", "2018-03-31": "$4,489", "2017-12-31": "$5,324", "2017-09-30": "$5,163", "2017-06-30": "$4,997", "2017-03-31": "$4,811", "2016-12-31": "$4,662", "2016-09-30": "$4,577", "2016-06-30": "$4,448", "2016-03-31": "$4,368", "2015-12-31": "$4,269", "2015-09-30": "$4,121", "2015-06-30": "$4,029", "2015-03-31": "$3,873", "2014-12-31": "$3,875", "2014-09-30": "$3,752", "2014-06-30": "$3,728", "2014-03-31": "$3,650", "2013-12-31": "$3,583", "2013-09-30": "$3,425", "2013-06-30": "$3,286", "2013-03-31": "$3,207", "2012-12-31": "$3,168", "2012-09-30": "$2,997", "2012-06-30": "$2,884", "2012-03-31": "$2,839", "2011-12-31": "$2,723", "2011-09-30": "$2,640", "2011-06-30": "$2,572", "2011-03-31": "$2,447", "2010-12-31": "$2,328", "2010-09-30": "$2,206", "2010-06-30": "$2,036", "2010-03-31": "$1,981", "2009-12-31": "$1,908", "2009-09-30": "$1,886", "2009-06-30": "$1,803", "2009-03-31": "$1,675", "2008-12-31": "$1,623", "2008-09-30": "$2,104", "2008-06-30": "$2,064", "2008-03-31": "$1,974", "2007-12-31": "$1,881", "2007-09-30": "$1,782", "2007-06-30": "$1,667", "2007-03-31": "$1,628", "2006-12-31": "$1,617", "2006-09-30": "$1,502", "2006-06-30": "$1,470", "2006-03-31": "$1,440", "2005-12-31": "$1,429", "2005-09-30": "$1,355", "2005-06-30": "$1,492", "2005-03-31": "$1,482"}}, "cash-on-hand": {"Waters Annual Cash on Hand (Millions of US $)": {"2019": "$337", "2018": "$1,735", "2017": "$3,394", "2016": "$2,813", "2015": "$2,399", "2014": "$2,055", "2013": "$1,804", "2012": "$1,539", "2011": "$1,281", "2010": "$946", "2009": "$630", "2008": "$429", "2007": "$693", "2006": "$514", "2005": "$494"}, "Waters Quarterly Cash on Hand (Millions of US $)": {"2020-09-30": "$397", "2020-06-30": "$356", "2020-03-31": "$394", "2019-12-31": "$337", "2019-09-30": "$405", "2019-06-30": "$676", "2019-03-31": "$1,167", "2018-12-31": "$1,735", "2018-09-30": "$2,084", "2018-06-30": "$2,248", "2018-03-31": "$2,552", "2017-12-31": "$3,394", "2017-09-30": "$3,255", "2017-06-30": "$3,126", "2017-03-31": "$2,966", "2016-12-31": "$2,813", "2016-09-30": "$2,713", "2016-06-30": "$2,600", "2016-03-31": "$2,505", "2015-12-31": "$2,399", "2015-09-30": "$2,311", "2015-06-30": "$2,209", "2015-03-31": "$2,109", "2014-12-31": "$2,055", "2014-09-30": "$1,946", "2014-06-30": "$1,918", "2014-03-31": "$1,853", "2013-12-31": "$1,804", "2013-09-30": "$1,699", "2013-06-30": "$1,650", "2013-03-31": "$1,590", "2012-12-31": "$1,539", "2012-09-30": "$1,448", "2012-06-30": "$1,392", "2012-03-31": "$1,354", "2011-12-31": "$1,281", "2011-09-30": "$1,194", "2011-06-30": "$1,122", "2011-03-31": "$1,039", "2010-12-31": "$946", "2010-09-30": "$837", "2010-06-30": "$754", "2010-03-31": "$692", "2009-12-31": "$630", "2009-09-30": "$578", "2009-06-30": "$506", "2009-03-31": "$431", "2008-12-31": "$429", "2008-09-30": "$893", "2008-06-30": "$831", "2008-03-31": "$759", "2007-12-31": "$693", "2007-09-30": "$626", "2007-06-30": "$544", "2007-03-31": "$504", "2006-12-31": "$514", "2006-09-30": "$512", "2006-06-30": "$490", "2006-03-31": "$481", "2005-12-31": "$494", "2005-09-30": "$489", "2005-06-30": "$615", "2005-03-31": "$587"}}, "long-term-debt": {"Waters Annual Long Term Debt (Millions of US $)": {"2019": "$1,581", "2018": "$1,148", "2017": "$1,898", "2016": "$1,702", "2015": "$1,493", "2014": "$1,237", "2013": "$1,190", "2012": "$1,045", "2011": "$700", "2010": "$700", "2009": "$500", "2008": "$500", "2007": "$500", "2006": "$500", "2005": "$500"}, "Waters Quarterly Long Term Debt (Millions of US $)": {"2020-09-30": "$1,421", "2020-06-30": "$1,546", "2020-03-31": "$1,846", "2019-12-31": "$1,581", "2019-09-30": "$1,256", "2019-06-30": "$1,048", "2019-03-31": "$1,048", "2018-12-31": "$1,148", "2018-09-30": "$1,148", "2018-06-30": "$1,148", "2018-03-31": "$1,248", "2017-12-31": "$1,898", "2017-09-30": "$1,732", "2017-06-30": "$1,687", "2017-03-31": "$1,642", "2016-12-31": "$1,702", "2016-09-30": "$1,657", "2016-06-30": "$1,632", "2016-03-31": "$1,593", "2015-12-31": "$1,493", "2015-09-30": "$1,455", "2015-06-30": "$1,385", "2015-03-31": "$1,310", "2014-12-31": "$1,237", "2014-09-30": "$1,205", "2014-06-30": "$1,160", "2014-03-31": "$1,100", "2013-12-31": "$1,190", "2013-09-30": "$1,160", "2013-06-30": "$1,135", "2013-03-31": "$1,100", "2012-12-31": "$1,045", "2012-09-30": "$700", "2012-06-30": "$700", "2012-03-31": "$700", "2011-12-31": "$700", "2011-09-30": "$700", "2011-06-30": "$700", "2011-03-31": "$400", "2010-12-31": "$700", "2010-09-30": "$700", "2010-06-30": "$700", "2010-03-31": "$700", "2009-12-31": "$500", "2009-09-30": "$500", "2009-06-30": "$500", "2009-03-31": "$500", "2008-12-31": "$500", "2008-09-30": "$650", "2008-06-30": "$650", "2008-03-31": "$650", "2007-12-31": "$500", "2007-09-30": "$500", "2007-06-30": "$500", "2007-03-31": "$500", "2006-12-31": "$500", "2006-09-30": "$500", "2006-06-30": "$500", "2006-03-31": "$500", "2005-12-31": "$500", "2005-09-30": "$250", "2005-06-30": "$250", "2005-03-31": "$250"}}, "total-liabilities": {"Waters Annual Total Liabilities (Millions of US $)": {"2019": "$2,773", "2018": "$2,160", "2017": "$3,091", "2016": "$2,360", "2015": "$2,210", "2014": "$1,980", "2013": "$1,819", "2012": "$1,701", "2011": "$1,497", "2010": "$1,259", "2009": "$1,059", "2008": "$962", "2007": "$1,295", "2006": "$1,255", "2005": "$1,145"}, "Waters Quarterly Total Liabilities (Millions of US $)": {"2020-09-30": "$2,721", "2020-06-30": "$2,840", "2020-03-31": "$3,005", "2019-12-31": "$2,773", "2019-09-30": "$2,446", "2019-06-30": "$2,267", "2019-03-31": "$2,282", "2018-12-31": "$2,160", "2018-09-30": "$2,167", "2018-06-30": "$2,183", "2018-03-31": "$2,375", "2017-12-31": "$3,091", "2017-09-30": "$2,534", "2017-06-30": "$2,478", "2017-03-31": "$2,416", "2016-12-31": "$2,360", "2016-09-30": "$2,318", "2016-06-30": "$2,299", "2016-03-31": "$2,267", "2015-12-31": "$2,210", "2015-09-30": "$2,153", "2015-06-30": "$2,096", "2015-03-31": "$2,010", "2014-12-31": "$1,980", "2014-09-30": "$1,910", "2014-06-30": "$1,884", "2014-03-31": "$1,830", "2013-12-31": "$1,819", "2013-09-30": "$1,807", "2013-06-30": "$1,765", "2013-03-31": "$1,731", "2012-12-31": "$1,701", "2012-09-30": "$1,667", "2012-06-30": "$1,621", "2012-03-31": "$1,552", "2011-12-31": "$1,497", "2011-09-30": "$1,481", "2011-06-30": "$1,346", "2011-03-31": "$1,296", "2010-12-31": "$1,259", "2010-09-30": "$1,282", "2010-06-30": "$1,223", "2010-03-31": "$1,168", "2009-12-31": "$1,059", "2009-09-30": "$1,105", "2009-06-30": "$1,072", "2009-03-31": "$1,009", "2008-12-31": "$962", "2008-09-30": "$1,459", "2008-06-30": "$1,414", "2008-03-31": "$1,357", "2007-12-31": "$1,295", "2007-09-30": "$1,327", "2007-06-30": "$1,288", "2007-03-31": "$1,253", "2006-12-31": "$1,255", "2006-09-30": "$1,240", "2006-06-30": "$1,219", "2006-03-31": "$1,180", "2005-12-31": "$1,145", "2005-09-30": "$1,000", "2005-06-30": "$973", "2005-03-31": "$904"}}, "total-share-holder-equity": {"Waters Annual Share Holder Equity (Millions of US $)": {"2019": "$-216", "2018": "$1,567", "2017": "$2,234", "2016": "$2,302", "2015": "$2,059", "2014": "$1,895", "2013": "$1,763", "2012": "$1,467", "2011": "$1,227", "2010": "$1,069", "2009": "$849", "2008": "$661", "2007": "$586", "2006": "$362", "2005": "$284"}, "Waters Quarterly Share Holder Equity (Millions of US $)": {"2020-09-30": "$-42", "2020-06-30": "$-192", "2020-03-31": "$-338", "2019-12-31": "$-216", "2019-09-30": "$116", "2019-06-30": "$556", "2019-03-31": "$968", "2018-12-31": "$1,567", "2018-09-30": "$1,876", "2018-06-30": "$1,975", "2018-03-31": "$2,115", "2017-12-31": "$2,234", "2017-09-30": "$2,629", "2017-06-30": "$2,519", "2017-03-31": "$2,395", "2016-12-31": "$2,302", "2016-09-30": "$2,259", "2016-06-30": "$2,149", "2016-03-31": "$2,102", "2015-12-31": "$2,059", "2015-09-30": "$1,969", "2015-06-30": "$1,933", "2015-03-31": "$1,862", "2014-12-31": "$1,895", "2014-09-30": "$1,842", "2014-06-30": "$1,843", "2014-03-31": "$1,819", "2013-12-31": "$1,763", "2013-09-30": "$1,619", "2013-06-30": "$1,520", "2013-03-31": "$1,477", "2012-12-31": "$1,467", "2012-09-30": "$1,330", "2012-06-30": "$1,263", "2012-03-31": "$1,288", "2011-12-31": "$1,227", "2011-09-30": "$1,159", "2011-06-30": "$1,226", "2011-03-31": "$1,151", "2010-12-31": "$1,069", "2010-09-30": "$923", "2010-06-30": "$813", "2010-03-31": "$813", "2009-12-31": "$849", "2009-09-30": "$781", "2009-06-30": "$731", "2009-03-31": "$666", "2008-12-31": "$661", "2008-09-30": "$645", "2008-06-30": "$651", "2008-03-31": "$617", "2007-12-31": "$586", "2007-09-30": "$456", "2007-06-30": "$379", "2007-03-31": "$375", "2006-12-31": "$362", "2006-09-30": "$261", "2006-06-30": "$251", "2006-03-31": "$259", "2005-12-31": "$284", "2005-09-30": "$355", "2005-06-30": "$519", "2005-03-31": "$579"}}, "profit-margins": {"current": "22.05%"}, "gross margin": {"2020-12-31": "57.40%", "2020-09-30": "57.04%", "2020-06-30": "57.68%", "2020-03-31": "57.57%", "2019-12-31": "58.02%", "2019-09-30": "58.50%", "2019-06-30": "58.52%", "2019-03-31": "58.72%", "2018-12-31": "58.97%", "2018-09-30": "59.20%", "2018-06-30": "59.20%", "2018-03-31": "59.14%", "2017-12-31": "59.03%", "2017-09-30": "58.77%", "2017-06-30": "58.82%", "2017-03-31": "58.79%", "2016-12-31": "58.81%", "2016-09-30": "58.65%", "2016-06-30": "58.71%", "2016-03-31": "58.45%", "2015-12-31": "58.74%", "2015-09-30": "58.92%", "2015-06-30": "59.01%", "2015-03-31": "59.09%", "2014-12-31": "58.54%", "2014-09-30": "58.35%", "2014-06-30": "58.14%", "2014-03-31": "58.19%", "2013-12-31": "58.91%", "2013-09-30": "59.03%", "2013-06-30": "59.31%", "2013-03-31": "59.79%", "2012-12-31": "59.96%", "2012-09-30": "60.21%", "2012-06-30": "60.42%", "2012-03-31": "60.52%", "2011-12-31": "60.53%", "2011-09-30": "60.50%", "2011-06-30": "60.31%", "2011-03-31": "60.21%", "2010-12-31": "60.22%", "2010-09-30": "60.10%", "2010-06-30": "60.05%", "2010-03-31": "60.04%", "2009-12-31": "60.37%", "2009-09-30": "59.95%", "2009-06-30": "59.93%", "2009-03-31": "58.85%", "2008-12-31": "58.03%", "2008-09-30": "57.90%", "2008-06-30": "57.27%", "2008-03-31": "57.43%", "2007-12-31": "57.12%", "2007-09-30": "57.02%", "2007-06-30": "57.36%", "2007-03-31": "57.76%", "2006-12-31": "58.20%", "2006-09-30": "58.61%", "2006-06-30": "58.65%", "2006-03-31": "58.81%", "2005-12-31": "58.81%"}, "operating margin": {"2020-12-31": "27.26%", "2020-09-30": "26.88%", "2020-06-30": "27.74%", "2020-03-31": "27.79%", "2019-12-31": "29.43%", "2019-09-30": "29.81%", "2019-06-30": "29.76%", "2019-03-31": "29.84%", "2018-12-31": "30.58%", "2018-09-30": "30.35%", "2018-06-30": "29.96%", "2018-03-31": "29.38%", "2017-12-31": "28.71%", "2017-09-30": "28.48%", "2017-06-30": "28.66%", "2017-03-31": "28.85%", "2016-12-31": "28.87%", "2016-09-30": "28.13%", "2016-06-30": "27.71%", "2016-03-31": "27.21%", "2015-12-31": "27.75%", "2015-09-30": "27.35%", "2015-06-30": "27.61%", "2015-03-31": "27.19%", "2014-12-31": "26.03%", "2014-09-30": "26.48%", "2014-06-30": "25.94%", "2014-03-31": "26.10%", "2013-12-31": "27.17%", "2013-09-30": "26.88%", "2013-06-30": "27.15%", "2013-03-31": "27.52%", "2012-12-31": "27.73%", "2012-09-30": "28.07%", "2012-06-30": "28.26%", "2012-03-31": "28.36%", "2011-12-31": "28.56%", "2011-09-30": "28.21%", "2011-06-30": "27.77%", "2011-03-31": "27.82%", "2010-12-31": "27.37%", "2010-09-30": "26.94%", "2010-06-30": "26.89%", "2010-03-31": "26.14%", "2009-12-31": "26.28%", "2009-09-30": "25.81%", "2009-06-30": "25.73%", "2009-03-31": "25.13%", "2008-12-31": "24.70%", "2008-09-30": "25.28%", "2008-06-30": "23.96%", "2008-03-31": "24.03%", "2007-12-31": "23.68%", "2007-09-30": "22.89%", "2007-06-30": "23.54%", "2007-03-31": "23.39%", "2006-12-31": "23.05%", "2006-09-30": "23.18%", "2006-06-30": "23.48%", "2006-03-31": "24.15%", "2005-12-31": "24.53%"}, "ebitda margin": {"2020-09-30": "31.94%", "2020-06-30": "32.66%", "2020-03-31": "32.46%", "2019-12-31": "33.83%", "2019-09-30": "34.22%", "2019-06-30": "34.16%", "2019-03-31": "34.17%", "2018-12-31": "35.04%", "2018-09-30": "34.95%", "2018-06-30": "34.54%", "2018-03-31": "34.12%", "2017-12-31": "33.26%", "2017-09-30": "33.01%", "2017-06-30": "33.18%", "2017-03-31": "33.18%", "2016-12-31": "33.26%", "2016-09-30": "32.55%", "2016-06-30": "32.10%", "2016-03-31": "31.63%", "2015-12-31": "32.21%", "2015-09-30": "31.86%", "2015-06-30": "32.48%", "2015-03-31": "32.00%", "2014-12-31": "30.75%", "2014-09-30": "31.15%", "2014-06-30": "30.28%", "2014-03-31": "30.41%", "2013-12-31": "31.42%", "2013-09-30": "31.02%", "2013-06-30": "31.25%", "2013-03-31": "31.46%", "2012-12-31": "31.47%", "2012-09-30": "31.70%", "2012-06-30": "31.73%", "2012-03-31": "31.89%", "2011-12-31": "32.13%", "2011-09-30": "31.90%", "2011-06-30": "31.46%", "2011-03-31": "31.51%", "2010-12-31": "31.14%", "2010-09-30": "30.71%", "2010-06-30": "30.67%", "2010-03-31": "29.92%", "2009-12-31": "30.15%", "2009-09-30": "29.57%", "2009-06-30": "29.47%", "2009-03-31": "29.49%", "2008-12-31": "28.89%", "2008-09-30": "29.49%", "2008-06-30": "28.25%", "2008-03-31": "27.66%", "2007-12-31": "27.34%", "2007-09-30": "26.47%", "2007-06-30": "27.19%", "2007-03-31": "27.10%", "2006-12-31": "26.72%", "2006-09-30": "26.94%", "2006-06-30": "27.15%", "2006-03-31": "27.80%", "2005-12-31": "28.24%"}, "pre tax profit margin": {"2020-12-31": "25.78%", "2020-09-30": "25.14%", "2020-06-30": "25.99%", "2020-03-31": "26.26%", "2019-12-31": "28.18%", "2019-09-30": "27.11%", "2019-06-30": "27.27%", "2019-03-31": "27.42%", "2018-12-31": "28.22%", "2018-09-30": "29.72%", "2018-06-30": "29.24%", "2018-03-31": "28.57%", "2017-12-31": "27.76%", "2017-09-30": "27.45%", "2017-06-30": "27.53%", "2017-03-31": "27.66%", "2016-12-31": "27.68%", "2016-09-30": "26.90%", "2016-06-30": "26.52%", "2016-03-31": "26.04%", "2015-12-31": "26.53%", "2015-09-30": "26.03%", "2015-06-30": "26.18%", "2015-03-31": "25.76%", "2014-12-31": "24.62%", "2014-09-30": "25.11%", "2014-06-30": "24.65%", "2014-03-31": "24.68%", "2013-12-31": "25.75%", "2013-09-30": "25.48%", "2013-06-30": "25.74%", "2013-03-31": "26.23%", "2012-12-31": "26.42%", "2012-09-30": "26.76%", "2012-06-30": "27.02%", "2012-03-31": "27.17%", "2011-12-31": "27.54%", "2011-09-30": "27.33%", "2011-06-30": "26.97%", "2011-03-31": "27.05%", "2010-12-31": "26.64%", "2010-09-30": "26.31%", "2010-06-30": "26.31%", "2010-03-31": "25.68%", "2009-12-31": "25.82%", "2009-09-30": "25.13%", "2009-06-30": "24.87%", "2009-03-31": "24.09%", "2008-12-31": "23.56%", "2008-09-30": "24.03%", "2008-06-30": "22.61%", "2008-03-31": "22.57%", "2007-12-31": "21.98%", "2007-09-30": "20.65%", "2007-06-30": "21.14%", "2007-03-31": "20.89%", "2006-12-31": "20.55%", "2006-09-30": "21.06%", "2006-06-30": "21.72%", "2006-03-31": "22.80%", "2005-12-31": "23.66%"}, "net profit margin": {"2020-12-31": "22.06%", "2020-09-30": "22.00%", "2020-06-30": "22.65%", "2020-03-31": "22.78%", "2019-12-31": "24.61%", "2019-09-30": "23.95%", "2019-06-30": "24.06%", "2019-03-31": "24.59%", "2018-12-31": "24.55%", "2018-09-30": "2.34%", "2018-06-30": "2.14%", "2018-03-31": "1.15%", "2017-12-31": "0.91%", "2017-09-30": "24.34%", "2017-06-30": "24.28%", "2017-03-31": "24.33%", "2016-12-31": "24.03%", "2016-09-30": "23.42%", "2016-06-30": "23.29%", "2016-03-31": "22.69%", "2015-12-31": "22.96%", "2015-09-30": "22.99%", "2015-06-30": "22.93%", "2015-03-31": "22.63%", "2014-12-31": "21.66%", "2014-09-30": "21.41%", "2014-06-30": "21.03%", "2014-03-31": "20.96%", "2013-12-31": "23.65%", "2013-09-30": "26.02%", "2013-06-30": "26.17%", "2013-03-31": "26.66%", "2012-12-31": "25.07%", "2012-09-30": "22.96%", "2012-06-30": "23.01%", "2012-03-31": "23.16%", "2011-12-31": "23.33%", "2011-09-30": "23.25%", "2011-06-30": "23.62%", "2011-03-31": "23.53%", "2010-12-31": "23.30%", "2010-09-30": "22.66%", "2010-06-30": "21.83%", "2010-03-31": "21.25%", "2009-12-31": "21.55%", "2009-09-30": "21.37%", "2009-06-30": "20.93%", "2009-03-31": "21.29%", "2008-12-31": "20.44%", "2008-09-30": "20.20%", "2008-06-30": "19.41%", "2008-03-31": "18.48%", "2007-12-31": "18.18%", "2007-09-30": "17.49%", "2007-06-30": "17.93%", "2007-03-31": "17.71%", "2006-12-31": "17.34%", "2006-09-30": "17.80%", "2006-06-30": "16.21%", "2006-03-31": "16.95%", "2005-12-31": "17.53%"}, "pe ratio": {"current": "31.20", "2021-02-11": "58.08", "2020-12-31": "50.80", "2020-09-30": "24.49", "2020-06-30": "22.47", "2020-03-31": "22.39", "2019-12-31": "26.61", "2019-09-30": "27.49", "2019-06-30": "27.31", "2019-03-31": "32.35", "2018-12-31": "24.60", "2018-09-30": "252.83", "2018-06-30": "307.29", "2018-03-31": "709.46", "2017-12-31": "1016.79", "2017-09-30": "26.48", "2017-06-30": "27.77", "2017-03-31": "23.83", "2016-12-31": "21.00", "2016-09-30": "26.07", "2016-06-30": "23.64", "2016-03-31": "23.35", "2015-12-31": "23.82", "2015-09-30": "21.03", "2015-06-30": "23.09", "2015-03-31": "22.94", "2014-12-31": "22.15", "2014-09-30": "20.06", "2014-06-30": "22.03", "2014-03-31": "23.36", "2013-12-31": "19.19", "2013-09-30": "19.10", "2013-06-30": "18.06", "2013-03-31": "16.77", "2012-12-31": "16.79", "2012-09-30": "17.73", "2012-06-30": "16.98", "2012-03-31": "19.88", "2011-12-31": "15.79", "2011-09-30": "16.63", "2011-06-30": "21.47", "2011-03-31": "20.26", "2010-12-31": "19.09", "2010-09-30": "18.68", "2010-06-30": "18.17", "2010-03-31": "19.98", "2009-12-31": "18.55", "2009-09-30": "17.08", "2009-06-30": "16.13", "2009-03-31": "11.23", "2008-12-31": "11.42", "2008-09-30": "18.41", "2008-06-30": "21.72", "2008-03-31": "20.33", "2007-12-31": "30.30", "2007-09-30": "27.54", "2007-06-30": "24.73", "2007-03-31": "25.55", "2006-12-31": "22.78"}, "price sales": {"2021-02-11": "7.46", "2020-12-31": "6.53", "2020-09-30": "5.46", "2020-06-30": "5.16", "2020-03-31": "5.17", "2019-12-31": "6.70", "2019-09-30": "6.65", "2019-06-30": "6.64", "2019-03-31": "8.02", "2018-12-31": "6.09", "2018-09-30": "6.43", "2018-06-30": "6.49", "2018-03-31": "6.82", "2017-12-31": "6.75", "2017-09-30": "6.45", "2017-06-30": "6.74", "2017-03-31": "5.80", "2016-12-31": "5.06", "2016-09-30": "6.12", "2016-06-30": "5.52", "2016-03-31": "5.31", "2015-12-31": "5.48", "2015-09-30": "4.86", "2015-06-30": "5.32", "2015-03-31": "5.21", "2014-12-31": "4.82", "2014-09-30": "4.30", "2014-06-30": "4.64", "2014-03-31": "4.92", "2013-12-31": "4.55", "2013-09-30": "4.99", "2013-06-30": "4.74", "2013-03-31": "4.49", "2012-12-31": "4.22", "2012-09-30": "4.08", "2012-06-30": "3.92", "2012-03-31": "4.62", "2011-12-31": "3.71", "2011-09-30": "3.88", "2011-06-30": "5.09", "2011-03-31": "4.78", "2010-12-31": "4.45", "2010-09-30": "4.23", "2010-06-30": "3.97", "2010-03-31": "4.25", "2009-12-31": "4.01", "2009-09-30": "3.68", "2009-06-30": "3.40", "2009-03-31": "2.41", "2008-12-31": "2.35", "2008-09-30": "3.71", "2008-06-30": "4.21", "2008-03-31": "3.76", "2007-12-31": "5.50", "2007-09-30": "4.84", "2007-06-30": "4.47", "2007-03-31": "4.56", "2006-12-31": "3.99"}, "price book": {"current": "75.56", "2021-02-11": "0.00", "2020-09-30": "-291.89", "2020-06-30": "-58.25", "2020-03-31": "-33.34", "2019-12-31": "-67.61", "2019-09-30": "125.86", "2019-06-30": "26.17", "2019-03-31": "18.24", "2018-12-31": "8.80", "2018-09-30": "7.86", "2018-06-30": "7.55", "2018-03-31": "7.36", "2017-12-31": "6.86", "2017-09-30": "5.43", "2017-06-30": "5.83", "2017-03-31": "5.22", "2016-12-31": "4.67", "2016-09-30": "5.65", "2016-06-30": "5.27", "2016-03-31": "5.08", "2015-12-31": "5.33", "2015-09-30": "4.90", "2015-06-30": "5.46", "2015-03-31": "5.52", "2014-12-31": "4.95", "2014-09-30": "4.48", "2014-06-30": "4.76", "2014-03-31": "5.05", "2013-12-31": "4.81", "2013-09-30": "5.57", "2013-06-30": "5.61", "2013-03-31": "5.45", "2012-12-31": "5.13", "2012-09-30": "5.45", "2012-06-30": "5.52", "2012-03-31": "6.39", "2011-12-31": "5.37", "2011-09-30": "5.83", "2011-06-30": "7.14", "2011-03-31": "6.91", "2010-12-31": "6.68", "2010-09-30": "6.99", "2010-06-30": "7.32", "2010-03-31": "7.71", "2009-12-31": "6.87", "2009-09-30": "6.77", "2009-06-30": "6.72", "2009-03-31": "5.35", "2008-12-31": "5.43", "2008-09-30": "8.86", "2008-06-30": "9.81", "2008-03-31": "9.04", "2007-12-31": "13.62", "2007-09-30": "14.72", "2007-06-30": "15.65", "2007-03-31": "15.60", "2006-12-31": "13.70", "2006-09-30": "17.55", "2006-06-30": "18.14", "2006-03-31": "17.25"}, "price fcf": {"2021-02-11": "", "2020-09-30": "$8.31", "2020-06-30": "$7.69", "2020-03-31": "$6.56", "2019-12-31": "$7.03", "2019-09-30": "$7.01", "2019-06-30": "$6.51", "2019-03-31": "$6.21", "2018-12-31": "$6.14", "2018-09-30": "$6.25", "2018-06-30": "$6.74", "2018-03-31": "$7.66", "2017-12-31": "$7.59", "2017-09-30": "$7.45", "2017-06-30": "$7.37", "2017-03-31": "$7.05", "2016-12-31": "$6.78", "2016-09-30": "$6.58", "2016-06-30": "$6.41", "2016-03-31": "$5.84", "2015-12-31": "$5.76", "2015-09-30": "$5.75", "2015-06-30": "$5.54", "2015-03-31": "$5.45", "2014-12-31": "$4.96", "2014-09-30": "$4.66", "2014-06-30": "$4.30", "2014-03-31": "$4.22", "2013-12-31": "$4.23", "2013-09-30": "$3.99", "2013-06-30": "$4.00", "2013-03-31": "$3.93", "2012-12-31": "$3.87", "2012-09-30": "$4.01", "2012-06-30": "$4.38", "2012-03-31": "$4.39", "2011-12-31": "$4.46", "2011-09-30": "$4.45", "2011-06-30": "$4.13", "2011-03-31": "$4.36", "2010-12-31": "$4.20", "2010-09-30": "$4.05", "2010-06-30": "$4.21", "2010-03-31": "$3.73", "2009-12-31": "$3.35", "2009-09-30": "$3.18", "2009-06-30": "$2.98", "2009-03-31": "$3.27", "2008-12-31": "$3.47", "2008-09-30": "$3.40", "2008-06-30": "$3.15", "2008-03-31": "$3.15", "2007-12-31": "$3.03", "2007-09-30": "$2.59", "2007-06-30": "$2.45", "2007-03-31": "$2.07", "2006-12-31": "$2.04"}, "net worth": {"value": "$17.54B"}, "current ratio": {"2020-12-31": "0.97", "2020-09-30": "1.79", "2020-06-30": "1.82", "2020-03-31": "2.41", "2019-12-31": "2.22", "2019-09-30": "2.25", "2019-06-30": "2.65", "2019-03-31": "3.44", "2018-12-31": "5.93", "2018-09-30": "6.63", "2018-06-30": "6.58", "2018-03-31": "6.44", "2017-12-31": "7.05", "2017-09-30": "6.16", "2017-06-30": "6.04", "2017-03-31": "5.98", "2016-12-31": "6.99", "2016-09-30": "6.80", "2016-06-30": "6.52", "2016-03-31": "6.32", "2015-12-31": "5.70", "2015-09-30": "5.77", "2015-06-30": "5.50", "2015-03-31": "5.34", "2014-12-31": "4.85", "2014-09-30": "4.70", "2014-06-30": "4.51", "2014-03-31": "4.46", "2013-12-31": "5.24", "2013-09-30": "4.93", "2013-06-30": "4.94", "2013-03-31": "4.80", "2012-12-31": "4.48", "2012-09-30": "2.79", "2012-06-30": "2.86", "2012-03-31": "3.12", "2011-12-31": "3.23", "2011-09-30": "3.08", "2011-06-30": "3.85", "2011-03-31": "2.35", "2010-12-31": "4.11", "2010-09-30": "3.45", "2010-06-30": "3.62", "2010-03-31": "4.09", "2009-12-31": "2.97", "2009-09-30": "2.60", "2009-06-30": "2.65", "2009-03-31": "2.80", "2008-12-31": "3.30", "2008-09-30": "2.15", "2008-06-30": "2.24", "2008-03-31": "2.35", "2007-12-31": "1.88", "2007-09-30": "1.64", "2007-06-30": "1.61", "2007-03-31": "1.64", "2006-12-31": "1.46", "2006-09-30": "1.37", "2006-06-30": "1.37", "2006-03-31": "1.43", "2005-12-31": "1.51", "2005-09-30": "1.23", "2005-06-30": "1.48", "2005-03-31": "1.63"}, "quick ratio": {"2020-12-31": "0.75", "2020-09-30": "1.34", "2020-06-30": "1.33", "2020-03-31": "1.79", "2019-12-31": "1.68", "2019-09-30": "1.63", "2019-06-30": "2.07", "2019-03-31": "2.89", "2018-12-31": "5.28", "2018-09-30": "5.93", "2018-06-30": "5.95", "2018-03-31": "5.87", "2017-12-31": "6.60", "2017-09-30": "5.71", "2017-06-30": "5.60", "2017-03-31": "5.53", "2016-12-31": "6.48", "2016-09-30": "6.22", "2016-06-30": "5.97", "2016-03-31": "5.77", "2015-12-31": "5.23", "2015-09-30": "5.25", "2015-06-30": "5.00", "2015-03-31": "4.86", "2014-12-31": "4.43", "2014-09-30": "4.23", "2014-06-30": "4.05", "2014-03-31": "4.01", "2013-12-31": "4.75", "2013-09-30": "4.41", "2013-06-30": "4.43", "2013-03-31": "4.30", "2012-12-31": "4.02", "2012-09-30": "2.46", "2012-06-30": "2.53", "2012-03-31": "2.76", "2011-12-31": "2.87", "2011-09-30": "2.67", "2011-06-30": "3.33", "2011-03-31": "2.04", "2010-12-31": "3.58", "2010-09-30": "2.95", "2010-06-30": "3.09", "2010-03-31": "3.47", "2009-12-31": "2.52", "2009-09-30": "2.14", "2009-06-30": "2.15", "2009-03-31": "2.25", "2008-12-31": "2.71", "2008-09-30": "1.84", "2008-06-30": "1.91", "2008-03-31": "2.00", "2007-12-31": "1.61", "2007-09-30": "1.36", "2007-06-30": "1.33", "2007-03-31": "1.35", "2006-12-31": "1.21", "2006-09-30": "1.11", "2006-06-30": "1.13", "2006-03-31": "1.20", "2005-12-31": "1.29", "2005-09-30": "1.03", "2005-06-30": "1.27", "2005-03-31": "1.38"}, "debt equity ratio": {"current": "0.00", "2020-12-31": "11.23", "2020-09-30": "-65.44", "2020-06-30": "-14.81", "2020-03-31": "-8.89", "2019-12-31": "-12.82", "2019-09-30": "21.18", "2019-06-30": "4.08", "2019-03-31": "2.36", "2018-12-31": "1.38", "2018-09-30": "1.16", "2018-06-30": "1.11", "2018-03-31": "1.12", "2017-12-31": "1.38", "2017-09-30": "0.96", "2017-06-30": "0.98", "2017-03-31": "1.01", "2016-12-31": "1.03", "2016-09-30": "1.03", "2016-06-30": "1.07", "2016-03-31": "1.08", "2015-12-31": "1.07", "2015-09-30": "1.09", "2015-06-30": "1.09", "2015-03-31": "1.08", "2014-12-31": "1.05", "2014-09-30": "1.04", "2014-06-30": "1.02", "2014-03-31": "1.01", "2013-12-31": "1.03", "2013-09-30": "1.12", "2013-06-30": "1.16", "2013-03-31": "1.17", "2012-12-31": "1.16", "2012-09-30": "1.25", "2012-06-30": "1.28", "2012-03-31": "1.21", "2011-12-31": "1.22", "2011-09-30": "1.28", "2011-06-30": "1.10", "2011-03-31": "1.13", "2010-12-31": "1.18", "2010-09-30": "1.39", "2010-06-30": "1.51", "2010-03-31": "1.44", "2009-12-31": "1.25", "2009-09-30": "1.42", "2009-06-30": "1.47", "2009-03-31": "1.52", "2008-12-31": "1.46", "2008-09-30": "2.26", "2008-06-30": "2.17", "2008-03-31": "2.20", "2007-12-31": "2.21", "2007-09-30": "2.91", "2007-06-30": "3.40", "2007-03-31": "3.34", "2006-12-31": "3.46", "2006-09-30": "4.75", "2006-06-30": "4.87", "2006-03-31": "4.55", "2005-12-31": "4.04", "2005-09-30": "2.82", "2005-06-30": "1.87", "2005-03-31": "1.56"}, "return on equity": {"2020-12-31": "-614.12%", "2020-09-30": "-256.35%", "2020-06-30": "-327.62%", "2020-03-31": "1820.34%", "2019-12-31": "166.29%", "2019-09-30": "71.84%", "2019-06-30": "46.63%", "2019-03-31": "37.02%", "2018-12-31": "31.54%", "2018-09-30": "2.73%", "2018-06-30": "2.28%", "2018-03-31": "1.14%", "2017-12-31": "0.86%", "2017-09-30": "22.27%", "2017-06-30": "22.67%", "2017-03-31": "23.42%", "2016-12-31": "23.65%", "2016-09-30": "23.25%", "2016-06-30": "23.63%", "2016-03-31": "23.17%", "2015-12-31": "23.98%", "2015-09-30": "24.49%", "2015-06-30": "24.75%", "2015-03-31": "24.56%", "2014-12-31": "23.30%", "2014-09-30": "23.23%", "2014-06-30": "23.11%", "2014-03-31": "23.75%", "2013-12-31": "28.22%", "2013-09-30": "31.83%", "2013-06-30": "33.48%", "2013-03-31": "35.69%", "2012-12-31": "34.55%", "2012-09-30": "33.12%", "2012-06-30": "34.43%", "2012-03-31": "34.86%", "2011-12-31": "36.28%", "2011-09-30": "36.66%", "2011-06-30": "38.09%", "2011-03-31": "40.55%", "2010-12-31": "42.34%", "2010-09-30": "42.38%", "2010-06-30": "41.89%", "2010-03-31": "41.08%", "2009-12-31": "42.68%", "2009-09-30": "44.80%", "2009-06-30": "46.47%", "2009-03-31": "49.87%", "2008-12-31": "50.04%", "2008-09-30": "51.54%", "2008-06-30": "52.47%", "2008-03-31": "54.96%", "2007-12-31": "59.69%", "2007-09-30": "63.36%", "2007-06-30": "71.46%", "2007-03-31": "74.94%", "2006-12-31": "78.38%", "2006-09-30": "82.65%", "2006-06-30": "67.54%", "2006-03-31": "56.46%", "2005-12-31": "46.75%"}, "return on assets": {"2020-12-31": "19.27%", "2020-09-30": "19.15%", "2020-06-30": "19.78%", "2020-03-31": "20.25%", "2019-12-31": "21.16%", "2019-09-30": "18.64%", "2019-06-30": "16.73%", "2019-03-31": "15.58%", "2018-12-31": "14.47%", "2018-09-30": "1.24%", "2018-06-30": "1.07%", "2018-03-31": "0.54%", "2017-12-31": "0.41%", "2017-09-30": "11.16%", "2017-06-30": "11.28%", "2017-03-31": "11.53%", "2016-12-31": "11.54%", "2016-09-30": "11.28%", "2016-06-30": "11.37%", "2016-03-31": "11.13%", "2015-12-31": "11.51%", "2015-09-30": "11.80%", "2015-06-30": "12.00%", "2015-03-31": "12.00%", "2014-12-31": "11.49%", "2014-09-30": "11.47%", "2014-06-30": "11.32%", "2014-03-31": "11.45%", "2013-12-31": "13.33%", "2013-09-30": "14.79%", "2013-06-30": "15.33%", "2013-03-31": "16.12%", "2012-12-31": "15.55%", "2012-09-30": "14.79%", "2012-06-30": "15.33%", "2012-03-31": "15.85%", "2011-12-31": "16.64%", "2011-09-30": "16.90%", "2011-06-30": "17.42%", "2011-03-31": "17.79%", "2010-12-31": "17.92%", "2010-09-30": "17.71%", "2010-06-30": "17.46%", "2010-03-31": "17.21%", "2009-12-31": "17.77%", "2009-09-30": "18.21%", "2009-06-30": "17.43%", "2009-03-31": "17.52%", "2008-12-31": "16.59%", "2008-09-30": "16.05%", "2008-06-30": "15.74%", "2008-03-31": "15.33%", "2007-12-31": "15.41%", "2007-09-30": "14.88%", "2007-06-30": "15.34%", "2007-03-31": "15.06%", "2006-12-31": "14.73%", "2006-09-30": "14.93%", "2006-06-30": "13.63%", "2006-03-31": "14.00%", "2005-12-31": "14.10%"}, "return on investments": {"2020-12-31": "60.82%", "2020-09-30": "44.02%", "2020-06-30": "45.16%", "2020-03-31": "44.79%", "2019-12-31": "44.55%", "2019-09-30": "37.21%", "2019-06-30": "30.60%", "2019-03-31": "26.37%", "2018-12-31": "24.21%", "2018-09-30": "21.29%", "2018-06-30": "19.04%", "2018-03-31": "17.13%", "2017-12-31": "15.85%", "2017-09-30": "15.44%", "2017-06-30": "15.69%", "2017-03-31": "16.06%", "2016-12-31": "16.26%", "2016-09-30": "16.01%", "2016-06-30": "16.11%", "2016-03-31": "16.01%", "2015-12-31": "16.84%", "2015-09-30": "17.11%", "2015-06-30": "17.71%", "2015-03-31": "17.78%", "2014-12-31": "17.12%", "2014-09-30": "17.51%", "2014-06-30": "17.23%", "2014-03-31": "17.58%", "2013-12-31": "18.86%", "2013-09-30": "19.01%", "2013-06-30": "20.59%", "2013-03-31": "22.46%", "2012-12-31": "24.07%", "2012-09-30": "26.15%", "2012-06-30": "26.99%", "2012-03-31": "27.17%", "2011-12-31": "29.13%", "2011-09-30": "28.82%", "2011-06-30": "28.48%", "2011-03-31": "29.37%", "2010-12-31": "28.05%", "2010-09-30": "28.54%", "2010-06-30": "29.70%", "2010-03-31": "29.85%", "2009-12-31": "31.35%", "2009-09-30": "31.74%", "2009-06-30": "31.82%", "2009-03-31": "31.36%", "2008-12-31": "30.97%", "2008-09-30": "32.57%", "2008-06-30": "32.45%", "2008-03-31": "34.77%", "2007-12-31": "36.78%", "2007-09-30": "36.51%", "2007-06-30": "38.26%", "2007-03-31": "38.04%", "2006-12-31": "37.66%", "2006-09-30": "37.18%", "2006-06-30": "38.77%", "2006-03-31": "39.08%", "2005-12-31": "38.03%"}, "return on tangible equity": {"2020-09-30": "-59.17%", "2020-06-30": "-65.28%", "2020-03-31": "-91.87%", "2019-12-31": "-245.39%", "2019-09-30": "283.39%", "2019-06-30": "90.65%", "2019-03-31": "59.13%", "2018-12-31": "46.13%", "2018-09-30": "3.84%", "2018-06-30": "3.09%", "2018-03-31": "1.51%", "2017-12-31": "1.13%", "2017-09-30": "28.99%", "2017-06-30": "29.85%", "2017-03-31": "31.20%", "2016-12-31": "31.94%", "2016-09-30": "31.80%", "2016-06-30": "32.72%", "2016-03-31": "32.46%", "2015-12-31": "33.91%", "2015-09-30": "35.01%", "2015-06-30": "35.80%", "2015-03-31": "35.82%", "2014-12-31": "34.26%", "2014-09-30": "34.48%", "2014-06-30": "34.63%", "2014-03-31": "35.99%", "2013-12-31": "43.35%", "2013-09-30": "49.54%", "2013-06-30": "52.98%", "2013-03-31": "57.54%", "2012-12-31": "56.67%", "2012-09-30": "55.13%", "2012-06-30": "57.98%", "2012-03-31": "58.67%", "2011-12-31": "61.63%", "2011-09-30": "63.41%", "2011-06-30": "68.03%", "2011-03-31": "77.83%", "2010-12-31": "88.20%", "2010-09-30": "95.05%", "2010-06-30": "99.34%", "2010-03-31": "101.64%", "2009-12-31": "112.84%", "2009-09-30": "125.44%", "2009-06-30": "134.76%", "2009-03-31": "146.31%", "2008-12-31": "144.88%", "2008-09-30": "157.46%", "2008-06-30": "189.67%", "2008-03-31": "284.26%", "2007-12-31": "623.26%", "2007-09-30": "-2929.41%", "2007-06-30": "-728.89%", "2007-03-31": "-537.93%", "2006-12-31": "-444.00%", "2006-09-30": "-492.66%", "2006-06-30": "-1034.67%", "2006-03-31": "408.16%", "2005-12-31": "158.59%"}, "dividend yield history": {"last payout": "$0.00", "last yield": "0.00%"}}