{"ticker": "WSO", "price": {"title": "Watsco Historical Annual Stock Price Data", "value": 242.23, "historical": {"2021": {"Average Stock Price": "242.7642", "Year Open": "225.5400", "Year High": "260.0000", "Year Low": "225.5400", "Year Close": "242.2300", "Annual % Change": "6.92%"}, "2020": {"Average Stock Price": "197.6544", "Year Open": "179.3100", "Year High": "248.6500", "Year Low": "138.4200", "Year Close": "226.5500", "Annual % Change": "25.76%"}, "2019": {"Average Stock Price": "159.8575", "Year Open": "139.1900", "Year High": "181.9400", "Year Low": "137.2400", "Year Close": "180.1500", "Annual % Change": "29.47%"}, "2018": {"Average Stock Price": "171.1052", "Year Open": "169.8700", "Year High": "191.3500", "Year Low": "132.5900", "Year Close": "139.1400", "Annual % Change": "-18.17%"}, "2017": {"Average Stock Price": "152.2343", "Year Open": "148.8300", "Year High": "171.3800", "Year Low": "135.4500", "Year Close": "170.0400", "Annual % Change": "14.80%"}, "2016": {"Average Stock Price": "136.0633", "Year Open": "115.3700", "Year High": "159.0300", "Year Low": "108.0900", "Year Close": "148.1200", "Annual % Change": "26.46%"}, "2015": {"Average Stock Price": "121.8615", "Year Open": "106.1900", "Year High": "131.8900", "Year Low": "104.9200", "Year Close": "117.1300", "Annual % Change": "9.47%"}, "2014": {"Average Stock Price": "97.3718", "Year Open": "95.0300", "Year High": "108.2000", "Year Low": "85.5300", "Year Close": "107.0000", "Annual % Change": "11.39%"}, "2013": {"Average Stock Price": "87.3849", "Year Open": "77.1200", "Year High": "97.4700", "Year Low": "74.1300", "Year Close": "96.0600", "Annual % Change": "28.25%"}, "2012": {"Average Stock Price": "72.6251", "Year Open": "66.2200", "Year High": "80.1200", "Year Low": "66.2200", "Year Close": "74.9000", "Annual % Change": "14.07%"}, "2011": {"Average Stock Price": "63.0011", "Year Open": "64.1700", "Year High": "72.7600", "Year Low": "51.1000", "Year Close": "65.6600", "Annual % Change": "4.09%"}, "2010": {"Average Stock Price": "56.7776", "Year Open": "49.6400", "Year High": "64.5500", "Year Low": "47.8600", "Year Close": "63.0800", "Annual % Change": "28.79%"}, "2009": {"Average Stock Price": "46.0996", "Year Open": "40.0800", "Year High": "56.8200", "Year Low": "30.9700", "Year Close": "48.9800", "Annual % Change": "27.55%"}, "2008": {"Average Stock Price": "41.7630", "Year Open": "35.6100", "Year High": "58.4900", "Year Low": "30.6200", "Year Close": "38.4000", "Annual % Change": "4.46%"}, "2007": {"Average Stock Price": "49.0052", "Year Open": "47.5400", "Year High": "63.5000", "Year Low": "35.5400", "Year Close": "36.7600", "Annual % Change": "-22.05%"}, "2006": {"Average Stock Price": "56.5822", "Year Open": "63.2400", "Year High": "72.2500", "Year Low": "42.2000", "Year Close": "47.1600", "Annual % Change": "-21.15%"}, "2005": {"Average Stock Price": "46.4517", "Year Open": "34.6000", "Year High": "66.9000", "Year Low": "34.0300", "Year Close": "59.8100", "Annual % Change": "69.82%"}, "2004": {"Average Stock Price": "28.4040", "Year Open": "23.0300", "Year High": "35.2200", "Year Low": "22.4300", "Year Close": "35.2200", "Annual % Change": "54.95%"}, "2003": {"Average Stock Price": "17.5854", "Year Open": "16.4900", "Year High": "24.1000", "Year Low": "12.9000", "Year Close": "22.7300", "Annual % Change": "38.77%"}, "2002": {"Average Stock Price": "15.8025", "Year Open": "14.1300", "Year High": "19.2500", "Year Low": "12.8700", "Year Close": "16.3800", "Annual % Change": "15.35%"}, "2001": {"Average Stock Price": "12.9200", "Year Open": "11.4500", "Year High": "14.5900", "Year Low": "10.4800", "Year Close": "14.2000", "Annual % Change": "23.26%"}, "2000": {"Average Stock Price": "11.6596", "Year Open": "11.3800", "Year High": "15.7500", "Year Low": "8.3800", "Year Close": "11.5200", "Annual % Change": "-0.35%"}, "1999": {"Average Stock Price": "14.7227", "Year Open": "17.4400", "Year High": "19.8100", "Year Low": "9.7500", "Year Close": "11.5600", "Annual % Change": "-30.99%"}, "1998": {"Average Stock Price": "18.3117", "Year Open": "16.6667", "Year High": "23.7933", "Year Low": "12.0600", "Year Close": "16.7500", "Annual % Change": "1.76%"}, "1997": {"Average Stock Price": "18.0641", "Year Open": "18.8333", "Year High": "22.0800", "Year Low": "15.1667", "Year Close": "16.4600", "Annual % Change": "-14.51%"}, "1996": {"Average Stock Price": "12.5950", "Year Open": "8.0578", "Year High": "19.4200", "Year Low": "7.5022", "Year Close": "19.2533", "Annual % Change": "142.42%"}, "1995": {"Average Stock Price": "6.1453", "Year Open": "4.9274", "Year High": "7.9422", "Year Low": "4.6667", "Year Close": "7.9422", "Annual % Change": "61.18%"}, "1994": {"Average Stock Price": "4.6393", "Year Open": "3.9259", "Year High": "5.0370", "Year Low": "3.9259", "Year Close": "4.9274", "Annual % Change": "29.22%"}, "1993": {"Average Stock Price": "4.0911", "Year Open": "3.6296", "Year High": "5.0015", "Year Low": "3.4074", "Year Close": "3.8133", "Annual % Change": "5.06%"}, "1992": {"Average Stock Price": "2.9288", "Year Open": "2.3704", "Year High": "3.7778", "Year Low": "2.2222", "Year Close": "3.6296", "Annual % Change": "53.12%"}, "1991": {"Average Stock Price": "2.4743", "Year Open": "2.4444", "Year High": "2.8889", "Year Low": "2.0741", "Year Close": "2.3704", "Annual % Change": "0.00%"}, "1990": {"Average Stock Price": "2.6830", "Year Open": "2.7407", "Year High": "3.2207", "Year Low": "2.3704", "Year Close": "2.3704", "Annual % Change": "-11.11%"}, "1989": {"Average Stock Price": "2.5724", "Year Open": "1.8874", "Year High": "2.9630", "Year Low": "1.8874", "Year Close": "2.6667", "Annual % Change": "41.29%"}, "1988": {"Average Stock Price": "2.1032", "Year Open": "1.8874", "Year High": "2.4444", "Year Low": "1.7422", "Year Close": "1.8874", "Annual % Change": "0.00%"}, "1987": {"Average Stock Price": "2.8097", "Year Open": "2.3319", "Year High": "4.4059", "Year Low": "1.7422", "Year Close": "1.8874", "Annual % Change": "-16.51%"}, "1986": {"Average Stock Price": "2.4130", "Year Open": "1.8874", "Year High": "3.1496", "Year Low": "1.8163", "Year Close": "2.2607", "Annual % Change": "19.78%"}, "1985": {"Average Stock Price": "2.5590", "Year Open": "2.3704", "Year High": "3.0756", "Year Low": "1.8163", "Year Close": "1.8874", "Annual % Change": "-20.38%"}}}, "market cap": {"value": "$9.32B"}, "income statement": {"Revenue": {"2019-12-31": "4770.36200", "2018-12-31": "4546.65300", "2017-12-31": "4341.95500", "2016-12-31": "4220.70200", "2015-12-31": "4113.23900", "2014-12-31": "3944.54000", "2013-12-31": "3743.33000", "2012-12-31": "3431.71200", "2011-12-31": "2977.75900", "2010-12-31": "2844.59500", "2009-12-31": "2001.81500", "2008-12-31": "1700.23700", "2007-12-31": "1758.02200", "2006-12-31": "1771.21400", "2005-12-31": "1658.24900"}, "Cost Of Goods Sold": {"2019-12-31": "3613.40600", "2018-12-31": "3426.40100", "2017-12-31": "3276.29600", "2016-12-31": "3186.11800", "2015-12-31": "3105.88200", "2014-12-31": "2988.13800", "2013-12-31": "2844.07700", "2012-12-31": "2617.31700", "2011-12-31": "2249.46500", "2010-12-31": "2171.35400", "2009-12-31": "1520.98300", "2008-12-31": "1258.24300", "2007-12-31": "1311.03700", "2006-12-31": "1313.94400", "2005-12-31": "1239.77000"}, "Gross Profit": {"2019-12-31": "1156.95600", "2018-12-31": "1120.25200", "2017-12-31": "1065.65900", "2016-12-31": "1034.58400", "2015-12-31": "1007.35700", "2014-12-31": "956.40210", "2013-12-31": "899.25320", "2012-12-31": "814.39500", "2011-12-31": "728.29390", "2010-12-31": "673.24100", "2009-12-31": "480.83190", "2008-12-31": "441.99400", "2007-12-31": "446.98500", "2006-12-31": "457.27000", "2005-12-31": "418.47900"}, "Research And Development Expenses": {"2019-12-31": "", "2018-12-31": "", "2017-12-31": "", "2016-12-31": "", "2015-12-31": "", "2014-12-31": "", "2013-12-31": "", "2012-12-31": "", "2011-12-31": "", "2010-12-31": "", "2009-12-31": "", "2008-12-31": "", "2007-12-31": "", "2006-12-31": "", "2005-12-31": ""}, "SG&A Expenses": {"2019-12-31": "800.32800", "2018-12-31": "757.45200", "2017-12-31": "715.67100", "2016-12-31": "688.95200", "2015-12-31": "670.60900", "2014-12-31": "650.65500", "2013-12-31": "628.04400", "2012-12-31": "589.48700", "2011-12-31": "529.24400", "2010-12-31": "507.66900", "2009-12-31": "399.77200", "2008-12-31": "343.38600", "2007-12-31": "335.83100", "2006-12-31": "321.87600", "2005-12-31": "301.19600"}, "Other Operating Income Or Expenses": {"2019-12-31": "10.25600", "2018-12-31": "9.28200", "2017-12-31": "3.88600", "2016-12-31": "", "2015-12-31": "", "2014-12-31": "", "2013-12-31": "", "2012-12-31": "", "2011-12-31": "", "2010-12-31": "", "2009-12-31": "", "2008-12-31": "", "2007-12-31": "", "2006-12-31": "", "2005-12-31": ""}, "Operating Expenses": {"2019-12-31": "4403.47800", "2018-12-31": "4174.57100", "2017-12-31": "3988.08100", "2016-12-31": "3875.07000", "2015-12-31": "3776.49100", "2014-12-31": "3638.79300", "2013-12-31": "3472.12100", "2012-12-31": "3206.80400", "2011-12-31": "2778.70900", "2010-12-31": "2679.02300", "2009-12-31": "1920.75500", "2008-12-31": "1601.62900", "2007-12-31": "1646.86800", "2006-12-31": "1635.82000", "2005-12-31": "1540.96600"}, "Operating Income": {"2019-12-31": "366.88380", "2018-12-31": "372.08200", "2017-12-31": "353.87430", "2016-12-31": "345.63230", "2015-12-31": "336.74760", "2014-12-31": "305.74710", "2013-12-31": "271.20920", "2012-12-31": "224.90800", "2011-12-31": "199.05000", "2010-12-31": "165.57200", "2009-12-31": "81.05990", "2008-12-31": "98.60800", "2007-12-31": "111.15410", "2006-12-31": "135.39400", "2005-12-31": "117.28300"}, "Total Non-Operating Income/Expense": {"2019-12-31": "-4.03200", "2018-12-31": "-2.74000", "2017-12-31": "-6.36300", "2016-12-31": "-3.71300", "2015-12-31": "-5.54700", "2014-12-31": "-5.20600", "2013-12-31": "-5.83000", "2012-12-31": "-4.66500", "2011-12-31": "-4.45800", "2010-12-31": "-3.49000", "2009-12-31": "-2.73100", "2008-12-31": "-2.01800", "2007-12-31": "-3.17200", "2006-12-31": "-3.82100", "2005-12-31": "-3.34400"}, "Pre-Tax Income": {"2019-12-31": "362.85200", "2018-12-31": "369.34200", "2017-12-31": "347.51100", "2016-12-31": "341.91900", "2015-12-31": "331.20100", "2014-12-31": "300.54100", "2013-12-31": "265.37900", "2012-12-31": "220.24300", "2011-12-31": "194.59200", "2010-12-31": "162.08200", "2009-12-31": "78.32900", "2008-12-31": "96.59000", "2007-12-31": "107.98200", "2006-12-31": "131.57300", "2005-12-31": "113.93900"}, "Income Taxes": {"2019-12-31": "67.07700", "2018-12-31": "72.81300", "2017-12-31": "90.22100", "2016-12-31": "105.93600", "2015-12-31": "104.67700", "2014-12-31": "91.83900", "2013-12-31": "77.66000", "2012-12-31": "62.64200", "2011-12-31": "56.85000", "2010-12-31": "50.36000", "2009-12-31": "26.75600", "2008-12-31": "36.22100", "2007-12-31": "40.49300", "2006-12-31": "49.34000", "2005-12-31": "43.41100"}, "Income After Taxes": {"2019-12-31": "295.77500", "2018-12-31": "296.52900", "2017-12-31": "257.29000", "2016-12-31": "235.98300", "2015-12-31": "226.52400", "2014-12-31": "208.70200", "2013-12-31": "187.71900", "2012-12-31": "157.60100", "2011-12-31": "137.74200", "2010-12-31": "111.72200", "2009-12-31": "51.57300", "2008-12-31": "60.36900", "2007-12-31": "67.48900", "2006-12-31": "82.23300", "2005-12-31": "70.52800"}, "Other Income": {"2019-12-31": "", "2018-12-31": "", "2017-12-31": "", "2016-12-31": "", "2015-12-31": "", "2014-12-31": "", "2013-12-31": "", "2012-12-31": "", "2011-12-31": "", "2010-12-31": "", "2009-12-31": "", "2008-12-31": "", "2007-12-31": "", "2006-12-31": "", "2005-12-31": ""}, "Income From Continuous Operations": {"2019-12-31": "295.77500", "2018-12-31": "296.52900", "2017-12-31": "257.29000", "2016-12-31": "235.98300", "2015-12-31": "226.52400", "2014-12-31": "208.70200", "2013-12-31": "187.71900", "2012-12-31": "157.60100", "2011-12-31": "137.74200", "2010-12-31": "111.72200", "2009-12-31": "51.57300", "2008-12-31": "60.36900", "2007-12-31": "67.48900", "2006-12-31": "82.23300", "2005-12-31": "70.52800"}, "Income From Discontinued Operations": {"2019-12-31": "", "2018-12-31": "", "2017-12-31": "", "2016-12-31": "", "2015-12-31": "", "2014-12-31": "", "2013-12-31": "", "2012-12-31": "", "2011-12-31": "", "2010-12-31": "", "2009-12-31": "", "2008-12-31": "", "2007-12-31": "-1.91200", "2006-12-31": "0.13100", "2005-12-31": "-0.50900"}, "Net Income": {"2019-12-31": "225.53800", "2018-12-31": "223.14000", "2017-12-31": "190.79100", "2016-12-31": "168.00400", "2015-12-31": "159.29500", "2014-12-31": "139.94300", "2013-12-31": "118.65900", "2012-12-31": "85.67800", "2011-12-31": "84.40500", "2010-12-31": "75.98500", "2009-12-31": "43.31400", "2008-12-31": "60.36900", "2007-12-31": "65.57700", "2006-12-31": "82.36400", "2005-12-31": "70.01900"}, "EBITDA": {"2019-12-31": "391.39580", "2018-12-31": "394.17700", "2017-12-31": "375.90730", "2016-12-31": "365.69830", "2015-12-31": "355.86460", "2014-12-31": "323.67410", "2013-12-31": "288.91520", "2012-12-31": "240.81900", "2011-12-31": "210.77510", "2010-12-31": "176.34300", "2009-12-31": "89.59290", "2008-12-31": "105.67900", "2007-12-31": "117.57410", "2006-12-31": "141.18000", "2005-12-31": "123.35300"}, "EBIT": {"2019-12-31": "366.88380", "2018-12-31": "372.08200", "2017-12-31": "353.87430", "2016-12-31": "345.63230", "2015-12-31": "336.74760", "2014-12-31": "305.74710", "2013-12-31": "271.20920", "2012-12-31": "224.90800", "2011-12-31": "199.05000", "2010-12-31": "165.57200", "2009-12-31": "81.05990", "2008-12-31": "98.60800", "2007-12-31": "111.15410", "2006-12-31": "135.39400", "2005-12-31": "117.28300"}, "Basic Shares Outstanding": {"2019-12-31": "34.64500", "2018-12-31": "34.32000", "2017-12-31": "32.82500", "2016-12-31": "32.58200", "2015-12-31": "32.43600", "2014-12-31": "32.30800", "2013-12-31": "32.19600", "2012-12-31": "31.68000", "2011-12-31": "30.67800", "2010-12-31": "30.46700", "2009-12-31": "28.22300", "2008-12-31": "26.45300", "2007-12-31": "26.29700", "2006-12-31": "26.15000", "2005-12-31": "26.04900"}, "Shares Outstanding": {"2019-12-31": "34.67600", "2018-12-31": "34.37400", "2017-12-31": "32.86300", "2016-12-31": "32.61700", "2015-12-31": "32.48000", "2014-12-31": "32.35900", "2013-12-31": "32.25800", "2012-12-31": "31.74400", "2011-12-31": "30.75300", "2010-12-31": "30.57900", "2009-12-31": "28.52100", "2008-12-31": "27.02200", "2007-12-31": "27.13900", "2006-12-31": "27.82900", "2005-12-31": "27.76900"}, "Basic EPS": {"2019-12-31": "6.51000", "2018-12-31": "6.50000", "2017-12-31": "5.81000", "2016-12-31": "5.16000", "2015-12-31": "4.91000", "2014-12-31": "4.33000", "2013-12-31": "3.69000", "2012-12-31": "2.70000", "2011-12-31": "2.75000", "2010-12-31": "2.49000", "2009-12-31": "1.42000", "2008-12-31": "2.14000", "2007-12-31": "2.34000", "2006-12-31": "3.15000", "2005-12-31": "2.69000"}, "EPS - Earnings Per Share": {"2019-12-31": "6.50000", "2018-12-31": "6.49000", "2017-12-31": "5.81000", "2016-12-31": "5.15000", "2015-12-31": "4.90000", "2014-12-31": "4.32000", "2013-12-31": "3.68000", "2012-12-31": "2.70000", "2011-12-31": "2.74000", "2010-12-31": "2.49000", "2009-12-31": "1.40000", "2008-12-31": "2.09000", "2007-12-31": "2.27000", "2006-12-31": "2.96000", "2005-12-31": "2.52000"}}, "income statement, quarterly": {"Revenue": {"2020-09-30": "1536.67100", "2020-06-30": "1355.38500", "2020-03-31": "1008.15600", "2019-12-31": "1072.31500", "2019-09-30": "1394.91500", "2019-06-30": "1371.85400", "2019-03-31": "931.27800", "2018-12-31": "991.32590", "2018-09-30": "1296.00700", "2018-06-30": "1332.74300", "2018-03-31": "926.57700", "2017-12-31": "964.34530", "2017-09-30": "1229.59100", "2017-06-30": "1275.92400", "2017-03-31": "872.09500", "2016-12-31": "913.61110", "2016-09-30": "1241.23200", "2016-06-30": "1214.43500", "2016-03-31": "851.42400", "2015-12-31": "903.81590", "2015-09-30": "1177.01200", "2015-06-30": "1223.43900", "2015-03-31": "808.97200", "2014-12-31": "876.78700", "2014-09-30": "1134.99900", "2014-06-30": "1170.18600", "2014-03-31": "762.56800", "2013-12-31": "827.35200", "2013-09-30": "1081.89300", "2013-06-30": "1120.45200", "2013-03-31": "713.63300", "2012-12-31": "765.54000", "2012-09-30": "1020.85900", "2012-06-30": "1011.80100", "2012-03-31": "633.51200", "2011-12-31": "645.83300", "2011-09-30": "914.03900", "2011-06-30": "883.54800", "2011-03-31": "534.33900", "2010-12-31": "657.24790", "2010-09-30": "812.78700", "2010-06-30": "864.80500", "2010-03-31": "509.75500", "2009-12-31": "563.60600", "2009-09-30": "741.89500", "2009-06-30": "404.97100", "2009-03-31": "291.34300", "2008-12-31": "334.79110", "2008-09-30": "475.22500", "2008-06-30": "509.82200", "2008-03-31": "380.39900", "2007-12-31": "397.63500", "2007-09-30": "518.59600", "2007-06-30": "471.11000", "2007-03-31": "370.68100", "2006-12-31": "372.80100", "2006-09-30": "499.31000", "2006-06-30": "504.79600", "2006-03-31": "394.30700", "2005-12-31": "391.71400", "2005-09-30": "477.55300", "2005-06-30": "443.03000", "2005-03-31": "345.95200"}, "Cost Of Goods Sold": {"2020-09-30": "1162.90800", "2020-06-30": "1036.18600", "2020-03-31": "760.54100", "2019-12-31": "811.79410", "2019-09-30": "1060.22400", "2019-06-30": "1043.87000", "2019-03-31": "697.51800", "2018-12-31": "741.68180", "2018-09-30": "976.99800", "2018-06-30": "1011.97700", "2018-03-31": "695.74400", "2017-12-31": "723.41490", "2017-09-30": "933.69600", "2017-06-30": "965.64600", "2017-03-31": "653.53900", "2016-12-31": "685.53890", "2016-09-30": "939.02800", "2016-06-30": "922.57400", "2016-03-31": "638.97700", "2015-12-31": "681.77510", "2015-09-30": "891.16600", "2015-06-30": "928.19400", "2015-03-31": "604.74700", "2014-12-31": "662.49170", "2014-09-30": "860.23400", "2014-06-30": "890.91300", "2014-03-31": "574.49900", "2013-12-31": "628.82190", "2013-09-30": "823.29600", "2013-06-30": "853.77200", "2013-03-31": "538.18700", "2012-12-31": "582.74690", "2012-09-30": "778.35400", "2012-06-30": "773.32600", "2012-03-31": "482.89000", "2011-12-31": "485.12300", "2011-09-30": "694.63200", "2011-06-30": "670.35700", "2011-03-31": "399.35300", "2010-12-31": "503.22100", "2010-09-30": "617.24600", "2010-06-30": "663.73600", "2010-03-31": "387.15100", "2009-12-31": "430.00210", "2009-09-30": "569.88600", "2009-06-30": "303.98600", "2009-03-31": "217.10900", "2008-12-31": "248.53410", "2008-09-30": "348.55200", "2008-06-30": "378.76200", "2008-03-31": "282.39500", "2007-12-31": "296.48700", "2007-09-30": "387.66400", "2007-06-30": "351.51800", "2007-03-31": "275.36800", "2006-12-31": "278.30600", "2006-09-30": "367.62700", "2006-06-30": "373.78400", "2006-03-31": "294.22700", "2005-12-31": "292.30300", "2005-09-30": "357.43500", "2005-06-30": "331.50500", "2005-03-31": "258.52700"}, "Gross Profit": {"2020-09-30": "373.76310", "2020-06-30": "319.19900", "2020-03-31": "247.61500", "2019-12-31": "260.52060", "2019-09-30": "334.69100", "2019-06-30": "327.98400", "2019-03-31": "233.76000", "2018-12-31": "249.64420", "2018-09-30": "319.00900", "2018-06-30": "320.76610", "2018-03-31": "230.83300", "2017-12-31": "240.93050", "2017-09-30": "295.89500", "2017-06-30": "310.27800", "2017-03-31": "218.55600", "2016-12-31": "228.07230", "2016-09-30": "302.20400", "2016-06-30": "291.86110", "2016-03-31": "212.44700", "2015-12-31": "222.04080", "2015-09-30": "285.84590", "2015-06-30": "295.24500", "2015-03-31": "204.22500", "2014-12-31": "214.29530", "2014-09-30": "274.76500", "2014-06-30": "279.27300", "2014-03-31": "188.06900", "2013-12-31": "198.53010", "2013-09-30": "258.59690", "2013-06-30": "266.68010", "2013-03-31": "175.44600", "2012-12-31": "182.79300", "2012-09-30": "242.50500", "2012-06-30": "238.47500", "2012-03-31": "150.62200", "2011-12-31": "160.71000", "2011-09-30": "219.40700", "2011-06-30": "213.19100", "2011-03-31": "134.98600", "2010-12-31": "154.02690", "2010-09-30": "195.54100", "2010-06-30": "201.06900", "2010-03-31": "122.60400", "2009-12-31": "133.60390", "2009-09-30": "172.00900", "2009-06-30": "100.98500", "2009-03-31": "74.23400", "2008-12-31": "86.25700", "2008-09-30": "126.67300", "2008-06-30": "131.06000", "2008-03-31": "98.00400", "2007-12-31": "101.14810", "2007-09-30": "130.93200", "2007-06-30": "119.59200", "2007-03-31": "95.31300", "2006-12-31": "94.49510", "2006-09-30": "131.68300", "2006-06-30": "131.01200", "2006-03-31": "100.08000", "2005-12-31": "99.41100", "2005-09-30": "120.11800", "2005-06-30": "111.52500", "2005-03-31": "87.42500"}, "Research And Development Expenses": {"2020-09-30": "", "2020-06-30": "", "2020-03-31": "", "2019-12-31": "", "2019-09-30": "", "2019-06-30": "", "2019-03-31": "", "2018-12-31": "", "2018-09-30": "", "2018-06-30": "", "2018-03-31": "", "2017-12-31": "", "2017-09-30": "", "2017-06-30": "", "2017-03-31": "", "2016-12-31": "", "2016-09-30": "", "2016-06-30": "", "2016-03-31": "", "2015-12-31": "", "2015-09-30": "", "2015-06-30": "", "2015-03-31": "", "2014-12-31": "", "2014-09-30": "", "2014-06-30": "", "2014-03-31": "", "2013-12-31": "", "2013-09-30": "", "2013-06-30": "", "2013-03-31": "", "2012-12-31": "", "2012-09-30": "", "2012-06-30": "", "2012-03-31": "", "2011-12-31": "", "2011-09-30": "", "2011-06-30": "", "2011-03-31": "", "2010-12-31": "", "2010-09-30": "", "2010-06-30": "", "2010-03-31": "", "2009-12-31": "", "2009-09-30": "", "2009-06-30": "", "2009-03-31": "", "2008-12-31": "", "2008-09-30": "", "2008-06-30": "", "2008-03-31": "", "2007-12-31": "", "2007-09-30": "", "2007-06-30": "", "2007-03-31": "", "2006-12-31": "", "2006-09-30": "", "2006-06-30": "", "2006-03-31": "", "2005-12-31": "", "2005-09-30": "", "2005-06-30": "", "2005-03-31": ""}, "SG&A Expenses": {"2020-09-30": "221.03700", "2020-06-30": "194.05300", "2020-03-31": "203.38600", "2019-12-31": "210.80500", "2019-09-30": "212.90200", "2019-06-30": "196.54900", "2019-03-31": "180.07200", "2018-12-31": "191.93300", "2018-09-30": "200.40800", "2018-06-30": "186.57700", "2018-03-31": "178.53400", "2017-12-31": "181.15600", "2017-09-30": "183.72800", "2017-06-30": "180.93000", "2017-03-31": "169.85700", "2016-12-31": "169.99800", "2016-09-30": "182.90400", "2016-06-30": "174.27100", "2016-03-31": "161.77900", "2015-12-31": "167.84000", "2015-09-30": "175.16600", "2015-06-30": "170.38600", "2015-03-31": "157.21700", "2014-12-31": "162.31900", "2014-09-30": "169.52700", "2014-06-30": "166.29300", "2014-03-31": "152.51600", "2013-12-31": "158.41500", "2013-09-30": "163.14200", "2013-06-30": "161.59500", "2013-03-31": "144.89200", "2012-12-31": "149.36200", "2012-09-30": "156.80800", "2012-06-30": "152.60400", "2012-03-31": "130.71300", "2011-12-31": "128.21000", "2011-09-30": "145.09600", "2011-06-30": "137.66200", "2011-03-31": "118.27600", "2010-12-31": "132.23200", "2010-09-30": "131.54800", "2010-06-30": "130.15000", "2010-03-31": "113.73900", "2009-12-31": "118.72800", "2009-09-30": "130.55700", "2009-06-30": "74.69100", "2009-03-31": "75.79600", "2008-12-31": "80.50500", "2008-09-30": "88.96900", "2008-06-30": "88.73400", "2008-03-31": "85.17800", "2007-12-31": "89.35200", "2007-09-30": "89.09500", "2007-06-30": "80.08400", "2007-03-31": "77.30000", "2006-12-31": "75.21000", "2006-09-30": "84.46500", "2006-06-30": "83.96300", "2006-03-31": "78.23800", "2005-12-31": "75.20700", "2005-09-30": "79.96300", "2005-06-30": "74.41000", "2005-03-31": "71.61600"}, "Other Operating Income Or Expenses": {"2020-09-30": "4.05500", "2020-06-30": "4.10300", "2020-03-31": "1.01400", "2019-12-31": "2.31700", "2019-09-30": "3.53000", "2019-06-30": "2.96500", "2019-03-31": "1.44400", "2018-12-31": "0.79100", "2018-09-30": "3.69600", "2018-06-30": "3.15700", "2018-03-31": "1.63800", "2017-12-31": "1.59200", "2017-09-30": "2.29400", "2017-06-30": "", "2017-03-31": "", "2016-12-31": "", "2016-09-30": "", "2016-06-30": "", "2016-03-31": "", "2015-12-31": "", "2015-09-30": "", "2015-06-30": "", "2015-03-31": "", "2014-12-31": "", "2014-09-30": "", "2014-06-30": "", "2014-03-31": "", "2013-12-31": "", "2013-09-30": "", "2013-06-30": "", "2013-03-31": "", "2012-12-31": "", "2012-09-30": "", "2012-06-30": "", "2012-03-31": "", "2011-12-31": "", "2011-09-30": "", "2011-06-30": "", "2011-03-31": "", "2010-12-31": "", "2010-09-30": "", "2010-06-30": "", "2010-03-31": "", "2009-12-31": "", "2009-09-30": "", "2009-06-30": "", "2009-03-31": "", "2008-12-31": "", "2008-09-30": "", "2008-06-30": "", "2008-03-31": "", "2007-12-31": "", "2007-09-30": "", "2007-06-30": "", "2007-03-31": "", "2006-12-31": "", "2006-09-30": "", "2006-06-30": "", "2006-03-31": "", "2005-12-31": "", "2005-09-30": "", "2005-06-30": "", "2005-03-31": ""}, "Operating Expenses": {"2020-09-30": "1379.89000", "2020-06-30": "1226.13600", "2020-03-31": "962.91300", "2019-12-31": "1020.28200", "2019-09-30": "1269.59600", "2019-06-30": "1237.45400", "2019-03-31": "876.14610", "2018-12-31": "932.82390", "2018-09-30": "1173.71000", "2018-06-30": "1195.39700", "2018-03-31": "872.64000", "2017-12-31": "902.97880", "2017-09-30": "1115.13000", "2017-06-30": "1146.57600", "2017-03-31": "823.39600", "2016-12-31": "855.53670", "2016-09-30": "1121.93200", "2016-06-30": "1096.84500", "2016-03-31": "800.75600", "2015-12-31": "849.61520", "2015-09-30": "1066.33200", "2015-06-30": "1098.58000", "2015-03-31": "761.96400", "2014-12-31": "824.81090", "2014-09-30": "1029.76100", "2014-06-30": "1057.20600", "2014-03-31": "727.01500", "2013-12-31": "787.23690", "2013-09-30": "986.43800", "2013-06-30": "1015.36700", "2013-03-31": "683.07900", "2012-12-31": "732.10910", "2012-09-30": "935.16200", "2012-06-30": "925.93000", "2012-03-31": "613.60300", "2011-12-31": "613.33290", "2011-09-30": "839.72800", "2011-06-30": "808.01900", "2011-03-31": "517.62900", "2010-12-31": "635.45300", "2010-09-30": "748.79390", "2010-06-30": "793.88600", "2010-03-31": "500.89000", "2009-12-31": "548.73000", "2009-09-30": "700.44300", "2009-06-30": "378.67700", "2009-03-31": "292.90500", "2008-12-31": "329.03910", "2008-09-30": "437.52100", "2008-06-30": "467.49600", "2008-03-31": "367.57300", "2007-12-31": "385.83890", "2007-09-30": "476.75900", "2007-06-30": "431.60200", "2007-03-31": "352.66800", "2006-12-31": "353.51590", "2006-09-30": "452.09200", "2006-06-30": "457.74700", "2006-03-31": "372.46500", "2005-12-31": "367.51010", "2005-09-30": "437.39800", "2005-06-30": "405.91500", "2005-03-31": "330.14300"}, "Operating Income": {"2020-09-30": "156.78110", "2020-06-30": "129.24900", "2020-03-31": "45.24300", "2019-12-31": "52.03270", "2019-09-30": "125.31910", "2019-06-30": "134.40000", "2019-03-31": "55.13200", "2018-12-31": "58.50210", "2018-09-30": "122.29700", "2018-06-30": "137.34610", "2018-03-31": "53.93700", "2017-12-31": "61.36660", "2017-09-30": "114.46090", "2017-06-30": "129.34800", "2017-03-31": "48.69900", "2016-12-31": "58.07440", "2016-09-30": "119.30000", "2016-06-30": "117.59010", "2016-03-31": "50.66800", "2015-12-31": "54.20060", "2015-09-30": "110.67990", "2015-06-30": "124.85900", "2015-03-31": "47.00800", "2014-12-31": "51.97610", "2014-09-30": "105.23800", "2014-06-30": "112.98000", "2014-03-31": "35.55300", "2013-12-31": "40.11510", "2013-09-30": "95.45500", "2013-06-30": "105.08510", "2013-03-31": "30.55400", "2012-12-31": "33.43090", "2012-09-30": "85.69700", "2012-06-30": "85.87100", "2012-03-31": "19.90900", "2011-12-31": "32.50010", "2011-09-30": "74.31100", "2011-06-30": "75.52900", "2011-03-31": "16.71000", "2010-12-31": "21.79490", "2010-09-30": "63.99300", "2010-06-30": "70.91900", "2010-03-31": "8.86500", "2009-12-31": "14.87600", "2009-09-30": "41.45200", "2009-06-30": "26.29400", "2009-03-31": "-1.56200", "2008-12-31": "5.75200", "2008-09-30": "37.70400", "2008-06-30": "42.32600", "2008-03-31": "12.82600", "2007-12-31": "11.79620", "2007-09-30": "41.83700", "2007-06-30": "39.50800", "2007-03-31": "18.01300", "2006-12-31": "19.28510", "2006-09-30": "47.21800", "2006-06-30": "47.04900", "2006-03-31": "21.84200", "2005-12-31": "24.20400", "2005-09-30": "40.15500", "2005-06-30": "37.11500", "2005-03-31": "15.80900"}, "Total Non-Operating Income/Expense": {"2020-09-30": "-0.10800", "2020-06-30": "-0.28300", "2020-03-31": "-0.79000", "2019-12-31": "-0.61000", "2019-09-30": "-1.43400", "2019-06-30": "-1.21200", "2019-03-31": "-0.77600", "2018-12-31": "-0.36500", "2018-09-30": "-1.04700", "2018-06-30": "-0.76300", "2018-03-31": "-0.56500", "2017-12-31": "-1.34400", "2017-09-30": "-2.11700", "2017-06-30": "-1.64700", "2017-03-31": "-1.25500", "2016-12-31": "-0.67700", "2016-09-30": "-0.99600", "2016-06-30": "-1.05400", "2016-03-31": "-0.98600", "2015-12-31": "-1.02100", "2015-09-30": "-1.51900", "2015-06-30": "-1.63000", "2015-03-31": "-1.37700", "2014-12-31": "-1.41600", "2014-09-30": "-1.53400", "2014-06-30": "-1.24700", "2014-03-31": "-1.00900", "2013-12-31": "-1.17900", "2013-09-30": "-1.78100", "2013-06-30": "-1.68800", "2013-03-31": "-1.18200", "2012-12-31": "-1.24200", "2012-09-30": "-1.18500", "2012-06-30": "-1.35000", "2012-03-31": "-0.88800", "2011-12-31": "-1.28700", "2011-09-30": "-1.35200", "2011-06-30": "-0.99700", "2011-03-31": "-0.82200", "2010-12-31": "-0.83000", "2010-09-30": "-0.86900", "2010-06-30": "-0.89400", "2010-03-31": "-0.89700", "2009-12-31": "-1.02800", "2009-09-30": "-1.03100", "2009-06-30": "-0.34400", "2009-03-31": "-0.32800", "2008-12-31": "-0.40400", "2008-09-30": "-0.63200", "2008-06-30": "-0.38700", "2008-03-31": "-0.59500", "2007-12-31": "-1.07800", "2007-09-30": "-1.25500", "2007-06-30": "-0.39000", "2007-03-31": "-0.44900", "2006-12-31": "-0.80100", "2006-09-30": "-1.10100", "2006-06-30": "-1.12000", "2006-03-31": "-0.79900", "2005-12-31": "-0.57300", "2005-09-30": "-0.74800", "2005-06-30": "-0.97800", "2005-03-31": "-1.04500"}, "Pre-Tax Income": {"2020-09-30": "156.67300", "2020-06-30": "128.96600", "2020-03-31": "44.45300", "2019-12-31": "51.42300", "2019-09-30": "123.88500", "2019-06-30": "133.18800", "2019-03-31": "54.35600", "2018-12-31": "58.13700", "2018-09-30": "121.25000", "2018-06-30": "136.58300", "2018-03-31": "53.37200", "2017-12-31": "60.02200", "2017-09-30": "112.34400", "2017-06-30": "127.70100", "2017-03-31": "47.44400", "2016-12-31": "57.39700", "2016-09-30": "118.30400", "2016-06-30": "116.53600", "2016-03-31": "49.68200", "2015-12-31": "53.18000", "2015-09-30": "109.16100", "2015-06-30": "123.22900", "2015-03-31": "45.63100", "2014-12-31": "50.56000", "2014-09-30": "103.70400", "2014-06-30": "111.73300", "2014-03-31": "34.54400", "2013-12-31": "38.93600", "2013-09-30": "93.67400", "2013-06-30": "103.39700", "2013-03-31": "29.37200", "2012-12-31": "32.18900", "2012-09-30": "84.51200", "2012-06-30": "84.52100", "2012-03-31": "19.02100", "2011-12-31": "31.21300", "2011-09-30": "72.95900", "2011-06-30": "74.53200", "2011-03-31": "15.88800", "2010-12-31": "20.96500", "2010-09-30": "63.12400", "2010-06-30": "70.02500", "2010-03-31": "7.96800", "2009-12-31": "13.84800", "2009-09-30": "40.42100", "2009-06-30": "25.95000", "2009-03-31": "-1.89000", "2008-12-31": "5.34800", "2008-09-30": "37.07200", "2008-06-30": "41.93900", "2008-03-31": "12.23100", "2007-12-31": "10.71800", "2007-09-30": "40.58200", "2007-06-30": "39.11800", "2007-03-31": "17.56400", "2006-12-31": "18.48400", "2006-09-30": "46.11700", "2006-06-30": "45.92900", "2006-03-31": "21.04300", "2005-12-31": "23.63100", "2005-09-30": "39.40700", "2005-06-30": "36.13700", "2005-03-31": "14.76400"}, "Income Taxes": {"2020-09-30": "30.46700", "2020-06-30": "24.72400", "2020-03-31": "8.20600", "2019-12-31": "7.01700", "2019-09-30": "24.23000", "2019-06-30": "25.27800", "2019-03-31": "10.55200", "2018-12-31": "9.13500", "2018-09-30": "24.36400", "2018-06-30": "28.31900", "2018-03-31": "10.99500", "2017-12-31": "7.36600", "2017-09-30": "32.32500", "2017-06-30": "36.85400", "2017-03-31": "13.67600", "2016-12-31": "17.53000", "2016-09-30": "37.78600", "2016-06-30": "35.11200", "2016-03-31": "15.50800", "2015-12-31": "16.84100", "2015-09-30": "34.51700", "2015-06-30": "38.98800", "2015-03-31": "14.33100", "2014-12-31": "15.77700", "2014-09-30": "32.57300", "2014-06-30": "33.34800", "2014-03-31": "10.14100", "2013-12-31": "11.00600", "2013-09-30": "27.55600", "2013-06-30": "30.81500", "2013-03-31": "8.28300", "2012-12-31": "8.51200", "2012-09-30": "24.98100", "2012-06-30": "23.62000", "2012-03-31": "5.52900", "2011-12-31": "8.68300", "2011-09-30": "21.14100", "2011-06-30": "22.26000", "2011-03-31": "4.76600", "2010-12-31": "6.44300", "2010-09-30": "19.60600", "2010-06-30": "21.81800", "2010-03-31": "2.49300", "2009-12-31": "4.52600", "2009-09-30": "13.28000", "2009-06-30": "9.66800", "2009-03-31": "-0.71800", "2008-12-31": "2.00500", "2008-09-30": "13.74000", "2008-06-30": "15.88900", "2008-03-31": "4.58700", "2007-12-31": "4.01900", "2007-09-30": "15.21800", "2007-06-30": "14.67000", "2007-03-31": "6.58600", "2006-12-31": "6.93200", "2006-09-30": "17.16000", "2006-06-30": "17.25200", "2006-03-31": "7.99600", "2005-12-31": "9.00400", "2005-09-30": "15.06000", "2005-06-30": "13.73100", "2005-03-31": "5.61600"}, "Income After Taxes": {"2020-09-30": "126.20600", "2020-06-30": "104.24200", "2020-03-31": "36.24700", "2019-12-31": "44.40600", "2019-09-30": "99.65500", "2019-06-30": "107.91000", "2019-03-31": "43.80400", "2018-12-31": "49.00200", "2018-09-30": "96.88600", "2018-06-30": "108.26400", "2018-03-31": "42.37700", "2017-12-31": "52.65600", "2017-09-30": "80.01900", "2017-06-30": "90.84700", "2017-03-31": "33.76800", "2016-12-31": "39.86700", "2016-09-30": "80.51800", "2016-06-30": "81.42400", "2016-03-31": "34.17400", "2015-12-31": "36.33900", "2015-09-30": "74.64400", "2015-06-30": "84.24100", "2015-03-31": "31.30000", "2014-12-31": "34.78300", "2014-09-30": "71.13100", "2014-06-30": "78.38500", "2014-03-31": "24.40300", "2013-12-31": "27.93000", "2013-09-30": "66.11800", "2013-06-30": "72.58200", "2013-03-31": "21.08900", "2012-12-31": "23.67700", "2012-09-30": "59.53100", "2012-06-30": "60.90100", "2012-03-31": "13.49200", "2011-12-31": "22.53000", "2011-09-30": "51.81800", "2011-06-30": "52.27200", "2011-03-31": "11.12200", "2010-12-31": "14.52200", "2010-09-30": "43.51800", "2010-06-30": "48.20700", "2010-03-31": "5.47500", "2009-12-31": "9.32200", "2009-09-30": "27.14100", "2009-06-30": "16.28200", "2009-03-31": "-1.17200", "2008-12-31": "3.34300", "2008-09-30": "23.33200", "2008-06-30": "26.05000", "2008-03-31": "7.64400", "2007-12-31": "6.69900", "2007-09-30": "25.36400", "2007-06-30": "24.44800", "2007-03-31": "10.97800", "2006-12-31": "11.55200", "2006-09-30": "28.95700", "2006-06-30": "28.67700", "2006-03-31": "13.04700", "2005-12-31": "14.62700", "2005-09-30": "24.34700", "2005-06-30": "22.40600", "2005-03-31": "9.14800"}, "Other Income": {"2020-09-30": "", "2020-06-30": "", "2020-03-31": "", "2019-12-31": "", "2019-09-30": "", "2019-06-30": "", "2019-03-31": "", "2018-12-31": "", "2018-09-30": "", "2018-06-30": "", "2018-03-31": "", "2017-12-31": "", "2017-09-30": "", "2017-06-30": "", "2017-03-31": "", "2016-12-31": "", "2016-09-30": "", "2016-06-30": "", "2016-03-31": "", "2015-12-31": "", "2015-09-30": "", "2015-06-30": "", "2015-03-31": "", "2014-12-31": "", "2014-09-30": "", "2014-06-30": "", "2014-03-31": "", "2013-12-31": "", "2013-09-30": "", "2013-06-30": "", "2013-03-31": "", "2012-12-31": "", "2012-09-30": "", "2012-06-30": "", "2012-03-31": "", "2011-12-31": "", "2011-09-30": "", "2011-06-30": "", "2011-03-31": "", "2010-12-31": "", "2010-09-30": "", "2010-06-30": "", "2010-03-31": "", "2009-12-31": "", "2009-09-30": "", "2009-06-30": "", "2009-03-31": "", "2008-12-31": "", "2008-09-30": "", "2008-06-30": "", "2008-03-31": "", "2007-12-31": "", "2007-09-30": "", "2007-06-30": "", "2007-03-31": "", "2006-12-31": "", "2006-09-30": "", "2006-06-30": "", "2006-03-31": "", "2005-12-31": "", "2005-09-30": "", "2005-06-30": "", "2005-03-31": ""}, "Income From Continuous Operations": {"2020-09-30": "126.20600", "2020-06-30": "104.24200", "2020-03-31": "36.24700", "2019-12-31": "44.40600", "2019-09-30": "99.65500", "2019-06-30": "107.91000", "2019-03-31": "43.80400", "2018-12-31": "49.00200", "2018-09-30": "96.88600", "2018-06-30": "108.26400", "2018-03-31": "42.37700", "2017-12-31": "52.65600", "2017-09-30": "80.01900", "2017-06-30": "90.84700", "2017-03-31": "33.76800", "2016-12-31": "39.86700", "2016-09-30": "80.51800", "2016-06-30": "81.42400", "2016-03-31": "34.17400", "2015-12-31": "36.33900", "2015-09-30": "74.64400", "2015-06-30": "84.24100", "2015-03-31": "31.30000", "2014-12-31": "34.78300", "2014-09-30": "71.13100", "2014-06-30": "78.38500", "2014-03-31": "24.40300", "2013-12-31": "27.93000", "2013-09-30": "66.11800", "2013-06-30": "72.58200", "2013-03-31": "21.08900", "2012-12-31": "23.67700", "2012-09-30": "59.53100", "2012-06-30": "60.90100", "2012-03-31": "13.49200", "2011-12-31": "22.53000", "2011-09-30": "51.81800", "2011-06-30": "52.27200", "2011-03-31": "11.12200", "2010-12-31": "14.52200", "2010-09-30": "43.51800", "2010-06-30": "48.20700", "2010-03-31": "5.47500", "2009-12-31": "9.32200", "2009-09-30": "27.14100", "2009-06-30": "16.28200", "2009-03-31": "-1.17200", "2008-12-31": "3.34300", "2008-09-30": "23.33200", "2008-06-30": "26.05000", "2008-03-31": "7.64400", "2007-12-31": "6.69900", "2007-09-30": "25.36400", "2007-06-30": "24.44800", "2007-03-31": "10.97800", "2006-12-31": "11.55200", "2006-09-30": "28.95700", "2006-06-30": "28.67700", "2006-03-31": "13.04700", "2005-12-31": "14.62700", "2005-09-30": "24.34700", "2005-06-30": "22.40600", "2005-03-31": "9.14800"}, "Income From Discontinued Operations": {"2020-09-30": "", "2020-06-30": "", "2020-03-31": "", "2019-12-31": "", "2019-09-30": "", "2019-06-30": "", "2019-03-31": "", "2018-12-31": "", "2018-09-30": "", "2018-06-30": "", "2018-03-31": "", "2017-12-31": "", "2017-09-30": "", "2017-06-30": "", "2017-03-31": "", "2016-12-31": "", "2016-09-30": "", "2016-06-30": "", "2016-03-31": "", "2015-12-31": "", "2015-09-30": "", "2015-06-30": "", "2015-03-31": "", "2014-12-31": "", "2014-09-30": "", "2014-06-30": "", "2014-03-31": "", "2013-12-31": "", "2013-09-30": "", "2013-06-30": "", "2013-03-31": "", "2012-12-31": "", "2012-09-30": "", "2012-06-30": "", "2012-03-31": "", "2011-12-31": "", "2011-09-30": "", "2011-06-30": "", "2011-03-31": "", "2010-12-31": "", "2010-09-30": "", "2010-06-30": "", "2010-03-31": "", "2009-12-31": "", "2009-09-30": "", "2009-06-30": "", "2009-03-31": "", "2008-12-31": "", "2008-09-30": "", "2008-06-30": "", "2008-03-31": "", "2007-12-31": "-0.03400", "2007-09-30": "-0.11600", "2007-06-30": "-1.59800", "2007-03-31": "-0.16400", "2006-12-31": "-0.03400", "2006-09-30": "0.09400", "2006-06-30": "0.07100", "2006-03-31": "", "2005-12-31": "", "2005-09-30": "", "2005-06-30": "", "2005-03-31": ""}, "Net Income": {"2020-09-30": "106.48900", "2020-06-30": "86.57800", "2020-03-31": "30.50200", "2019-12-31": "16.86600", "2019-09-30": "83.48000", "2019-06-30": "90.15500", "2019-03-31": "35.03700", "2018-12-31": "37.40600", "2018-09-30": "72.71200", "2018-06-30": "82.57800", "2018-03-31": "30.44400", "2017-12-31": "40.60400", "2017-09-30": "59.55900", "2017-06-30": "67.56700", "2017-03-31": "23.06100", "2016-12-31": "27.49500", "2016-09-30": "58.01800", "2016-06-30": "59.36700", "2016-03-31": "23.12400", "2015-12-31": "24.50200", "2015-09-30": "53.37300", "2015-06-30": "60.24000", "2015-03-31": "21.18000", "2014-12-31": "22.26200", "2014-09-30": "50.35500", "2014-06-30": "51.81500", "2014-03-31": "15.51100", "2013-12-31": "16.07400", "2013-09-30": "42.44800", "2013-06-30": "47.68900", "2013-03-31": "12.44800", "2012-12-31": "4.03800", "2012-09-30": "38.18300", "2012-06-30": "36.39900", "2012-03-31": "7.05800", "2011-12-31": "13.23800", "2011-09-30": "31.25200", "2011-06-30": "33.56700", "2011-03-31": "6.34800", "2010-12-31": "7.50500", "2010-09-30": "29.60200", "2010-06-30": "35.04500", "2010-03-31": "3.83300", "2009-12-31": "7.07300", "2009-09-30": "21.13100", "2009-06-30": "16.28200", "2009-03-31": "-1.17200", "2008-12-31": "3.34300", "2008-09-30": "23.33200", "2008-06-30": "26.05000", "2008-03-31": "7.64400", "2007-12-31": "6.66500", "2007-09-30": "25.24800", "2007-06-30": "22.85000", "2007-03-31": "10.81400", "2006-12-31": "11.51800", "2006-09-30": "29.05100", "2006-06-30": "28.74800", "2006-03-31": "13.04700", "2005-12-31": "14.11800", "2005-09-30": "24.34700", "2005-06-30": "22.40600", "2005-03-31": "9.14800"}, "EBITDA": {"2020-09-30": "163.23310", "2020-06-30": "135.66800", "2020-03-31": "51.72200", "2019-12-31": "58.56170", "2019-09-30": "131.64610", "2019-06-30": "140.28800", "2019-03-31": "60.90000", "2018-12-31": "64.09710", "2018-09-30": "127.77000", "2018-06-30": "142.83510", "2018-03-31": "59.47500", "2017-12-31": "66.89060", "2017-09-30": "120.03590", "2017-06-30": "134.91700", "2017-03-31": "54.06400", "2016-12-31": "63.06240", "2016-09-30": "124.33510", "2016-06-30": "122.67610", "2016-03-31": "55.62500", "2015-12-31": "59.10160", "2015-09-30": "115.48690", "2015-06-30": "129.64700", "2015-03-31": "51.62900", "2014-12-31": "56.55510", "2014-09-30": "109.73900", "2014-06-30": "117.39300", "2014-03-31": "39.98700", "2013-12-31": "44.59810", "2013-09-30": "99.95800", "2013-06-30": "109.50510", "2013-03-31": "34.85400", "2012-12-31": "38.06590", "2012-09-30": "90.11600", "2012-06-30": "89.64700", "2012-03-31": "22.99000", "2011-12-31": "35.67610", "2011-09-30": "77.40300", "2011-06-30": "78.36900", "2011-03-31": "19.32700", "2010-12-31": "24.89590", "2010-09-30": "66.51510", "2010-06-30": "73.46500", "2010-03-31": "11.46700", "2009-12-31": "17.48500", "2009-09-30": "43.96300", "2009-06-30": "27.98900", "2009-03-31": "0.15600", "2008-12-31": "7.47200", "2008-09-30": "39.48600", "2008-06-30": "44.08300", "2008-03-31": "14.63800", "2007-12-31": "13.69920", "2007-09-30": "43.45100", "2007-06-30": "40.96000", "2007-03-31": "19.46400", "2006-12-31": "20.78910", "2006-09-30": "48.68700", "2006-06-30": "48.42700", "2006-03-31": "23.27700", "2005-12-31": "25.89600", "2005-09-30": "41.54200", "2005-06-30": "38.63900", "2005-03-31": "17.27600"}, "EBIT": {"2020-09-30": "156.78110", "2020-06-30": "129.24900", "2020-03-31": "45.24300", "2019-12-31": "52.03270", "2019-09-30": "125.31910", "2019-06-30": "134.40000", "2019-03-31": "55.13200", "2018-12-31": "58.50200", "2018-09-30": "122.29700", "2018-06-30": "137.34610", "2018-03-31": "53.93700", "2017-12-31": "61.36630", "2017-09-30": "114.46090", "2017-06-30": "129.34800", "2017-03-31": "48.69900", "2016-12-31": "58.07420", "2016-09-30": "119.30000", "2016-06-30": "117.59010", "2016-03-31": "50.66800", "2015-12-31": "54.20060", "2015-09-30": "110.67990", "2015-06-30": "124.85900", "2015-03-31": "47.00800", "2014-12-31": "51.97610", "2014-09-30": "105.23800", "2014-06-30": "112.98000", "2014-03-31": "35.55300", "2013-12-31": "40.11520", "2013-09-30": "95.45500", "2013-06-30": "105.08510", "2013-03-31": "30.55400", "2012-12-31": "33.43090", "2012-09-30": "85.69700", "2012-06-30": "85.87100", "2012-03-31": "19.90900", "2011-12-31": "32.50010", "2011-09-30": "74.31100", "2011-06-30": "75.52900", "2011-03-31": "16.71000", "2010-12-31": "21.79500", "2010-09-30": "63.99300", "2010-06-30": "70.91900", "2010-03-31": "8.86500", "2009-12-31": "14.87590", "2009-09-30": "41.45200", "2009-06-30": "26.29400", "2009-03-31": "-1.56200", "2008-12-31": "5.75200", "2008-09-30": "37.70400", "2008-06-30": "42.32600", "2008-03-31": "12.82600", "2007-12-31": "11.79610", "2007-09-30": "41.83700", "2007-06-30": "39.50800", "2007-03-31": "18.01300", "2006-12-31": "19.28510", "2006-09-30": "47.21800", "2006-06-30": "47.04900", "2006-03-31": "21.84200", "2005-12-31": "24.20400", "2005-09-30": "40.15500", "2005-06-30": "37.11500", "2005-03-31": "15.80900"}, "Basic Shares Outstanding": {"2020-09-30": "35.10000", "2020-06-30": "35.04300", "2020-03-31": "34.99500", "2019-12-31": "34.64500", "2019-09-30": "34.75600", "2019-06-30": "34.43600", "2019-03-31": "34.38800", "2018-12-31": "34.32000", "2018-09-30": "34.34000", "2018-06-30": "34.31000", "2018-03-31": "34.25430", "2017-12-31": "32.82500", "2017-09-30": "32.71200", "2017-06-30": "32.68250", "2017-03-31": "32.64260", "2016-12-31": "32.58200", "2016-09-30": "32.61400", "2016-06-30": "32.57500", "2016-03-31": "32.51180", "2015-12-31": "32.43600", "2015-09-30": "32.45900", "2015-06-30": "32.42700", "2015-03-31": "32.37700", "2014-12-31": "32.30800", "2014-09-30": "32.33100", "2014-06-30": "32.29600", "2014-03-31": "32.25000", "2013-12-31": "32.19600", "2013-09-30": "32.20600", "2013-06-30": "32.18300", "2013-03-31": "32.15800", "2012-12-31": "31.68000", "2012-09-30": "32.10800", "2012-06-30": "31.71700", "2012-03-31": "30.75700", "2011-12-31": "30.67800", "2011-09-30": "30.69500", "2011-06-30": "30.68500", "2011-03-31": "30.60200", "2010-12-31": "30.46700", "2010-09-30": "30.50000", "2010-06-30": "30.46100", "2010-03-31": "30.22800", "2009-12-31": "28.22300", "2009-09-30": "30.17900", "2009-06-30": "26.87700", "2009-03-31": "26.67300", "2008-12-31": "26.45300", "2008-09-30": "26.53900", "2008-06-30": "26.46700", "2008-03-31": "26.27800", "2007-12-31": "26.29700", "2007-09-30": "26.39900", "2007-06-30": "26.33600", "2007-03-31": "26.20300", "2006-12-31": "26.15000", "2006-09-30": "26.13600", "2006-06-30": "26.18600", "2006-03-31": "26.12100", "2005-12-31": "26.04900", "2005-09-30": "26.03000", "2005-06-30": "26.04400", "2005-03-31": "25.93500"}, "Shares Outstanding": {"2020-09-30": "35.23700", "2020-06-30": "35.06500", "2020-03-31": "35.02400", "2019-12-31": "34.67600", "2019-09-30": "34.78900", "2019-06-30": "34.46300", "2019-03-31": "34.40300", "2018-12-31": "34.37400", "2018-09-30": "34.39900", "2018-06-30": "34.37900", "2018-03-31": "34.32010", "2017-12-31": "32.86300", "2017-09-30": "32.74600", "2017-06-30": "32.70860", "2017-03-31": "32.67980", "2016-12-31": "32.61700", "2016-09-30": "32.65000", "2016-06-30": "32.60600", "2016-03-31": "32.53720", "2015-12-31": "32.48000", "2015-09-30": "32.49900", "2015-06-30": "32.47700", "2015-03-31": "32.43100", "2014-12-31": "32.35900", "2014-09-30": "32.37600", "2014-06-30": "32.35300", "2014-03-31": "32.30500", "2013-12-31": "32.25800", "2013-09-30": "32.27600", "2013-06-30": "32.24900", "2013-03-31": "32.21300", "2012-12-31": "31.74400", "2012-09-30": "32.16800", "2012-06-30": "31.78400", "2012-03-31": "30.83400", "2011-12-31": "30.75300", "2011-09-30": "30.75900", "2011-06-30": "30.77000", "2011-03-31": "30.69400", "2010-12-31": "30.57900", "2010-09-30": "30.60100", "2010-06-30": "30.57000", "2010-03-31": "30.36600", "2009-12-31": "28.52100", "2009-09-30": "30.43700", "2009-06-30": "27.25000", "2009-03-31": "26.67300", "2008-12-31": "27.02200", "2008-09-30": "27.11800", "2008-06-30": "27.04200", "2008-03-31": "27.56400", "2007-12-31": "27.13900", "2007-09-30": "27.91900", "2007-06-30": "27.93900", "2007-03-31": "27.79200", "2006-12-31": "27.82900", "2006-09-30": "27.68900", "2006-06-30": "27.89100", "2006-03-31": "27.98400", "2005-12-31": "27.76900", "2005-09-30": "27.77700", "2005-06-30": "27.77100", "2005-03-31": "27.55400"}, "Basic EPS": {"2020-09-30": "2.77000", "2020-06-30": "2.26000", "2020-03-31": "0.72000", "2019-12-31": "1.03000", "2019-09-30": "2.20000", "2019-06-30": "2.40000", "2019-03-31": "0.88000", "2018-12-31": "1.08000", "2018-09-30": "2.12000", "2018-06-30": "2.41000", "2018-03-31": "0.89000", "2017-12-31": "1.21000", "2017-09-30": "1.82000", "2017-06-30": "2.07000", "2017-03-31": "0.71000", "2016-12-31": "0.85000", "2016-09-30": "1.78000", "2016-06-30": "1.82000", "2016-03-31": "0.71000", "2015-12-31": "0.76000", "2015-09-30": "1.64000", "2015-06-30": "1.86000", "2015-03-31": "0.65000", "2014-12-31": "0.69000", "2014-09-30": "1.56000", "2014-06-30": "1.60000", "2014-03-31": "0.48000", "2013-12-31": "0.50000", "2013-09-30": "1.32000", "2013-06-30": "1.48000", "2013-03-31": "0.39000", "2012-12-31": "0.13000", "2012-09-30": "1.19000", "2012-06-30": "1.15000", "2012-03-31": "0.23000", "2011-12-31": "0.43000", "2011-09-30": "1.02000", "2011-06-30": "1.09000", "2011-03-31": "0.21000", "2010-12-31": "0.34000", "2010-09-30": "0.97000", "2010-06-30": "1.08000", "2010-03-31": "0.10000", "2009-12-31": "0.26000", "2009-09-30": "0.66000", "2009-06-30": "0.57000", "2009-03-31": "-0.07000", "2008-12-31": "0.11000", "2008-09-30": "0.82000", "2008-06-30": "0.92000", "2008-03-31": "0.29000", "2007-12-31": "0.10000", "2007-09-30": "0.96000", "2007-06-30": "0.87000", "2007-03-31": "0.41000", "2006-12-31": "0.44000", "2006-09-30": "1.11000", "2006-06-30": "1.10000", "2006-03-31": "0.50000", "2005-12-31": "0.54000", "2005-09-30": "0.94000", "2005-06-30": "0.86000", "2005-03-31": "0.35000"}, "EPS - Earnings Per Share": {"2020-09-30": "2.76000", "2020-06-30": "2.26000", "2020-03-31": "0.72000", "2019-12-31": "1.02000", "2019-09-30": "2.20000", "2019-06-30": "2.40000", "2019-03-31": "0.88000", "2018-12-31": "1.09000", "2018-09-30": "2.11000", "2018-06-30": "2.40000", "2018-03-31": "0.89000", "2017-12-31": "1.21000", "2017-09-30": "1.82000", "2017-06-30": "2.07000", "2017-03-31": "0.71000", "2016-12-31": "0.84000", "2016-09-30": "1.78000", "2016-06-30": "1.82000", "2016-03-31": "0.71000", "2015-12-31": "0.76000", "2015-09-30": "1.64000", "2015-06-30": "1.85000", "2015-03-31": "0.65000", "2014-12-31": "0.68000", "2014-09-30": "1.56000", "2014-06-30": "1.60000", "2014-03-31": "0.48000", "2013-12-31": "0.49000", "2013-09-30": "1.32000", "2013-06-30": "1.48000", "2013-03-31": "0.39000", "2012-12-31": "0.13000", "2012-09-30": "1.19000", "2012-06-30": "1.15000", "2012-03-31": "0.23000", "2011-12-31": "0.42000", "2011-09-30": "1.02000", "2011-06-30": "1.09000", "2011-03-31": "0.21000", "2010-12-31": "0.34000", "2010-09-30": "0.97000", "2010-06-30": "1.08000", "2010-03-31": "0.10000", "2009-12-31": "0.25000", "2009-09-30": "0.66000", "2009-06-30": "0.56000", "2009-03-31": "-0.07000", "2008-12-31": "0.10000", "2008-09-30": "0.81000", "2008-06-30": "0.90000", "2008-03-31": "0.28000", "2007-12-31": "0.16000", "2007-09-30": "0.90000", "2007-06-30": "0.82000", "2007-03-31": "0.39000", "2006-12-31": "0.41000", "2006-09-30": "1.05000", "2006-06-30": "1.03000", "2006-03-31": "0.47000", "2005-12-31": "0.50000", "2005-09-30": "0.88000", "2005-06-30": "0.81000", "2005-03-31": "0.33000"}}, "balance sheet": {"Cash On Hand": {"2019-12-31": "74.45400", "2018-12-31": "82.89400", "2017-12-31": "80.49600", "2016-12-31": "56.01000", "2015-12-31": "35.22900", "2014-12-31": "24.44700", "2013-12-31": "19.47800", "2012-12-31": "73.77000", "2011-12-31": "15.67300", "2010-12-31": "126.49800", "2009-12-31": "58.09300", "2008-12-31": "41.44400", "2007-12-31": "9.40500", "2006-12-31": "33.80000", "2005-12-31": "27.65000"}, "Receivables": {"2019-12-31": "533.81000", "2018-12-31": "501.90800", "2017-12-31": "478.13300", "2016-12-31": "475.97400", "2015-12-31": "451.07900", "2014-12-31": "434.23400", "2013-12-31": "399.56500", "2012-12-31": "377.65500", "2011-12-31": "327.66400", "2010-12-31": "305.08800", "2009-12-31": "266.28400", "2008-12-31": "151.31700", "2007-12-31": "178.41500", "2006-12-31": "177.64600", "2005-12-31": "191.74700"}, "Inventory": {"2019-12-31": "920.78600", "2018-12-31": "837.12900", "2017-12-31": "761.31400", "2016-12-31": "685.01100", "2015-12-31": "673.96700", "2014-12-31": "677.99000", "2013-12-31": "583.15400", "2012-12-31": "546.08300", "2011-12-31": "465.34900", "2010-12-31": "391.92500", "2009-12-31": "410.07800", "2008-12-31": "250.91400", "2007-12-31": "288.14900", "2006-12-31": "291.02400", "2005-12-31": "266.54300"}, "Pre-Paid Expenses": {"2019-12-31": "", "2018-12-31": "", "2017-12-31": "", "2016-12-31": "", "2015-12-31": "", "2014-12-31": "", "2013-12-31": "", "2012-12-31": "", "2011-12-31": "", "2010-12-31": "", "2009-12-31": "", "2008-12-31": "", "2007-12-31": "", "2006-12-31": "", "2005-12-31": ""}, "Other Current Assets": {"2019-12-31": "17.68000", "2018-12-31": "19.87500", "2017-12-31": "17.45400", "2016-12-31": "23.16100", "2015-12-31": "20.99000", "2014-12-31": "20.66400", "2013-12-31": "18.90500", "2012-12-31": "17.94300", "2011-12-31": "19.49100", "2010-12-31": "14.49300", "2009-12-31": "20.84300", "2008-12-31": "13.02800", "2007-12-31": "13.20300", "2006-12-31": "11.63500", "2005-12-31": "8.05100"}, "Total Current Assets": {"2019-12-31": "1546.73000", "2018-12-31": "1441.80600", "2017-12-31": "1337.39700", "2016-12-31": "1240.15600", "2015-12-31": "1181.26500", "2014-12-31": "1157.33500", "2013-12-31": "1021.10200", "2012-12-31": "1015.45100", "2011-12-31": "828.17700", "2010-12-31": "838.00400", "2009-12-31": "755.29800", "2008-12-31": "456.70300", "2007-12-31": "489.17200", "2006-12-31": "521.05000", "2005-12-31": "493.99100"}, "Property, Plant, And Equipment": {"2019-12-31": "98.52300", "2018-12-31": "91.04600", "2017-12-31": "91.19800", "2016-12-31": "90.50200", "2015-12-31": "62.71500", "2014-12-31": "53.48000", "2013-12-31": "45.41800", "2012-12-31": "42.84200", "2011-12-31": "39.45500", "2010-12-31": "31.22100", "2009-12-31": "33.11800", "2008-12-31": "24.20900", "2007-12-31": "26.90400", "2006-12-31": "21.21100", "2005-12-31": "17.24400"}, "Long-Term Investments": {"2019-12-31": "94.83300", "2018-12-31": "80.15700", "2017-12-31": "", "2016-12-31": "", "2015-12-31": "", "2014-12-31": "", "2013-12-31": "", "2012-12-31": "", "2011-12-31": "", "2010-12-31": "", "2009-12-31": "", "2008-12-31": "", "2007-12-31": "", "2006-12-31": "", "2005-12-31": ""}, "Goodwill And Intangible Assets": {"2019-12-31": "583.22100", "2018-12-31": "539.84900", "2017-12-31": "543.79400", "2016-12-31": "538.30100", "2015-12-31": "538.79100", "2014-12-31": "573.78700", "2013-12-31": "596.45300", "2012-12-31": "616.76300", "2011-12-31": "394.80600", "2010-12-31": "360.33000", "2009-12-31": "361.82300", "2008-12-31": "230.46800", "2007-12-31": "217.12900", "2006-12-31": "157.55800", "2005-12-31": "158.91200"}, "Other Long-Term Assets": {"2019-12-31": "9.48500", "2018-12-31": "8.17500", "2017-12-31": "74.48800", "2016-12-31": "5.69000", "2015-12-31": "5.67100", "2014-12-31": "6.46500", "2013-12-31": "6.55800", "2012-12-31": "6.99900", "2011-12-31": "5.71000", "2010-12-31": "7.67200", "2009-12-31": "10.37400", "2008-12-31": "4.68100", "2007-12-31": "16.90800", "2006-12-31": "10.54900", "2005-12-31": "8.58400"}, "Total Long-Term Assets": {"2019-12-31": "1009.43100", "2018-12-31": "719.22700", "2017-12-31": "709.48000", "2016-12-31": "634.49300", "2015-12-31": "607.17710", "2014-12-31": "633.73200", "2013-12-31": "648.42900", "2012-12-31": "666.60400", "2011-12-31": "439.97100", "2010-12-31": "399.22300", "2009-12-31": "405.31500", "2008-12-31": "259.35800", "2007-12-31": "260.94100", "2006-12-31": "189.31800", "2005-12-31": "184.74000"}, "Total Assets": {"2019-12-31": "2556.16100", "2018-12-31": "2161.03300", "2017-12-31": "2046.87700", "2016-12-31": "1874.64900", "2015-12-31": "1788.44200", "2014-12-31": "1791.06700", "2013-12-31": "1669.53100", "2012-12-31": "1682.05500", "2011-12-31": "1268.14800", "2010-12-31": "1237.22700", "2009-12-31": "1160.61300", "2008-12-31": "716.06100", "2007-12-31": "750.11300", "2006-12-31": "710.36800", "2005-12-31": "678.73100"}, "Total Current Liabilities": {"2019-12-31": "461.71700", "2018-12-31": "357.56600", "2017-12-31": "416.47700", "2016-12-31": "314.88800", "2015-12-31": "270.30100", "2014-12-31": "287.02200", "2013-12-31": "243.50600", "2012-12-31": "282.35800", "2011-12-31": "223.03900", "2010-12-31": "266.00500", "2009-12-31": "223.92600", "2008-12-31": "107.82400", "2007-12-31": "129.36400", "2006-12-31": "155.18800", "2005-12-31": "179.29800"}, "Long Term Debt": {"2019-12-31": "157.70900", "2018-12-31": "135.75200", "2017-12-31": "22.08500", "2016-12-31": "235.64200", "2015-12-31": "245.81400", "2014-12-31": "303.88500", "2013-12-31": "230.55700", "2012-12-31": "316.19600", "2011-12-31": "", "2010-12-31": "10.01600", "2009-12-31": "13.42900", "2008-12-31": "20.78300", "2007-12-31": "55.04200", "2006-12-31": "30.11800", "2005-12-31": "40.18900"}, "Other Non-Current Liabilities": {"2019-12-31": "", "2018-12-31": "", "2017-12-31": "", "2016-12-31": "", "2015-12-31": "", "2014-12-31": "", "2013-12-31": "", "2012-12-31": "", "2011-12-31": "", "2010-12-31": "", "2009-12-31": "", "2008-12-31": "", "2007-12-31": "", "2006-12-31": "", "2005-12-31": ""}, "Total Long Term Liabilities": {"2019-12-31": "379.67700", "2018-12-31": "201.75400", "2017-12-31": "79.42300", "2016-12-31": "308.01300", "2015-12-31": "314.42000", "2014-12-31": "372.00600", "2013-12-31": "298.63300", "2012-12-31": "377.65700", "2011-12-31": "43.39900", "2010-12-31": "42.32600", "2009-12-31": "41.87900", "2008-12-31": "37.57700", "2007-12-31": "70.79200", "2006-12-31": "38.79400", "2005-12-31": "48.78300"}, "Total Liabilities": {"2019-12-31": "841.39400", "2018-12-31": "559.32000", "2017-12-31": "495.90000", "2016-12-31": "622.90100", "2015-12-31": "584.72100", "2014-12-31": "659.02800", "2013-12-31": "542.13900", "2012-12-31": "660.01500", "2011-12-31": "266.43800", "2010-12-31": "308.33100", "2009-12-31": "265.80500", "2008-12-31": "145.40100", "2007-12-31": "200.15600", "2006-12-31": "193.98200", "2005-12-31": "228.08100"}, "Common Stock Net": {"2019-12-31": "21.53300", "2018-12-31": "21.16700", "2017-12-31": "21.05000", "2016-12-31": "20.95100", "2015-12-31": "20.84100", "2014-12-31": "20.68900", "2013-12-31": "20.54900", "2012-12-31": "20.44600", "2011-12-31": "19.68800", "2010-12-31": "19.41000", "2009-12-31": "19.25500", "2008-12-31": "17.34900", "2007-12-31": "17.11700", "2006-12-31": "16.93400", "2005-12-31": "16.62700"}, "Retained Earnings (Accumulated Deficit)": {"2019-12-31": "632.50700", "2018-12-31": "627.96900", "2017-12-31": "594.55600", "2016-12-31": "550.48200", "2015-12-31": "495.27600", "2014-12-31": "420.87900", "2013-12-31": "339.36200", "2012-12-31": "251.47500", "2011-12-31": "404.36000", "2010-12-31": "387.18600", "2009-12-31": "372.45400", "2008-12-31": "386.22500", "2007-12-31": "375.20700", "2006-12-31": "346.37500", "2005-12-31": "290.38300"}, "Comprehensive Income": {"2019-12-31": "-39.05000", "2018-12-31": "-45.96800", "2017-12-31": "-34.22100", "2016-12-31": "-43.53000", "2015-12-31": "-46.90400", "2014-12-31": "-23.74700", "2013-12-31": "-11.47400", "2012-12-31": "-2.10200", "2011-12-31": "-0.35200", "2010-12-31": "-0.59300", "2009-12-31": "-0.82100", "2008-12-31": "-1.12500", "2007-12-31": "-0.43100", "2006-12-31": "-0.12600", "2005-12-31": "-0.47800"}, "Other Share Holders Equity": {"2019-12-31": "", "2018-12-31": "", "2017-12-31": "", "2016-12-31": "", "2015-12-31": "", "2014-12-31": "", "2013-12-31": "", "2012-12-31": "", "2011-12-31": "", "2010-12-31": "", "2009-12-31": "", "2008-12-31": "", "2007-12-31": "", "2006-12-31": "", "2005-12-31": ""}, "Share Holder Equity": {"2019-12-31": "1714.76700", "2018-12-31": "1601.71300", "2017-12-31": "1550.97700", "2016-12-31": "1251.74800", "2015-12-31": "1203.72100", "2014-12-31": "1132.03900", "2013-12-31": "1127.39200", "2012-12-31": "1022.04000", "2011-12-31": "1001.71000", "2010-12-31": "928.89600", "2009-12-31": "894.80800", "2008-12-31": "570.66000", "2007-12-31": "549.95700", "2006-12-31": "516.38600", "2005-12-31": "450.65000"}, "Total Liabilities And Share Holders Equity": {"2019-12-31": "2556.16100", "2018-12-31": "2161.03300", "2017-12-31": "2046.87700", "2016-12-31": "1874.64900", "2015-12-31": "1788.44200", "2014-12-31": "1791.06700", "2013-12-31": "1669.53100", "2012-12-31": "1682.05500", "2011-12-31": "1268.14800", "2010-12-31": "1237.22700", "2009-12-31": "1160.61300", "2008-12-31": "716.06100", "2007-12-31": "750.11300", "2006-12-31": "710.36800", "2005-12-31": "678.73100"}}, "balance sheet, quarterly": {"Cash On Hand": {"2020-09-30": "92.60000", "2020-06-30": "79.57300", "2020-03-31": "51.23600", "2019-12-31": "74.45400", "2019-09-30": "60.15000", "2019-06-30": "55.91500", "2019-03-31": "77.27300", "2018-12-31": "82.89400", "2018-09-30": "67.61200", "2018-06-30": "72.00000", "2018-03-31": "58.07300", "2017-12-31": "80.49600", "2017-09-30": "66.66700", "2017-06-30": "51.03400", "2017-03-31": "47.42100", "2016-12-31": "56.01000", "2016-09-30": "35.91000", "2016-06-30": "30.54400", "2016-03-31": "32.85600", "2015-12-31": "35.22900", "2015-09-30": "28.50500", "2015-06-30": "21.85100", "2015-03-31": "16.25100", "2014-12-31": "24.44700", "2014-09-30": "16.69100", "2014-06-30": "16.86500", "2014-03-31": "19.45700", "2013-12-31": "19.47800", "2013-09-30": "29.22900", "2013-06-30": "25.53100", "2013-03-31": "22.03300", "2012-12-31": "73.77000", "2012-09-30": "45.96100", "2012-06-30": "35.20700", "2012-03-31": "18.05700", "2011-12-31": "15.67300", "2011-09-30": "21.02200", "2011-06-30": "18.62700", "2011-03-31": "35.53500", "2010-12-31": "126.49800", "2010-09-30": "99.87100", "2010-06-30": "87.75700", "2010-03-31": "74.09600", "2009-12-31": "58.09300", "2009-09-30": "65.31700", "2009-06-30": "45.30300", "2009-03-31": "45.74300", "2008-12-31": "41.44400", "2008-09-30": "8.77300", "2008-06-30": "5.84400", "2008-03-31": "7.47500", "2007-12-31": "9.40500", "2007-09-30": "0.62000", "2007-06-30": "40.36300", "2007-03-31": "40.37400", "2006-12-31": "33.80000", "2006-09-30": "0.79000", "2006-06-30": "7.20400", "2006-03-31": "0.67500", "2005-12-31": "27.65000", "2005-09-30": "42.22200", "2005-06-30": "5.61500", "2005-03-31": "6.66500"}, "Receivables": {"2020-09-30": "644.12400", "2020-06-30": "676.56900", "2020-03-31": "574.82700", "2019-12-31": "533.81000", "2019-09-30": "640.80200", "2019-06-30": "655.41800", "2019-03-31": "504.71900", "2018-12-31": "501.90800", "2018-09-30": "602.75300", "2018-06-30": "659.88700", "2018-03-31": "486.65100", "2017-12-31": "478.13300", "2017-09-30": "568.45700", "2017-06-30": "613.19300", "2017-03-31": "481.60000", "2016-12-31": "475.97400", "2016-09-30": "548.00000", "2016-06-30": "606.51000", "2016-03-31": "464.15400", "2015-12-31": "451.07900", "2015-09-30": "510.00400", "2015-06-30": "599.07100", "2015-03-31": "436.45600", "2014-12-31": "434.23400", "2014-09-30": "502.52200", "2014-06-30": "549.90100", "2014-03-31": "394.87300", "2013-12-31": "399.56500", "2013-09-30": "466.34000", "2013-06-30": "525.61300", "2013-03-31": "380.91700", "2012-12-31": "377.65500", "2012-09-30": "455.67400", "2012-06-30": "509.61200", "2012-03-31": "339.37800", "2011-12-31": "327.66400", "2011-09-30": "404.74800", "2011-06-30": "435.01600", "2011-03-31": "282.96000", "2010-12-31": "305.08800", "2010-09-30": "337.95400", "2010-06-30": "385.53200", "2010-03-31": "257.52300", "2009-12-31": "266.28400", "2009-09-30": "326.02200", "2009-06-30": "176.42900", "2009-03-31": "135.95900", "2008-12-31": "151.31700", "2008-09-30": "194.74700", "2008-06-30": "230.02300", "2008-03-31": "177.61000", "2007-12-31": "178.41500", "2007-09-30": "227.81000", "2007-06-30": "206.86100", "2007-03-31": "175.83900", "2006-12-31": "177.64600", "2006-09-30": "212.22700", "2006-06-30": "228.72300", "2006-03-31": "186.70400", "2005-12-31": "191.74700", "2005-09-30": "205.56400", "2005-06-30": "208.77600", "2005-03-31": "169.54000"}, "Inventory": {"2020-09-30": "884.65300", "2020-06-30": "854.36800", "2020-03-31": "942.81500", "2019-12-31": "920.78600", "2019-09-30": "970.47500", "2019-06-30": "967.39400", "2019-03-31": "893.64000", "2018-12-31": "837.12900", "2018-09-30": "810.86900", "2018-06-30": "872.90200", "2018-03-31": "810.02100", "2017-12-31": "761.31400", "2017-09-30": "786.05600", "2017-06-30": "770.01200", "2017-03-31": "751.50500", "2016-12-31": "685.01100", "2016-09-30": "739.71800", "2016-06-30": "749.33300", "2016-03-31": "746.12200", "2015-12-31": "673.96700", "2015-09-30": "751.94400", "2015-06-30": "799.04400", "2015-03-31": "800.85600", "2014-12-31": "677.99000", "2014-09-30": "729.86500", "2014-06-30": "759.97300", "2014-03-31": "707.83900", "2013-12-31": "583.15400", "2013-09-30": "643.87400", "2013-06-30": "692.00600", "2013-03-31": "647.07800", "2012-12-31": "546.08300", "2012-09-30": "618.07700", "2012-06-30": "672.43400", "2012-03-31": "532.43200", "2011-12-31": "465.34900", "2011-09-30": "540.45600", "2011-06-30": "612.73600", "2011-03-31": "502.83200", "2010-12-31": "391.92500", "2010-09-30": "456.76800", "2010-06-30": "522.54500", "2010-03-31": "458.23400", "2009-12-31": "410.07800", "2009-09-30": "457.95100", "2009-06-30": "266.11900", "2009-03-31": "260.29700", "2008-12-31": "250.91400", "2008-09-30": "313.63700", "2008-06-30": "339.01700", "2008-03-31": "304.90100", "2007-12-31": "288.14900", "2007-09-30": "329.96500", "2007-06-30": "321.63200", "2007-03-31": "332.05500", "2006-12-31": "291.02400", "2006-09-30": "322.44400", "2006-06-30": "338.19800", "2006-03-31": "316.71800", "2005-12-31": "266.54300", "2005-09-30": "264.27300", "2005-06-30": "254.48200", "2005-03-31": "248.85000"}, "Pre-Paid Expenses": {"2020-09-30": "", "2020-06-30": "", "2020-03-31": "", "2019-12-31": "", "2019-09-30": "", "2019-06-30": "", "2019-03-31": "", "2018-12-31": "", "2018-09-30": "", "2018-06-30": "", "2018-03-31": "", "2017-12-31": "", "2017-09-30": "", "2017-06-30": "", "2017-03-31": "", "2016-12-31": "", "2016-09-30": "", "2016-06-30": "", "2016-03-31": "", "2015-12-31": "", "2015-09-30": "", "2015-06-30": "", "2015-03-31": "", "2014-12-31": "", "2014-09-30": "", "2014-06-30": "", "2014-03-31": "", "2013-12-31": "", "2013-09-30": "", "2013-06-30": "", "2013-03-31": "", "2012-12-31": "", "2012-09-30": "", "2012-06-30": "", "2012-03-31": "", "2011-12-31": "", "2011-09-30": "", "2011-06-30": "", "2011-03-31": "", "2010-12-31": "", "2010-09-30": "", "2010-06-30": "", "2010-03-31": "", "2009-12-31": "", "2009-09-30": "", "2009-06-30": "", "2009-03-31": "", "2008-12-31": "", "2008-09-30": "", "2008-06-30": "", "2008-03-31": "", "2007-12-31": "", "2007-09-30": "", "2007-06-30": "", "2007-03-31": "", "2006-12-31": "", "2006-09-30": "", "2006-06-30": "", "2006-03-31": "", "2005-12-31": "", "2005-09-30": "", "2005-06-30": "", "2005-03-31": ""}, "Other Current Assets": {"2020-09-30": "22.74200", "2020-06-30": "20.95900", "2020-03-31": "21.50100", "2019-12-31": "17.68000", "2019-09-30": "19.40000", "2019-06-30": "16.36700", "2019-03-31": "14.75200", "2018-12-31": "19.87500", "2018-09-30": "20.61100", "2018-06-30": "16.66400", "2018-03-31": "16.97900", "2017-12-31": "17.45400", "2017-09-30": "17.76100", "2017-06-30": "17.50200", "2017-03-31": "19.97500", "2016-12-31": "23.16100", "2016-09-30": "25.38100", "2016-06-30": "20.43800", "2016-03-31": "18.79300", "2015-12-31": "20.99000", "2015-09-30": "24.04100", "2015-06-30": "21.44400", "2015-03-31": "19.77300", "2014-12-31": "20.66400", "2014-09-30": "22.25800", "2014-06-30": "19.47900", "2014-03-31": "16.99700", "2013-12-31": "18.90500", "2013-09-30": "22.37200", "2013-06-30": "17.83400", "2013-03-31": "16.87200", "2012-12-31": "17.94300", "2012-09-30": "21.25800", "2012-06-30": "20.34200", "2012-03-31": "21.09500", "2011-12-31": "19.49100", "2011-09-30": "27.48900", "2011-06-30": "16.30000", "2011-03-31": "16.96200", "2010-12-31": "14.49300", "2010-09-30": "22.10700", "2010-06-30": "19.78400", "2010-03-31": "18.98900", "2009-12-31": "20.84300", "2009-09-30": "18.48500", "2009-06-30": "12.38100", "2009-03-31": "14.31700", "2008-12-31": "13.02800", "2008-09-30": "13.29200", "2008-06-30": "11.00300", "2008-03-31": "12.54900", "2007-12-31": "13.20300", "2007-09-30": "14.06900", "2007-06-30": "8.78400", "2007-03-31": "10.83700", "2006-12-31": "11.63500", "2006-09-30": "13.97200", "2006-06-30": "10.42600", "2006-03-31": "13.40400", "2005-12-31": "8.05100", "2005-09-30": "8.93100", "2005-06-30": "9.71100", "2005-03-31": "8.98700"}, "Total Current Assets": {"2020-09-30": "1644.11900", "2020-06-30": "1631.46900", "2020-03-31": "1590.37900", "2019-12-31": "1546.73000", "2019-09-30": "1690.82700", "2019-06-30": "1695.09400", "2019-03-31": "1490.38400", "2018-12-31": "1441.80600", "2018-09-30": "1501.84500", "2018-06-30": "1621.45300", "2018-03-31": "1371.72400", "2017-12-31": "1337.39700", "2017-09-30": "1438.94100", "2017-06-30": "1451.74100", "2017-03-31": "1300.50100", "2016-12-31": "1240.15600", "2016-09-30": "1349.00900", "2016-06-30": "1406.82500", "2016-03-31": "1261.92500", "2015-12-31": "1181.26500", "2015-09-30": "1314.49400", "2015-06-30": "1441.41000", "2015-03-31": "1273.33600", "2014-12-31": "1157.33500", "2014-09-30": "1271.33600", "2014-06-30": "1346.21800", "2014-03-31": "1139.16600", "2013-12-31": "1021.10200", "2013-09-30": "1161.81500", "2013-06-30": "1260.98400", "2013-03-31": "1066.90000", "2012-12-31": "1015.45100", "2012-09-30": "1140.97000", "2012-06-30": "1237.59500", "2012-03-31": "910.96200", "2011-12-31": "828.17700", "2011-09-30": "993.71500", "2011-06-30": "1082.67900", "2011-03-31": "838.28900", "2010-12-31": "838.00400", "2010-09-30": "916.70000", "2010-06-30": "1015.61800", "2010-03-31": "808.84200", "2009-12-31": "755.29800", "2009-09-30": "867.77500", "2009-06-30": "500.23200", "2009-03-31": "456.31600", "2008-12-31": "456.70300", "2008-09-30": "530.44900", "2008-06-30": "585.88700", "2008-03-31": "502.53500", "2007-12-31": "489.17200", "2007-09-30": "572.46400", "2007-06-30": "582.36500", "2007-03-31": "559.10500", "2006-12-31": "521.05000", "2006-09-30": "549.43300", "2006-06-30": "584.55100", "2006-03-31": "517.50100", "2005-12-31": "493.99100", "2005-09-30": "520.99000", "2005-06-30": "478.58400", "2005-03-31": "434.04200"}, "Property, Plant, And Equipment": {"2020-09-30": "97.66000", "2020-06-30": "97.14300", "2020-03-31": "97.44300", "2019-12-31": "98.52300", "2019-09-30": "97.92600", "2019-06-30": "95.58600", "2019-03-31": "93.17600", "2018-12-31": "91.04600", "2018-09-30": "91.27500", "2018-06-30": "91.31200", "2018-03-31": "90.23800", "2017-12-31": "91.19800", "2017-09-30": "91.48300", "2017-06-30": "92.25500", "2017-03-31": "90.53200", "2016-12-31": "90.50200", "2016-09-30": "59.72900", "2016-06-30": "60.31100", "2016-03-31": "61.86600", "2015-12-31": "62.71500", "2015-09-30": "63.29700", "2015-06-30": "60.98900", "2015-03-31": "53.11500", "2014-12-31": "53.48000", "2014-09-30": "45.35500", "2014-06-30": "45.13900", "2014-03-31": "44.07200", "2013-12-31": "45.41800", "2013-09-30": "44.89100", "2013-06-30": "43.91200", "2013-03-31": "42.99700", "2012-12-31": "42.84200", "2012-09-30": "42.71500", "2012-06-30": "43.44000", "2012-03-31": "40.72700", "2011-12-31": "39.45500", "2011-09-30": "37.32300", "2011-06-30": "36.17800", "2011-03-31": "30.43100", "2010-12-31": "31.22100", "2010-09-30": "30.99900", "2010-06-30": "31.36100", "2010-03-31": "31.13300", "2009-12-31": "33.11800", "2009-09-30": "33.56700", "2009-06-30": "22.53800", "2009-03-31": "23.48500", "2008-12-31": "24.20900", "2008-09-30": "25.07900", "2008-06-30": "25.31900", "2008-03-31": "25.83000", "2007-12-31": "26.90400", "2007-09-30": "26.26200", "2007-06-30": "20.90800", "2007-03-31": "21.07000", "2006-12-31": "21.21100", "2006-09-30": "20.75700", "2006-06-30": "17.80400", "2006-03-31": "17.53200", "2005-12-31": "17.24400", "2005-09-30": "15.90100", "2005-06-30": "16.28000", "2005-03-31": "16.66800"}, "Long-Term Investments": {"2020-09-30": "103.35500", "2020-06-30": "99.95000", "2020-03-31": "95.84700", "2019-12-31": "94.83300", "2019-09-30": "", "2019-06-30": "", "2019-03-31": "", "2018-12-31": "80.15700", "2018-09-30": "", "2018-06-30": "", "2018-03-31": "", "2017-12-31": "", "2017-09-30": "", "2017-06-30": "", "2017-03-31": "", "2016-12-31": "", "2016-09-30": "", "2016-06-30": "", "2016-03-31": "", "2015-12-31": "", "2015-09-30": "", "2015-06-30": "", "2015-03-31": "", "2014-12-31": "", "2014-09-30": "", "2014-06-30": "", "2014-03-31": "", "2013-12-31": "", "2013-09-30": "", "2013-06-30": "", "2013-03-31": "", "2012-12-31": "", "2012-09-30": "", "2012-06-30": "", "2012-03-31": "", "2011-12-31": "", "2011-09-30": "", "2011-06-30": "", "2011-03-31": "", "2010-12-31": "", "2010-09-30": "", "2010-06-30": "", "2010-03-31": "", "2009-12-31": "", "2009-09-30": "", "2009-06-30": "", "2009-03-31": "", "2008-12-31": "", "2008-09-30": "", "2008-06-30": "", "2008-03-31": "", "2007-12-31": "", "2007-09-30": "", "2007-06-30": "", "2007-03-31": "", "2006-12-31": "", "2006-09-30": "", "2006-06-30": "", "2006-03-31": "", "2005-12-31": "", "2005-09-30": "", "2005-06-30": "", "2005-03-31": ""}, "Goodwill And Intangible Assets": {"2020-09-30": "574.33400", "2020-06-30": "572.41000", "2020-03-31": "567.73400", "2019-12-31": "583.22100", "2019-09-30": "578.31900", "2019-06-30": "553.69500", "2019-03-31": "542.30100", "2018-12-31": "539.84900", "2018-09-30": "550.89700", "2018-06-30": "533.50700", "2018-03-31": "538.08300", "2017-12-31": "543.79400", "2017-09-30": "545.98200", "2017-06-30": "541.02600", "2017-03-31": "538.48800", "2016-12-31": "538.30100", "2016-09-30": "543.25800", "2016-06-30": "547.03300", "2016-03-31": "547.47800", "2015-12-31": "538.79100", "2015-09-30": "545.73800", "2015-06-30": "557.94400", "2015-03-31": "556.91300", "2014-12-31": "573.78700", "2014-09-30": "581.83400", "2014-06-30": "592.85300", "2014-03-31": "587.23700", "2013-12-31": "596.45300", "2013-09-30": "604.57800", "2013-06-30": "601.72500", "2013-03-31": "610.61500", "2012-12-31": "616.76300", "2012-09-30": "608.98300", "2012-06-30": "606.63700", "2012-03-31": "394.19300", "2011-12-31": "394.80600", "2011-09-30": "394.41300", "2011-06-30": "392.21500", "2011-03-31": "359.83800", "2010-12-31": "360.33000", "2010-09-30": "360.79200", "2010-06-30": "361.70600", "2010-03-31": "361.27300", "2009-12-31": "361.82300", "2009-09-30": "287.79000", "2009-06-30": "219.81000", "2009-03-31": "219.81000", "2008-12-31": "230.46800", "2008-09-30": "219.80900", "2008-06-30": "218.73200", "2008-03-31": "217.13800", "2007-12-31": "217.12900", "2007-09-30": "225.04500", "2007-06-30": "163.09700", "2007-03-31": "162.15500", "2006-12-31": "157.55800", "2006-09-30": "164.03600", "2006-06-30": "164.05600", "2006-03-31": "164.20800", "2005-12-31": "158.91200", "2005-09-30": "164.47800", "2005-06-30": "163.76700", "2005-03-31": "164.29900"}, "Other Long-Term Assets": {"2020-09-30": "9.33300", "2020-06-30": "9.21100", "2020-03-31": "9.14100", "2019-12-31": "9.48500", "2019-09-30": "100.62100", "2019-06-30": "97.52900", "2019-03-31": "89.75600", "2018-12-31": "8.17500", "2018-09-30": "86.73100", "2018-06-30": "79.34800", "2018-03-31": "76.23300", "2017-12-31": "74.48800", "2017-09-30": "71.81300", "2017-06-30": "69.39600", "2017-03-31": "5.75800", "2016-12-31": "5.69000", "2016-09-30": "5.60100", "2016-06-30": "5.42200", "2016-03-31": "5.62100", "2015-12-31": "5.67100", "2015-09-30": "5.93000", "2015-06-30": "6.21200", "2015-03-31": "6.14100", "2014-12-31": "6.46500", "2014-09-30": "6.46300", "2014-06-30": "6.62900", "2014-03-31": "6.38100", "2013-12-31": "6.55800", "2013-09-30": "6.74900", "2013-06-30": "6.38800", "2013-03-31": "6.77100", "2012-12-31": "6.99900", "2012-09-30": "7.14900", "2012-06-30": "7.20300", "2012-03-31": "4.73100", "2011-12-31": "5.71000", "2011-09-30": "6.29900", "2011-06-30": "6.82000", "2011-03-31": "7.11600", "2010-12-31": "7.67200", "2010-09-30": "8.43300", "2010-06-30": "8.88300", "2010-03-31": "9.67200", "2009-12-31": "10.37400", "2009-09-30": "70.56500", "2009-06-30": "20.00400", "2009-03-31": "14.58000", "2008-12-31": "4.68100", "2008-09-30": "15.67600", "2008-06-30": "15.81800", "2008-03-31": "16.80000", "2007-12-31": "16.90800", "2007-09-30": "6.26800", "2007-06-30": "4.62600", "2007-03-31": "8.36100", "2006-12-31": "10.54900", "2006-09-30": "3.66800", "2006-06-30": "3.97300", "2006-03-31": "4.03500", "2005-12-31": "8.58400", "2005-09-30": "4.14400", "2005-06-30": "4.43900", "2005-03-31": "4.22900"}, "Total Long-Term Assets": {"2020-09-30": "1003.56600", "2020-06-30": "1005.25800", "2020-03-31": "991.45010", "2019-12-31": "1009.43100", "2019-09-30": "1002.23200", "2019-06-30": "937.34000", "2019-03-31": "908.55900", "2018-12-31": "719.22700", "2018-09-30": "728.90300", "2018-06-30": "704.16710", "2018-03-31": "704.55400", "2017-12-31": "709.48000", "2017-09-30": "709.27800", "2017-06-30": "702.67700", "2017-03-31": "634.77800", "2016-12-31": "634.49300", "2016-09-30": "608.58800", "2016-06-30": "612.76600", "2016-03-31": "614.96500", "2015-12-31": "607.17710", "2015-09-30": "614.96500", "2015-06-30": "625.14500", "2015-03-31": "616.16890", "2014-12-31": "633.73200", "2014-09-30": "633.65200", "2014-06-30": "644.62100", "2014-03-31": "637.69000", "2013-12-31": "648.42900", "2013-09-30": "656.21800", "2013-06-30": "652.02500", "2013-03-31": "660.38300", "2012-12-31": "666.60400", "2012-09-30": "658.84700", "2012-06-30": "657.28000", "2012-03-31": "439.65100", "2011-12-31": "439.97100", "2011-09-30": "438.03500", "2011-06-30": "435.21300", "2011-03-31": "397.38500", "2010-12-31": "399.22300", "2010-09-30": "400.22400", "2010-06-30": "401.95000", "2010-03-31": "402.07800", "2009-12-31": "405.31500", "2009-09-30": "391.92200", "2009-06-30": "262.35200", "2009-03-31": "257.87500", "2008-12-31": "259.35800", "2008-09-30": "260.56400", "2008-06-30": "259.86900", "2008-03-31": "259.76800", "2007-12-31": "260.94100", "2007-09-30": "257.57500", "2007-06-30": "188.63100", "2007-03-31": "191.58600", "2006-12-31": "189.31800", "2006-09-30": "188.46100", "2006-06-30": "185.83300", "2006-03-31": "185.77500", "2005-12-31": "184.74000", "2005-09-30": "184.52300", "2005-06-30": "184.48600", "2005-03-31": "185.19600"}, "Total Assets": {"2020-09-30": "2647.68500", "2020-06-30": "2636.72700", "2020-03-31": "2581.82900", "2019-12-31": "2556.16100", "2019-09-30": "2693.05900", "2019-06-30": "2632.43400", "2019-03-31": "2398.94300", "2018-12-31": "2161.03300", "2018-09-30": "2230.74800", "2018-06-30": "2325.62000", "2018-03-31": "2076.27800", "2017-12-31": "2046.87700", "2017-09-30": "2148.21900", "2017-06-30": "2154.41800", "2017-03-31": "1935.27900", "2016-12-31": "1874.64900", "2016-09-30": "1957.59700", "2016-06-30": "2019.59100", "2016-03-31": "1876.89000", "2015-12-31": "1788.44200", "2015-09-30": "1929.45900", "2015-06-30": "2066.55500", "2015-03-31": "1889.50500", "2014-12-31": "1791.06700", "2014-09-30": "1904.98800", "2014-06-30": "1990.83900", "2014-03-31": "1776.85600", "2013-12-31": "1669.53100", "2013-09-30": "1818.03300", "2013-06-30": "1913.00900", "2013-03-31": "1727.28300", "2012-12-31": "1682.05500", "2012-09-30": "1799.81700", "2012-06-30": "1894.87500", "2012-03-31": "1350.61300", "2011-12-31": "1268.14800", "2011-09-30": "1431.75000", "2011-06-30": "1517.89200", "2011-03-31": "1235.67400", "2010-12-31": "1237.22700", "2010-09-30": "1316.92400", "2010-06-30": "1417.56800", "2010-03-31": "1210.92000", "2009-12-31": "1160.61300", "2009-09-30": "1259.69700", "2009-06-30": "762.58400", "2009-03-31": "714.19100", "2008-12-31": "716.06100", "2008-09-30": "791.01300", "2008-06-30": "845.75600", "2008-03-31": "762.30300", "2007-12-31": "750.11300", "2007-09-30": "830.03900", "2007-06-30": "770.99600", "2007-03-31": "750.69100", "2006-12-31": "710.36800", "2006-09-30": "737.89400", "2006-06-30": "770.38400", "2006-03-31": "703.27600", "2005-12-31": "678.73100", "2005-09-30": "705.51300", "2005-06-30": "663.07000", "2005-03-31": "619.23800"}, "Total Current Liabilities": {"2020-09-30": "609.49800", "2020-06-30": "638.85800", "2020-03-31": "520.47400", "2019-12-31": "461.71700", "2019-09-30": "542.28800", "2019-06-30": "580.51800", "2019-03-31": "469.77300", "2018-12-31": "357.56600", "2018-09-30": "508.82100", "2018-06-30": "522.92300", "2018-03-31": "377.73100", "2017-12-31": "416.47700", "2017-09-30": "460.39900", "2017-06-30": "424.43600", "2017-03-31": "378.89800", "2016-12-31": "314.88800", "2016-09-30": "358.12700", "2016-06-30": "406.54900", "2016-03-31": "347.25100", "2015-12-31": "270.30100", "2015-09-30": "331.03700", "2015-06-30": "371.89800", "2015-03-31": "356.14100", "2014-12-31": "287.02200", "2014-09-30": "340.75100", "2014-06-30": "385.65200", "2014-03-31": "353.17500", "2013-12-31": "243.50600", "2013-09-30": "311.78900", "2013-06-30": "361.77700", "2013-03-31": "309.64000", "2012-12-31": "282.35800", "2012-09-30": "328.20400", "2012-06-30": "381.33600", "2012-03-31": "307.33900", "2011-12-31": "223.03900", "2011-09-30": "383.07500", "2011-06-30": "445.34600", "2011-03-31": "284.77200", "2010-12-31": "266.00500", "2010-09-30": "328.86000", "2010-06-30": "448.42500", "2010-03-31": "247.50300", "2009-12-31": "223.92600", "2009-09-30": "289.23000", "2009-06-30": "152.30200", "2009-03-31": "112.45700", "2008-12-31": "107.82400", "2008-09-30": "143.47200", "2008-06-30": "239.25100", "2008-03-31": "158.96200", "2007-12-31": "129.36400", "2007-09-30": "157.91300", "2007-06-30": "186.36300", "2007-03-31": "194.02800", "2006-12-31": "155.18800", "2006-09-30": "159.99500", "2006-06-30": "213.35100", "2006-03-31": "175.12800", "2005-12-31": "179.29800", "2005-09-30": "192.24800", "2005-06-30": "174.77900", "2005-03-31": "132.99900"}, "Long Term Debt": {"2020-09-30": "4.23700", "2020-06-30": "35.67200", "2020-03-31": "158.24900", "2019-12-31": "157.70900", "2019-09-30": "171.16300", "2019-06-30": "221.31200", "2019-03-31": "139.24900", "2018-12-31": "135.75200", "2018-09-30": "0.16900", "2018-06-30": "141.79900", "2018-03-31": "91.23300", "2017-12-31": "22.08500", "2017-09-30": "285.04500", "2017-06-30": "379.54400", "2017-03-31": "280.59700", "2016-12-31": "235.64200", "2016-09-30": "219.79200", "2016-06-30": "267.79100", "2016-03-31": "238.36600", "2015-12-31": "245.81400", "2015-09-30": "305.50200", "2015-06-30": "434.01000", "2015-03-31": "341.29500", "2014-12-31": "303.88500", "2014-09-30": "352.73200", "2014-06-30": "349.56000", "2014-03-31": "227.22900", "2013-12-31": "230.55700", "2013-09-30": "285.34000", "2013-06-30": "398.28800", "2013-03-31": "322.01700", "2012-12-31": "316.19600", "2012-09-30": "202.19400", "2012-06-30": "235.63800", "2012-03-31": "", "2011-12-31": "", "2011-09-30": "0.00700", "2011-06-30": "65.01600", "2011-03-31": "24.11600", "2010-12-31": "10.01600", "2010-09-30": "22.66400", "2010-06-30": "20.57400", "2010-03-31": "47.65000", "2009-12-31": "13.42900", "2009-09-30": "43.68800", "2009-06-30": "20.69700", "2009-03-31": "20.73900", "2008-12-31": "20.78300", "2008-09-30": "48.84000", "2008-06-30": "24.20600", "2008-03-31": "39.97800", "2007-12-31": "55.04200", "2007-09-30": "96.06100", "2007-06-30": "30.07700", "2007-03-31": "30.09500", "2006-12-31": "30.11800", "2006-09-30": "55.12900", "2006-06-30": "60.14900", "2006-03-31": "45.17600", "2005-12-31": "40.18900", "2005-09-30": "40.29300", "2005-06-30": "40.18800", "2005-03-31": "55.14300"}, "Other Non-Current Liabilities": {"2020-09-30": "", "2020-06-30": "", "2020-03-31": "", "2019-12-31": "", "2019-09-30": "", "2019-06-30": "", "2019-03-31": "", "2018-12-31": "", "2018-09-30": "", "2018-06-30": "", "2018-03-31": "", "2017-12-31": "", "2017-09-30": "", "2017-06-30": "", "2017-03-31": "", "2016-12-31": "", "2016-09-30": "", "2016-06-30": "", "2016-03-31": "", "2015-12-31": "", "2015-09-30": "", "2015-06-30": "", "2015-03-31": "", "2014-12-31": "", "2014-09-30": "", "2014-06-30": "", "2014-03-31": "", "2013-12-31": "", "2013-09-30": "", "2013-06-30": "", "2013-03-31": "", "2012-12-31": "", "2012-09-30": "", "2012-06-30": "", "2012-03-31": "", "2011-12-31": "", "2011-09-30": "", "2011-06-30": "", "2011-03-31": "", "2010-12-31": "", "2010-09-30": "", "2010-06-30": "", "2010-03-31": "", "2009-12-31": "", "2009-09-30": "", "2009-06-30": "", "2009-03-31": "", "2008-12-31": "", "2008-09-30": "", "2008-06-30": "", "2008-03-31": "", "2007-12-31": "", "2007-09-30": "", "2007-06-30": "", "2007-03-31": "", "2006-12-31": "", "2006-09-30": "", "2006-06-30": "", "2006-03-31": "", "2005-12-31": "", "2005-09-30": "", "2005-06-30": "", "2005-03-31": ""}, "Total Long Term Liabilities": {"2020-09-30": "228.24900", "2020-06-30": "261.78700", "2020-03-31": "378.46900", "2019-12-31": "379.67700", "2019-09-30": "397.74900", "2019-06-30": "418.55400", "2019-03-31": "329.91500", "2018-12-31": "201.75400", "2018-09-30": "61.37700", "2018-06-30": "200.70300", "2018-03-31": "148.92100", "2017-12-31": "79.42300", "2017-09-30": "355.78500", "2017-06-30": "449.62200", "2017-03-31": "348.16300", "2016-12-31": "308.01300", "2016-09-30": "293.13600", "2016-06-30": "339.80200", "2016-03-31": "308.93500", "2015-12-31": "314.42000", "2015-09-30": "376.85700", "2015-06-30": "503.95900", "2015-03-31": "408.95700", "2014-12-31": "372.00600", "2014-09-30": "424.67600", "2014-06-30": "419.65300", "2014-03-31": "295.63200", "2013-12-31": "298.63300", "2013-09-30": "349.72100", "2013-06-30": "461.16500", "2013-03-31": "383.48200", "2012-12-31": "377.65700", "2012-09-30": "250.29000", "2012-06-30": "282.75300", "2012-03-31": "43.31500", "2011-12-31": "43.39900", "2011-09-30": "37.04700", "2011-06-30": "101.17500", "2011-03-31": "56.41500", "2010-12-31": "42.32600", "2010-09-30": "51.31900", "2010-06-30": "49.31100", "2010-03-31": "75.77500", "2009-12-31": "41.87900", "2009-09-30": "68.15000", "2009-06-30": "39.17300", "2009-03-31": "39.31400", "2008-12-31": "37.57700", "2008-09-30": "66.33700", "2008-06-30": "39.67800", "2008-03-31": "53.82200", "2007-12-31": "70.79200", "2007-09-30": "110.01400", "2007-06-30": "41.28500", "2007-03-31": "40.08100", "2006-12-31": "38.79400", "2006-09-30": "67.79800", "2006-06-30": "70.94000", "2006-03-31": "54.37800", "2005-12-31": "48.78300", "2005-09-30": "52.62400", "2005-06-30": "50.42400", "2005-03-31": "62.93400"}, "Total Liabilities": {"2020-09-30": "837.74700", "2020-06-30": "900.64500", "2020-03-31": "898.94300", "2019-12-31": "841.39400", "2019-09-30": "940.03700", "2019-06-30": "999.07200", "2019-03-31": "799.68800", "2018-12-31": "559.32000", "2018-09-30": "570.19800", "2018-06-30": "723.62600", "2018-03-31": "526.65200", "2017-12-31": "495.90000", "2017-09-30": "816.18400", "2017-06-30": "874.05800", "2017-03-31": "727.06100", "2016-12-31": "622.90100", "2016-09-30": "651.26300", "2016-06-30": "746.35100", "2016-03-31": "656.18600", "2015-12-31": "584.72100", "2015-09-30": "707.89400", "2015-06-30": "875.85700", "2015-03-31": "765.09800", "2014-12-31": "659.02800", "2014-09-30": "765.42700", "2014-06-30": "805.30500", "2014-03-31": "648.80700", "2013-12-31": "542.13900", "2013-09-30": "661.51000", "2013-06-30": "822.94200", "2013-03-31": "693.12200", "2012-12-31": "660.01500", "2012-09-30": "578.49400", "2012-06-30": "664.08900", "2012-03-31": "350.65400", "2011-12-31": "266.43800", "2011-09-30": "420.12200", "2011-06-30": "546.52100", "2011-03-31": "341.18700", "2010-12-31": "308.33100", "2010-09-30": "380.17900", "2010-06-30": "497.73600", "2010-03-31": "323.27800", "2009-12-31": "265.80500", "2009-09-30": "357.38000", "2009-06-30": "191.47500", "2009-03-31": "151.77100", "2008-12-31": "145.40100", "2008-09-30": "209.80900", "2008-06-30": "278.92900", "2008-03-31": "212.78400", "2007-12-31": "200.15600", "2007-09-30": "267.92700", "2007-06-30": "227.64800", "2007-03-31": "234.10900", "2006-12-31": "193.98200", "2006-09-30": "227.79300", "2006-06-30": "284.29100", "2006-03-31": "229.50600", "2005-12-31": "228.08100", "2005-09-30": "244.87200", "2005-06-30": "225.20300", "2005-03-31": "195.93300"}, "Common Stock Net": {"2020-09-30": "21.66000", "2020-06-30": "21.63000", "2020-03-31": "21.61000", "2019-12-31": "21.53300", "2019-09-30": "21.48500", "2019-06-30": "21.26600", "2019-03-31": "21.22100", "2018-12-31": "21.16700", "2018-09-30": "21.14800", "2018-06-30": "21.12000", "2018-03-31": "21.11900", "2017-12-31": "21.05000", "2017-09-30": "21.03700", "2017-06-30": "21.03400", "2017-03-31": "21.01700", "2016-12-31": "20.95100", "2016-09-30": "20.93000", "2016-06-30": "20.90700", "2016-03-31": "20.90400", "2015-12-31": "20.84100", "2015-09-30": "20.82300", "2015-06-30": "20.80600", "2015-03-31": "20.78600", "2014-12-31": "20.68900", "2014-09-30": "20.67600", "2014-06-30": "20.66200", "2014-03-31": "20.65700", "2013-12-31": "20.54900", "2013-09-30": "20.53400", "2013-06-30": "20.50200", "2013-03-31": "20.50200", "2012-12-31": "20.44600", "2012-09-30": "20.43000", "2012-06-30": "20.39400", "2012-03-31": "19.74300", "2011-12-31": "19.68800", "2011-09-30": "19.66700", "2011-06-30": "19.65700", "2011-03-31": "19.64700", "2010-12-31": "19.41000", "2010-09-30": "19.37700", "2010-06-30": "19.39000", "2010-03-31": "19.38200", "2009-12-31": "19.25500", "2009-09-30": "19.20400", "2009-06-30": "17.53400", "2009-03-31": "17.45500", "2008-12-31": "17.34900", "2008-09-30": "17.33100", "2008-06-30": "17.27000", "2008-03-31": "17.21500", "2007-12-31": "17.11700", "2007-09-30": "17.11200", "2007-06-30": "17.06700", "2007-03-31": "17.00600", "2006-12-31": "16.93400", "2006-09-30": "16.92700", "2006-06-30": "16.91800", "2006-03-31": "16.90500", "2005-12-31": "16.62700", "2005-09-30": "16.59700", "2005-06-30": "16.49400", "2005-03-31": "16.41500"}, "Retained Earnings (Accumulated Deficit)": {"2020-09-30": "658.62200", "2020-06-30": "620.27200", "2020-03-31": "601.77100", "2019-12-31": "632.50700", "2019-09-30": "656.18700", "2019-06-30": "632.98300", "2019-03-31": "603.04100", "2018-12-31": "627.96900", "2018-09-30": "642.64300", "2018-06-30": "617.66600", "2018-03-31": "581.89300", "2017-12-31": "594.55600", "2017-09-30": "595.98000", "2017-06-30": "575.58400", "2017-03-31": "539.28000", "2016-12-31": "550.48200", "2016-09-30": "558.23500", "2016-06-30": "525.27000", "2016-03-31": "490.78000", "2015-12-31": "495.27600", "2015-09-30": "493.47800", "2015-06-30": "460.18500", "2015-03-31": "419.40300", "2014-12-31": "420.87900", "2014-09-30": "417.79300", "2014-06-30": "384.30700", "2014-03-31": "342.19200", "2013-12-31": "339.36200", "2013-09-30": "335.91900", "2013-06-30": "298.88000", "2013-03-31": "256.22000", "2012-12-31": "251.47500", "2012-09-30": "430.55600", "2012-06-30": "410.92700", "2012-03-31": "392.35600", "2011-12-31": "404.36000", "2011-09-30": "409.77000", "2011-06-30": "395.00200", "2011-03-31": "377.74900", "2010-12-31": "387.18600", "2010-09-30": "393.58400", "2010-06-30": "378.99400", "2010-03-31": "360.79500", "2009-12-31": "372.45400", "2009-09-30": "380.76000", "2009-06-30": "374.88700", "2009-03-31": "372.30800", "2008-12-31": "386.22500", "2008-09-30": "395.61300", "2008-06-30": "385.00500", "2008-03-31": "371.66300", "2007-12-31": "375.20700", "2007-09-30": "379.82000", "2007-06-30": "363.84600", "2007-03-31": "341.03400", "2006-12-31": "346.37500", "2006-09-30": "341.81400", "2006-06-30": "319.71400", "2006-03-31": "297.93300", "2005-12-31": "290.38300", "2005-09-30": "281.78000", "2005-06-30": "261.26700", "2005-03-31": "242.70800"}, "Comprehensive Income": {"2020-09-30": "-43.24500", "2020-06-30": "-46.26800", "2020-03-31": "-51.78900", "2019-12-31": "-39.05000", "2019-09-30": "-42.04000", "2019-06-30": "-40.14600", "2019-03-31": "-43.18500", "2018-12-31": "-45.96800", "2018-09-30": "-38.15700", "2018-06-30": "-40.45900", "2018-03-31": "-37.56900", "2017-12-31": "-34.22100", "2017-09-30": "-33.87200", "2017-06-30": "-39.18900", "2017-03-31": "-42.49000", "2016-12-31": "-43.53000", "2016-09-30": "-40.53200", "2016-06-30": "-38.70400", "2016-03-31": "-39.47600", "2015-12-31": "-46.90400", "2015-09-30": "-42.03300", "2015-06-30": "-33.64000", "2015-03-31": "-34.69000", "2014-12-31": "-23.74700", "2014-09-30": "-18.88100", "2014-06-30": "-11.82700", "2014-03-31": "-16.84700", "2013-12-31": "-11.47400", "2013-09-30": "-6.85900", "2013-06-30": "-9.78100", "2013-03-31": "-4.97900", "2012-12-31": "-2.10200", "2012-09-30": "-0.43400", "2012-06-30": "-5.18000", "2012-03-31": "-0.33600", "2011-12-31": "-0.35200", "2011-09-30": "-0.39200", "2011-06-30": "-0.44600", "2011-03-31": "-0.51500", "2010-12-31": "-0.59300", "2010-09-30": "-0.68800", "2010-06-30": "-0.75700", "2010-03-31": "-0.79000", "2009-12-31": "-0.82100", "2009-09-30": "-0.87200", "2009-06-30": "-0.96500", "2009-03-31": "-1.10600", "2008-12-31": "-1.12500", "2008-09-30": "-0.60400", "2008-06-30": "-0.64400", "2008-03-31": "-0.89800", "2007-12-31": "-0.43100", "2007-09-30": "-0.07400", "2007-06-30": "-0.00200", "2007-03-31": "-0.09400", "2006-12-31": "-0.12600", "2006-09-30": "-0.19700", "2006-06-30": "-0.16600", "2006-03-31": "-0.29600", "2005-12-31": "-0.47800", "2005-09-30": "-0.63900", "2005-06-30": "-0.94300", "2005-03-31": "-0.83200"}, "Other Share Holders Equity": {"2020-09-30": "", "2020-06-30": "", "2020-03-31": "", "2019-12-31": "", "2019-09-30": "", "2019-06-30": "", "2019-03-31": "", "2018-12-31": "", "2018-09-30": "", "2018-06-30": "", "2018-03-31": "", "2017-12-31": "", "2017-09-30": "", "2017-06-30": "", "2017-03-31": "", "2016-12-31": "", "2016-09-30": "", "2016-06-30": "", "2016-03-31": "", "2015-12-31": "", "2015-09-30": "", "2015-06-30": "", "2015-03-31": "", "2014-12-31": "", "2014-09-30": "", "2014-06-30": "", "2014-03-31": "", "2013-12-31": "", "2013-09-30": "", "2013-06-30": "", "2013-03-31": "", "2012-12-31": "", "2012-09-30": "", "2012-06-30": "", "2012-03-31": "", "2011-12-31": "", "2011-09-30": "", "2011-06-30": "", "2011-03-31": "", "2010-12-31": "", "2010-09-30": "", "2010-06-30": "", "2010-03-31": "", "2009-12-31": "", "2009-09-30": "", "2009-06-30": "", "2009-03-31": "", "2008-12-31": "", "2008-09-30": "", "2008-06-30": "", "2008-03-31": "", "2007-12-31": "", "2007-09-30": "", "2007-06-30": "", "2007-03-31": "", "2006-12-31": "", "2006-09-30": "", "2006-06-30": "", "2006-03-31": "", "2005-12-31": "", "2005-09-30": "", "2005-06-30": "", "2005-03-31": ""}, "Share Holder Equity": {"2020-09-30": "1809.93800", "2020-06-30": "1736.08200", "2020-03-31": "1682.88600", "2019-12-31": "1714.76700", "2019-09-30": "1753.02200", "2019-06-30": "1633.36200", "2019-03-31": "1599.25500", "2018-12-31": "1601.71300", "2018-09-30": "1660.55000", "2018-06-30": "1601.99400", "2018-03-31": "1549.62600", "2017-12-31": "1550.97700", "2017-09-30": "1332.03500", "2017-06-30": "1280.36000", "2017-03-31": "1208.21800", "2016-12-31": "1251.74800", "2016-09-30": "1306.33400", "2016-06-30": "1273.24000", "2016-03-31": "1220.70400", "2015-12-31": "1203.72100", "2015-09-30": "1221.56500", "2015-06-30": "1190.69800", "2015-03-31": "1124.40700", "2014-12-31": "1132.03900", "2014-09-30": "1139.56100", "2014-06-30": "1185.53400", "2014-03-31": "1128.04900", "2013-12-31": "1127.39200", "2013-09-30": "1156.52300", "2013-06-30": "1090.06700", "2013-03-31": "1034.16100", "2012-12-31": "1022.04000", "2012-09-30": "1221.32300", "2012-06-30": "1230.78600", "2012-03-31": "999.95900", "2011-12-31": "1001.71000", "2011-09-30": "1011.62800", "2011-06-30": "971.37100", "2011-03-31": "894.48700", "2010-12-31": "928.89600", "2010-09-30": "936.74500", "2010-06-30": "919.83200", "2010-03-31": "887.64200", "2009-12-31": "894.80800", "2009-09-30": "902.31700", "2009-06-30": "571.10900", "2009-03-31": "562.42000", "2008-12-31": "570.66000", "2008-09-30": "581.20400", "2008-06-30": "566.82700", "2008-03-31": "549.51900", "2007-12-31": "549.95700", "2007-09-30": "562.11200", "2007-06-30": "543.34800", "2007-03-31": "516.58200", "2006-12-31": "516.38600", "2006-09-30": "510.10100", "2006-06-30": "486.09300", "2006-03-31": "473.77000", "2005-12-31": "450.65000", "2005-09-30": "460.64100", "2005-06-30": "437.86700", "2005-03-31": "423.30500"}, "Total Liabilities And Share Holders Equity": {"2020-09-30": "2647.68500", "2020-06-30": "2636.72700", "2020-03-31": "2581.82900", "2019-12-31": "2556.16100", "2019-09-30": "2693.05900", "2019-06-30": "2632.43400", "2019-03-31": "2398.94300", "2018-12-31": "2161.03300", "2018-09-30": "2230.74800", "2018-06-30": "2325.62000", "2018-03-31": "2076.27800", "2017-12-31": "2046.87700", "2017-09-30": "2148.21900", "2017-06-30": "2154.41800", "2017-03-31": "1935.27900", "2016-12-31": "1874.64900", "2016-09-30": "1957.59700", "2016-06-30": "2019.59100", "2016-03-31": "1876.89000", "2015-12-31": "1788.44200", "2015-09-30": "1929.45900", "2015-06-30": "2066.55500", "2015-03-31": "1889.50500", "2014-12-31": "1791.06700", "2014-09-30": "1904.98800", "2014-06-30": "1990.83900", "2014-03-31": "1776.85600", "2013-12-31": "1669.53100", "2013-09-30": "1818.03300", "2013-06-30": "1913.00900", "2013-03-31": "1727.28300", "2012-12-31": "1682.05500", "2012-09-30": "1799.81700", "2012-06-30": "1894.87500", "2012-03-31": "1350.61300", "2011-12-31": "1268.14800", "2011-09-30": "1431.75000", "2011-06-30": "1517.89200", "2011-03-31": "1235.67400", "2010-12-31": "1237.22700", "2010-09-30": "1316.92400", "2010-06-30": "1417.56800", "2010-03-31": "1210.92000", "2009-12-31": "1160.61300", "2009-09-30": "1259.69700", "2009-06-30": "762.58400", "2009-03-31": "714.19100", "2008-12-31": "716.06100", "2008-09-30": "791.01300", "2008-06-30": "845.75600", "2008-03-31": "762.30300", "2007-12-31": "750.11300", "2007-09-30": "830.03900", "2007-06-30": "770.99600", "2007-03-31": "750.69100", "2006-12-31": "710.36800", "2006-09-30": "737.89400", "2006-06-30": "770.38400", "2006-03-31": "703.27600", "2005-12-31": "678.73100", "2005-09-30": "705.51300", "2005-06-30": "663.07000", "2005-03-31": "619.23800"}}, "cash flow statement": {"Net Income/Loss": {"2019-12-31": "295.77500", "2018-12-31": "296.52900", "2017-12-31": "257.29000", "2016-12-31": "235.98300", "2015-12-31": "226.52400", "2014-12-31": "208.70200", "2013-12-31": "187.71900", "2012-12-31": "157.60100", "2011-12-31": "137.74200", "2010-12-31": "111.72200", "2009-12-31": "51.57300", "2008-12-31": "60.36900", "2007-12-31": "65.57700", "2006-12-31": "82.36400", "2005-12-31": "70.52800"}, "Total Depreciation And Amortization - Cash Flow": {"2019-12-31": "24.51200", "2018-12-31": "22.09500", "2017-12-31": "22.03300", "2016-12-31": "20.06600", "2015-12-31": "19.11700", "2014-12-31": "17.92700", "2013-12-31": "17.70600", "2012-12-31": "15.91100", "2011-12-31": "11.72500", "2010-12-31": "10.77100", "2009-12-31": "8.53300", "2008-12-31": "7.07100", "2007-12-31": "6.42000", "2006-12-31": "5.78600", "2005-12-31": "6.07000"}, "Other Non-Cash Items": {"2019-12-31": "15.69100", "2018-12-31": "20.10700", "2017-12-31": "3.20600", "2016-12-31": "20.68500", "2015-12-31": "19.02500", "2014-12-31": "13.01000", "2013-12-31": "19.53900", "2012-12-31": "17.28500", "2011-12-31": "18.37700", "2010-12-31": "18.11100", "2009-12-31": "4.83100", "2008-12-31": "7.03800", "2007-12-31": "12.80700", "2006-12-31": "0.48600", "2005-12-31": "11.89200"}, "Total Non-Cash Items": {"2019-12-31": "40.20300", "2018-12-31": "42.20200", "2017-12-31": "25.23900", "2016-12-31": "40.75100", "2015-12-31": "38.14200", "2014-12-31": "30.93700", "2013-12-31": "37.24500", "2012-12-31": "33.19600", "2011-12-31": "30.10200", "2010-12-31": "28.88200", "2009-12-31": "13.36400", "2008-12-31": "14.10900", "2007-12-31": "19.22700", "2006-12-31": "6.27200", "2005-12-31": "17.96200"}, "Change In Accounts Receivable": {"2019-12-31": "8.45700", "2018-12-31": "-28.83100", "2017-12-31": "-1.67600", "2016-12-31": "-26.94100", "2015-12-31": "-26.12100", "2014-12-31": "-41.06800", "2013-12-31": "-25.84600", "2012-12-31": "-5.75200", "2011-12-31": "11.98700", "2010-12-31": "-41.25000", "2009-12-31": "67.24300", "2008-12-31": "23.41600", "2007-12-31": "23.51900", "2006-12-31": "10.18100", "2005-12-31": "-25.80100"}, "Change In Inventories": {"2019-12-31": "-15.52500", "2018-12-31": "-78.95400", "2017-12-31": "-73.40300", "2016-12-31": "-9.72900", "2015-12-31": "-3.65200", "2014-12-31": "-98.74100", "2013-12-31": "-40.57500", "2012-12-31": "-26.65200", "2011-12-31": "-22.48900", "2010-12-31": "21.44700", "2009-12-31": "1.20400", "2008-12-31": "37.15300", "2007-12-31": "46.41600", "2006-12-31": "-18.02600", "2005-12-31": "-33.27100"}, "Change In Accounts Payable": {"2019-12-31": "", "2018-12-31": "", "2017-12-31": "", "2016-12-31": "", "2015-12-31": "", "2014-12-31": "", "2013-12-31": "", "2012-12-31": "", "2011-12-31": "", "2010-12-31": "", "2009-12-31": "", "2008-12-31": "", "2007-12-31": "", "2006-12-31": "", "2005-12-31": ""}, "Change In Assets/Liabilities": {"2019-12-31": "-5.87300", "2018-12-31": "-2.99100", "2017-12-31": "-0.88600", "2016-12-31": "-2.06700", "2015-12-31": "-0.28500", "2014-12-31": "-0.09200", "2013-12-31": "-1.01800", "2012-12-31": "3.07700", "2011-12-31": "2.72100", "2010-12-31": "3.91000", "2009-12-31": "1.28900", "2008-12-31": "1.44600", "2007-12-31": "1.64900", "2006-12-31": "-2.05700", "2005-12-31": "1.13100"}, "Total Change In Assets/Liabilities": {"2019-12-31": "-0.20700", "2018-12-31": "-168.17400", "2017-12-31": "23.99100", "2016-12-31": "4.99700", "2015-12-31": "-41.81800", "2014-12-31": "-94.65900", "2013-12-31": "-74.69500", "2012-12-31": "-17.45400", "2011-12-31": "-106.39200", "2010-12-31": "12.19500", "2009-12-31": "23.35000", "2008-12-31": "38.99500", "2007-12-31": "23.19400", "2006-12-31": "-20.09500", "2005-12-31": "-52.70800"}, "Cash Flow From Operating Activities": {"2019-12-31": "335.77100", "2018-12-31": "170.55700", "2017-12-31": "306.52000", "2016-12-31": "281.73100", "2015-12-31": "222.84800", "2014-12-31": "144.98000", "2013-12-31": "150.26900", "2012-12-31": "173.34300", "2011-12-31": "61.45200", "2010-12-31": "152.79900", "2009-12-31": "88.28700", "2008-12-31": "113.47300", "2007-12-31": "107.99800", "2006-12-31": "68.54100", "2005-12-31": "35.78200"}, "Net Change In Property, Plant, And Equipment": {"2019-12-31": "-16.42500", "2018-12-31": "-16.92500", "2017-12-31": "-17.70800", "2016-12-31": "-42.83300", "2015-12-31": "-22.93800", "2014-12-31": "-19.12400", "2013-12-31": "-14.25700", "2012-12-31": "-11.81300", "2011-12-31": "-13.18800", "2010-12-31": "-6.31000", "2009-12-31": "-5.66300", "2008-12-31": "-3.74700", "2007-12-31": "-5.64300", "2006-12-31": "-9.43500", "2005-12-31": "-5.35000"}, "Net Change In Intangible Assets": {"2019-12-31": "", "2018-12-31": "", "2017-12-31": "", "2016-12-31": "", "2015-12-31": "", "2014-12-31": "", "2013-12-31": "", "2012-12-31": "", "2011-12-31": "", "2010-12-31": "", "2009-12-31": "", "2008-12-31": "", "2007-12-31": "", "2006-12-31": "", "2005-12-31": ""}, "Net Acquisitions/Divestitures": {"2019-12-31": "-59.67200", "2018-12-31": "-5.62600", "2017-12-31": "", "2016-12-31": "", "2015-12-31": "", "2014-12-31": "", "2013-12-31": "", "2012-12-31": "-80.47900", "2011-12-31": "-43.45500", "2010-12-31": "-3.82400", "2009-12-31": "-9.84000", "2008-12-31": "0.07600", "2007-12-31": "-105.63000", "2006-12-31": "-9.88900", "2005-12-31": "-49.48100"}, "Net Change In Short-term Investments": {"2019-12-31": "", "2018-12-31": "", "2017-12-31": "", "2016-12-31": "", "2015-12-31": "", "2014-12-31": "", "2013-12-31": "", "2012-12-31": "", "2011-12-31": "", "2010-12-31": "", "2009-12-31": "", "2008-12-31": "", "2007-12-31": "", "2006-12-31": "", "2005-12-31": ""}, "Net Change In Long-Term Investments": {"2019-12-31": "-4.94000", "2018-12-31": "-3.76000", "2017-12-31": "-63.60000", "2016-12-31": "", "2015-12-31": "", "2014-12-31": "", "2013-12-31": "", "2012-12-31": "", "2011-12-31": "", "2010-12-31": "", "2009-12-31": "", "2008-12-31": "", "2007-12-31": "3.31100", "2006-12-31": "-2.84700", "2005-12-31": "0.16000"}, "Net Change In Investments - Total": {"2019-12-31": "-4.94000", "2018-12-31": "-3.76000", "2017-12-31": "-63.60000", "2016-12-31": "", "2015-12-31": "", "2014-12-31": "", "2013-12-31": "", "2012-12-31": "", "2011-12-31": "", "2010-12-31": "", "2009-12-31": "", "2008-12-31": "", "2007-12-31": "3.31100", "2006-12-31": "-2.84700", "2005-12-31": "0.16000"}, "Investing Activities - Other": {"2019-12-31": "", "2018-12-31": "", "2017-12-31": "", "2016-12-31": "", "2015-12-31": "", "2014-12-31": "", "2013-12-31": "", "2012-12-31": "", "2011-12-31": "", "2010-12-31": "", "2009-12-31": "", "2008-12-31": "", "2007-12-31": "-0.03800", "2006-12-31": "-0.10900", "2005-12-31": "-0.05700"}, "Cash Flow From Investing Activities": {"2019-12-31": "-81.03700", "2018-12-31": "-26.31100", "2017-12-31": "-81.30800", "2016-12-31": "-42.83300", "2015-12-31": "-22.93800", "2014-12-31": "-19.12400", "2013-12-31": "-14.25700", "2012-12-31": "-92.29200", "2011-12-31": "-56.64300", "2010-12-31": "-10.13400", "2009-12-31": "-15.50300", "2008-12-31": "-3.67100", "2007-12-31": "-108.00000", "2006-12-31": "-22.28000", "2005-12-31": "-54.72800"}, "Net Long-Term Debt": {"2019-12-31": "19.26000", "2018-12-31": "113.66900", "2017-12-31": "-213.51300", "2016-12-31": "-10.15600", "2015-12-31": "-56.41300", "2014-12-31": "74.96400", "2013-12-31": "-82.95700", "2012-12-31": "296.74700", "2011-12-31": "9.93100", "2010-12-31": "-0.72900", "2009-12-31": "-6.92900", "2008-12-31": "-34.26600", "2007-12-31": "14.08100", "2006-12-31": "-10.06400", "2005-12-31": "-9.94300"}, "Net Current Debt": {"2019-12-31": "", "2018-12-31": "", "2017-12-31": "", "2016-12-31": "", "2015-12-31": "", "2014-12-31": "", "2013-12-31": "", "2012-12-31": "", "2011-12-31": "", "2010-12-31": "-2.76300", "2009-12-31": "-7.23700", "2008-12-31": "", "2007-12-31": "", "2006-12-31": "", "2005-12-31": ""}, "Debt Issuance/Retirement Net - Total": {"2019-12-31": "19.26000", "2018-12-31": "113.66900", "2017-12-31": "-213.51300", "2016-12-31": "-10.15600", "2015-12-31": "-56.41300", "2014-12-31": "74.96400", "2013-12-31": "-82.95700", "2012-12-31": "296.74700", "2011-12-31": "9.93100", "2010-12-31": "-3.49200", "2009-12-31": "-14.16600", "2008-12-31": "-34.26600", "2007-12-31": "14.08100", "2006-12-31": "-10.06400", "2005-12-31": "-9.94300"}, "Net Common Equity Issued/Repurchased": {"2019-12-31": "11.81300", "2018-12-31": "2.80900", "2017-12-31": "248.31400", "2016-12-31": "1.67800", "2015-12-31": "4.49200", "2014-12-31": "4.24500", "2013-12-31": "2.18500", "2012-12-31": "5.31200", "2011-12-31": "5.35900", "2010-12-31": "6.04200", "2009-12-31": "10.33500", "2008-12-31": "1.09600", "2007-12-31": "-5.25500", "2006-12-31": "-11.50600", "2005-12-31": "-11.62700"}, "Net Total Equity Issued/Repurchased": {"2019-12-31": "11.81300", "2018-12-31": "2.80900", "2017-12-31": "248.31400", "2016-12-31": "1.67800", "2015-12-31": "4.49200", "2014-12-31": "4.24500", "2013-12-31": "2.18500", "2012-12-31": "5.31200", "2011-12-31": "5.35900", "2010-12-31": "6.04200", "2009-12-31": "10.33500", "2008-12-31": "1.09600", "2007-12-31": "-5.25500", "2006-12-31": "-11.50600", "2005-12-31": "-11.62700"}, "Total Common And Preferred Stock Dividends Paid": {"2019-12-31": "-241.41200", "2018-12-31": "-209.21800", "2017-12-31": "-164.14700", "2016-12-31": "-127.60400", "2015-12-31": "-98.53200", "2014-12-31": "-69.87000", "2013-12-31": "-39.83600", "2012-12-31": "-256.21900", "2011-12-31": "-73.27600", "2010-12-31": "-66.02800", "2009-12-31": "-57.08500", "2008-12-31": "-49.35100", "2007-12-31": "-36.74500", "2006-12-31": "-26.37200", "2005-12-31": "-16.97800"}, "Financial Activities - Other": {"2019-12-31": "-53.68400", "2018-12-31": "-46.86300", "2017-12-31": "-72.79900", "2016-12-31": "-81.80900", "2015-12-31": "-37.33200", "2014-12-31": "-129.54600", "2013-12-31": "-68.44100", "2012-12-31": "-68.92100", "2011-12-31": "-57.64800", "2010-12-31": "-10.78200", "2009-12-31": "4.78100", "2008-12-31": "4.75800", "2007-12-31": "2.98600", "2006-12-31": "8.37100", "2005-12-31": ""}, "Cash Flow From Financial Activities": {"2019-12-31": "-264.02300", "2018-12-31": "-139.60300", "2017-12-31": "-202.14500", "2016-12-31": "-217.89100", "2015-12-31": "-187.78500", "2014-12-31": "-120.20700", "2013-12-31": "-189.04900", "2012-12-31": "-23.08100", "2011-12-31": "-115.63400", "2010-12-31": "-74.26000", "2009-12-31": "-56.13500", "2008-12-31": "-77.76300", "2007-12-31": "-24.93300", "2006-12-31": "-39.57100", "2005-12-31": "-38.54800"}, "Net Cash Flow": {"2019-12-31": "-8.44000", "2018-12-31": "2.39800", "2017-12-31": "24.48600", "2016-12-31": "20.78100", "2015-12-31": "10.78200", "2014-12-31": "4.96900", "2013-12-31": "-54.29200", "2012-12-31": "58.09700", "2011-12-31": "-110.82500", "2010-12-31": "68.40500", "2009-12-31": "16.64900", "2008-12-31": "32.03900", "2007-12-31": "-24.93500", "2006-12-31": "6.69000", "2005-12-31": "-57.49400"}, "Stock-Based Compensation": {"2019-12-31": "21.30600", "2018-12-31": "18.45300", "2017-12-31": "15.72100", "2016-12-31": "14.66700", "2015-12-31": "12.59600", "2014-12-31": "13.23200", "2013-12-31": "11.65600", "2012-12-31": "9.71100", "2011-12-31": "8.38100", "2010-12-31": "5.66400", "2009-12-31": "6.56100", "2008-12-31": "7.70300", "2007-12-31": "7.24900", "2006-12-31": "6.16000", "2005-12-31": "3.42900"}, "Common Stock Dividends Paid": {"2019-12-31": "-241.41200", "2018-12-31": "-209.21800", "2017-12-31": "-164.14700", "2016-12-31": "-127.60400", "2015-12-31": "-98.53200", "2014-12-31": "-69.87000", "2013-12-31": "-39.83600", "2012-12-31": "-256.21900", "2011-12-31": "-73.27600", "2010-12-31": "-66.02800", "2009-12-31": "-57.08500", "2008-12-31": "-49.35100", "2007-12-31": "-36.74500", "2006-12-31": "-26.37200", "2005-12-31": "-16.97800"}}, "cash flow statement, quarterly": {"Net Income/Loss": {"2020-09-30": 126.206, "2020-06-30": 104.242, "2020-03-31": "36.24700", "2019-12-31": 44.406, "2019-09-30": 99.655, "2019-06-30": 107.91, "2019-03-31": "43.80400", "2018-12-31": 49.002, "2018-09-30": 96.886, "2018-06-30": 108.264, "2018-03-31": "42.37700", "2017-12-31": 52.656, "2017-09-30": 80.019, "2017-06-30": 90.847, "2017-03-31": "33.76800", "2016-12-31": 39.867, "2016-09-30": 80.518, "2016-06-30": 81.424, "2016-03-31": "34.17400", "2015-12-31": 36.339, "2015-09-30": 74.644, "2015-06-30": 84.241, "2015-03-31": "31.30000", "2014-12-31": 34.783, "2014-09-30": 71.131, "2014-06-30": 78.385, "2014-03-31": "24.40300", "2013-12-31": 27.93, "2013-09-30": 66.118, "2013-06-30": 72.582, "2013-03-31": "21.08900", "2012-12-31": 23.676, "2012-09-30": 59.531, "2012-06-30": 60.902, "2012-03-31": "13.49200", "2011-12-31": 22.53, "2011-09-30": 51.818, "2011-06-30": 52.272, "2011-03-31": "11.12200", "2010-12-31": 14.522, "2010-09-30": 43.518, "2010-06-30": 48.207, "2010-03-31": "5.47500", "2009-12-31": 9.322, "2009-09-30": 27.141, "2009-06-30": 16.282, "2009-03-31": "-1.17200", "2008-12-31": 3.343, "2008-09-30": 23.332, "2008-06-30": 26.05, "2008-03-31": "7.64400", "2007-12-31": 6.665, "2007-09-30": 25.248, "2007-06-30": 22.85, "2007-03-31": "10.81400", "2006-12-31": 11.655, "2006-09-30": 28.957, "2006-06-30": 28.705, "2006-03-31": "13.04700", "2005-12-31": 14.627, "2005-09-30": 24.347, "2005-06-30": 22.406, "2005-03-31": "9.14800"}, "Total Depreciation And Amortization - Cash Flow": {"2020-09-30": 6.452, "2020-06-30": 6.419, "2020-03-31": "6.47900", "2019-12-31": 6.529, "2019-09-30": 6.327, "2019-06-30": 5.888, "2019-03-31": "5.76800", "2018-12-31": 5.595, "2018-09-30": 5.473, "2018-06-30": 5.489, "2018-03-31": "5.53800", "2017-12-31": 5.524, "2017-09-30": 5.575, "2017-06-30": 5.569, "2017-03-31": "5.36500", "2016-12-31": 4.988, "2016-09-30": 5.035, "2016-06-30": 5.086, "2016-03-31": "4.95700", "2015-12-31": 4.901, "2015-09-30": 4.807, "2015-06-30": 4.788, "2015-03-31": "4.62100", "2014-12-31": 4.579, "2014-09-30": 4.501, "2014-06-30": 4.413, "2014-03-31": "4.43400", "2013-12-31": 4.483, "2013-09-30": 4.503, "2013-06-30": 4.42, "2013-03-31": "4.30000", "2012-12-31": 4.635, "2012-09-30": 4.419, "2012-06-30": 3.776, "2012-03-31": "3.08100", "2011-12-31": 3.176, "2011-09-30": 3.092, "2011-06-30": 2.84, "2011-03-31": "2.61700", "2010-12-31": 3.101, "2010-09-30": 2.522, "2010-06-30": 2.546, "2010-03-31": "2.60200", "2009-12-31": 2.609, "2009-09-30": 2.511, "2009-06-30": 1.695, "2009-03-31": "1.71800", "2008-12-31": 1.72, "2008-09-30": 1.782, "2008-06-30": 1.757, "2008-03-31": "1.81200", "2007-12-31": 1.903, "2007-09-30": 1.614, "2007-06-30": 1.452, "2007-03-31": "1.45100", "2006-12-31": 1.504, "2006-09-30": 1.469, "2006-06-30": 1.378, "2006-03-31": "1.43500", "2005-12-31": 1.692, "2005-09-30": 1.387, "2005-06-30": 1.524, "2005-03-31": "1.46700"}, "Other Non-Cash Items": {"2020-09-30": 2.952, "2020-06-30": 2.06, "2020-03-31": "11.11400", "2019-12-31": 3.339, "2019-09-30": 1.787, "2019-06-30": 2.701, "2019-03-31": "7.86400", "2018-12-31": 9.032, "2018-09-30": 3.705, "2018-06-30": 1.144, "2018-03-31": "6.22600", "2017-12-31": -10.121, "2017-09-30": 2.584, "2017-06-30": 4.226, "2017-03-31": "6.51700", "2016-12-31": 4.093, "2016-09-30": 5.536, "2016-06-30": 5.12, "2016-03-31": "5.93600", "2015-12-31": 3.664, "2015-09-30": 6.213, "2015-06-30": 2.666, "2015-03-31": "6.48200", "2014-12-31": -1.238, "2014-09-30": 5.943, "2014-06-30": 2.301, "2014-03-31": "6.00400", "2013-12-31": 7.958, "2013-09-30": 2.684, "2013-06-30": 3.031, "2013-03-31": "5.86600", "2012-12-31": 5.499, "2012-09-30": 4.764, "2012-06-30": 2.292, "2012-03-31": "4.73000", "2011-12-31": 7.868, "2011-09-30": 4.155, "2011-06-30": 2.348, "2011-03-31": "4.00600", "2010-12-31": 11.465, "2010-09-30": 2.724, "2010-06-30": 2.17, "2010-03-31": "1.75200", "2009-12-31": 3.912, "2009-09-30": -2.121, "2009-06-30": -0.217, "2009-03-31": "3.25700", "2008-12-31": 0.322, "2008-09-30": 2.182, "2008-06-30": 3.181, "2008-03-31": "1.35300", "2007-12-31": 4.481, "2007-09-30": 1.595, "2007-06-30": 4.007, "2007-03-31": "2.72400", "2006-12-31": -2.58, "2006-09-30": 3.697, "2006-06-30": 3.889, "2006-03-31": "-4.52000", "2005-12-31": -2.433, "2005-09-30": 8.058, "2005-06-30": 2.933, "2005-03-31": "3.33400"}, "Total Non-Cash Items": {"2020-09-30": 9.404, "2020-06-30": 8.479, "2020-03-31": "17.59300", "2019-12-31": 9.868, "2019-09-30": 8.114, "2019-06-30": 8.589, "2019-03-31": "13.63200", "2018-12-31": 14.627, "2018-09-30": 9.178, "2018-06-30": 6.633, "2018-03-31": "11.76400", "2017-12-31": -4.597, "2017-09-30": 8.159, "2017-06-30": 9.795, "2017-03-31": "11.88200", "2016-12-31": 9.081, "2016-09-30": 10.571, "2016-06-30": 10.206, "2016-03-31": "10.89300", "2015-12-31": 8.565, "2015-09-30": 11.02, "2015-06-30": 7.454, "2015-03-31": "11.10300", "2014-12-31": 3.341, "2014-09-30": 10.444, "2014-06-30": 6.714, "2014-03-31": "10.43800", "2013-12-31": 12.441, "2013-09-30": 7.187, "2013-06-30": 7.451, "2013-03-31": "10.16600", "2012-12-31": 10.134, "2012-09-30": 9.183, "2012-06-30": 6.068, "2012-03-31": "7.81100", "2011-12-31": 11.044, "2011-09-30": 7.247, "2011-06-30": 5.188, "2011-03-31": "6.62300", "2010-12-31": 14.566, "2010-09-30": 5.246, "2010-06-30": 4.716, "2010-03-31": "4.35400", "2009-12-31": 6.521, "2009-09-30": 0.39, "2009-06-30": 1.478, "2009-03-31": "4.97500", "2008-12-31": 2.042, "2008-09-30": 3.964, "2008-06-30": 4.938, "2008-03-31": "3.16500", "2007-12-31": 6.384, "2007-09-30": 3.209, "2007-06-30": 5.459, "2007-03-31": "4.17500", "2006-12-31": -1.076, "2006-09-30": 5.166, "2006-06-30": 5.267, "2006-03-31": "-3.08500", "2005-12-31": -0.741, "2005-09-30": 9.445, "2005-06-30": 4.457, "2005-03-31": "4.80100"}, "Change In Accounts Receivable": {"2020-09-30": 33.495, "2020-06-30": -99.978, "2020-03-31": "-46.53400", "2019-12-31": 111.27, "2019-09-30": 43.628, "2019-06-30": -144.112, "2019-03-31": "-2.32900", "2018-12-31": 97.35, "2018-09-30": 56.924, "2018-06-30": -173.046, "2018-03-31": "-10.05900", "2017-12-31": 87.718, "2017-09-30": 45.558, "2017-06-30": -129.272, "2017-03-31": "-5.68000", "2016-12-31": 69.751, "2016-09-30": 57.01, "2016-06-30": -141.768, "2016-03-31": "-11.93400", "2015-12-31": 56.671, "2015-09-30": 85.547, "2015-06-30": -161.455, "2015-03-31": "-6.88400", "2014-12-31": 65.822, "2014-09-30": 43.868, "2014-06-30": -152.75, "2014-03-31": "1.99200", "2013-12-31": 64.359, "2013-09-30": 60.431, "2013-06-30": -145.257, "2013-03-31": "-5.37900", "2012-12-31": 76.041, "2012-09-30": 56.088, "2012-06-30": -125.647, "2012-03-31": "-12.23400", "2011-12-31": 74.526, "2011-09-30": 42.259, "2011-06-30": -126.011, "2011-03-31": "21.21300", "2010-12-31": 31.781, "2010-09-30": 47.463, "2010-06-30": -127.219, "2010-03-31": "6.72500", "2009-12-31": 57.474, "2009-09-30": 38.126, "2009-06-30": -40.611, "2009-03-31": "12.25400", "2008-12-31": 41.61, "2008-09-30": 34.813, "2008-06-30": -52.738, "2008-03-31": "-0.26900", "2007-12-31": 47.013, "2007-09-30": 6.705, "2007-06-30": -33.489, "2007-03-31": "3.29000", "2006-12-31": 32.066, "2006-09-30": 15.85, "2006-06-30": -42.847, "2006-03-31": "5.11200", "2005-12-31": 13.191, "2005-09-30": 3.149, "2005-06-30": -37.829, "2005-03-31": "-4.31200"}, "Change In Inventories": {"2020-09-30": -28.984, "2020-06-30": 90.712, "2020-03-31": "-27.28000", "2019-12-31": 58.923, "2019-09-30": 43.143, "2019-06-30": -62.031, "2019-03-31": "-55.56000", "2018-12-31": -28.388, "2018-09-30": 63.265, "2018-06-30": -63.894, "2018-03-31": "-49.93700", "2017-12-31": 24.282, "2017-09-30": -14.162, "2017-06-30": -17.422, "2017-03-31": "-66.10100", "2016-12-31": 53.751, "2016-09-30": 8.89, "2016-06-30": -3.252, "2016-03-31": "-69.11800", "2015-12-31": 76.513, "2015-09-30": 44.312, "2015-06-30": 2.423, "2015-03-31": "-126.90000", "2014-12-31": 50.344, "2014-09-30": 27.499, "2014-06-30": -50.268, "2014-03-31": "-126.31600", "2013-12-31": 59.08, "2013-09-30": 49.203, "2013-06-30": -46.736, "2013-03-31": "-102.12200", "2012-12-31": 71.349, "2012-09-30": 56.239, "2012-06-30": -87.157, "2012-03-31": "-67.08300", "2011-12-31": 74.131, "2011-09-30": 85.188, "2011-06-30": -70.901, "2011-03-31": "-110.90700", "2010-12-31": 64.843, "2010-09-30": 65.777, "2010-06-30": -61.017, "2010-03-31": "-48.15600", "2009-12-31": 45.495, "2009-09-30": -29.086, "2009-06-30": -5.822, "2009-03-31": "-9.38300", "2008-12-31": 62.723, "2008-09-30": 25.38, "2008-06-30": -34.13, "2008-03-31": "-16.82000", "2007-12-31": 41.66, "2007-09-30": 36.034, "2007-06-30": 10.38, "2007-03-31": "-41.65800", "2006-12-31": 36.49, "2006-09-30": 15.754, "2006-06-30": -21.48, "2006-03-31": "-48.79000", "2005-12-31": -2.27, "2005-09-30": -9.929, "2005-06-30": -6.088, "2005-03-31": "-14.98400"}, "Change In Accounts Payable": {"2020-09-30": 0, "2020-06-30": 0, "2020-03-31": "", "2019-12-31": 0, "2019-09-30": 0, "2019-06-30": 0, "2019-03-31": "", "2018-12-31": 0, "2018-09-30": 0, "2018-06-30": 0, "2018-03-31": "", "2017-12-31": 0, "2017-09-30": 0, "2017-06-30": 0, "2017-03-31": "", "2016-12-31": 0, "2016-09-30": 0, "2016-06-30": 0, "2016-03-31": "", "2015-12-31": 0, "2015-09-30": 0, "2015-06-30": 0, "2015-03-31": "", "2014-12-31": 0, "2014-09-30": 0, "2014-06-30": 0, "2014-03-31": "", "2013-12-31": 0, "2013-09-30": 0, "2013-06-30": 0, "2013-03-31": "", "2012-12-31": 0, "2012-09-30": 0, "2012-06-30": 0, "2012-03-31": "", "2011-12-31": 0, "2011-09-30": 0, "2011-06-30": 0, "2011-03-31": "", "2010-12-31": 0, "2010-09-30": 0, "2010-06-30": 0, "2010-03-31": "", "2009-12-31": 0, "2009-09-30": 0, "2009-06-30": 0, "2009-03-31": "", "2008-12-31": 0, "2008-09-30": 0, "2008-06-30": 0, "2008-03-31": "", "2007-12-31": 0, "2007-09-30": 0, "2007-06-30": 0, "2007-03-31": "", "2006-12-31": 0, "2006-09-30": 0, "2006-06-30": 0, "2006-03-31": "", "2005-12-31": 0, "2005-09-30": 0, "2005-06-30": 0, "2005-03-31": ""}, "Change In Assets/Liabilities": {"2020-09-30": -3.735, "2020-06-30": -0.967, "2020-03-31": "-4.21600", "2019-12-31": 0.666, "2019-09-30": -3.398, "2019-06-30": -1.18, "2019-03-31": "-1.96100", "2018-12-31": 2.013, "2018-09-30": -5.738, "2018-06-30": -0.156, "2018-03-31": "0.89000", "2017-12-31": -0.989, "2017-09-30": 0.254, "2017-06-30": 2.433, "2017-03-31": "-2.58400", "2016-12-31": 2.796, "2016-09-30": -5.331, "2016-06-30": -1.433, "2016-03-31": "1.90100", "2015-12-31": 2.12, "2015-09-30": -2.102, "2015-06-30": -2.851, "2015-03-31": "2.54800", "2014-12-31": 2.904, "2014-09-30": -2.688, "2014-06-30": -2.346, "2014-03-31": "2.03800", "2013-12-31": 2.81, "2013-09-30": -4.284, "2013-06-30": -0.769, "2013-03-31": "1.22500", "2012-12-31": 3.523, "2012-09-30": -1.603, "2012-06-30": 1.757, "2012-03-31": "-0.60000", "2011-12-31": 9.731, "2011-09-30": -6.983, "2011-06-30": 1.872, "2011-03-31": "-1.89900", "2010-12-31": 3.1, "2010-09-30": -1.392, "2010-06-30": -0.368, "2010-03-31": "2.57000", "2009-12-31": -0.294, "2009-09-30": 0.199, "2009-06-30": 2.162, "2009-03-31": "-0.77800", "2008-12-31": 2.967, "2008-09-30": -2.276, "2008-06-30": 2.252, "2008-03-31": "-1.49700", "2007-12-31": -0.702, "2007-09-30": 0.739, "2007-06-30": 0.984, "2007-03-31": "0.62800", "2006-12-31": 3.5, "2006-09-30": -3.253, "2006-06-30": 3.271, "2006-03-31": "-5.57500", "2005-12-31": 1.128, "2005-09-30": 1.038, "2005-06-30": -1.076, "2005-03-31": "0.04100"}, "Total Change In Assets/Liabilities": {"2020-09-30": -24.087, "2020-06-30": 106.675, "2020-03-31": "-11.98100", "2019-12-31": 83.966, "2019-09-30": 21.315, "2019-06-30": -100.988, "2019-03-31": "-4.50000", "2018-12-31": 36.863, "2018-09-30": -16.743, "2018-06-30": -92.539, "2018-03-31": "-95.75500", "2017-12-31": 69.082, "2017-09-30": 66.191, "2017-06-30": -99.949, "2017-03-31": "-11.33300", "2016-12-31": 86.483, "2016-09-30": 13.278, "2016-06-30": -91.549, "2016-03-31": "-3.21500", "2015-12-31": 78.186, "2015-09-30": 88.221, "2015-06-30": -149.039, "2015-03-31": "-59.18600", "2014-12-31": 65.137, "2014-09-30": 25.302, "2014-06-30": -175.158, "2014-03-31": "-9.94000", "2013-12-31": 58.715, "2013-09-30": 54.785, "2013-06-30": -139.441, "2013-03-31": "-48.75400", "2012-12-31": 75.09, "2012-09-30": 55.371, "2012-06-30": -136.065, "2012-03-31": "-11.85000", "2011-12-31": 86.582, "2011-09-30": -75.561, "2011-06-30": -54.742, "2011-03-31": "-62.67100", "2010-12-31": 27.016, "2010-09-30": -8.899, "2010-06-30": 9.742, "2010-03-31": "-15.66400", "2009-12-31": 33.961, "2009-09-30": -16.607, "2009-06-30": -3.334, "2009-03-31": "9.33000", "2008-12-31": 71.008, "2008-09-30": -37.194, "2008-06-30": -5.248, "2008-03-31": "10.42900", "2007-12-31": 57.889, "2007-09-30": -18.051, "2007-06-30": -8.604, "2007-03-31": "-8.04000", "2006-12-31": 67.888, "2006-09-30": -24.801, "2006-06-30": -22.886, "2006-03-31": "-40.29600", "2005-12-31": -10.363, "2005-09-30": 4.985, "2005-06-30": -3.338, "2005-03-31": "-43.99200"}, "Cash Flow From Operating Activities": {"2020-09-30": 111.523, "2020-06-30": 219.396, "2020-03-31": "41.85900", "2019-12-31": 138.24, "2019-09-30": 129.084, "2019-06-30": 15.511, "2019-03-31": "52.93600", "2018-12-31": 100.492, "2018-09-30": 89.321, "2018-06-30": 22.358, "2018-03-31": "-41.61400", "2017-12-31": 117.141, "2017-09-30": 154.369, "2017-06-30": 0.693, "2017-03-31": "34.31700", "2016-12-31": 135.431, "2016-09-30": 104.367, "2016-06-30": 0.081, "2016-03-31": "41.85200", "2015-12-31": 123.09, "2015-09-30": 173.885, "2015-06-30": -57.344, "2015-03-31": "-16.78300", "2014-12-31": 103.261, "2014-09-30": 106.877, "2014-06-30": -90.059, "2014-03-31": "24.90100", "2013-12-31": 99.086, "2013-09-30": 128.09, "2013-06-30": -59.408, "2013-03-31": "-17.49900", "2012-12-31": 108.9, "2012-09-30": 124.085, "2012-06-30": -69.095, "2012-03-31": "9.45300", "2011-12-31": 120.156, "2011-09-30": -16.496, "2011-06-30": 2.718, "2011-03-31": "-44.92600", "2010-12-31": 56.104, "2010-09-30": 39.865, "2010-06-30": 62.665, "2010-03-31": "-5.83500", "2009-12-31": 49.804, "2009-09-30": 10.924, "2009-06-30": 14.426, "2009-03-31": "13.13300", "2008-12-31": 76.393, "2008-09-30": -9.898, "2008-06-30": 25.74, "2008-03-31": "21.23800", "2007-12-31": 70.938, "2007-09-30": 10.406, "2007-06-30": 19.705, "2007-03-31": "6.94900", "2006-12-31": 78.467, "2006-09-30": 9.322, "2006-06-30": 11.086, "2006-03-31": "-30.33400", "2005-12-31": 3.523, "2005-09-30": 38.777, "2005-06-30": 23.525, "2005-03-31": "-30.04300"}, "Net Change In Property, Plant, And Equipment": {"2020-09-30": -3.565, "2020-06-30": -4.133, "2020-03-31": "-3.84900", "2019-12-31": -3.713, "2019-09-30": -3.607, "2019-06-30": -5.002, "2019-03-31": "-4.10300", "2018-12-31": -4.171, "2018-09-30": -4.016, "2018-06-30": -5.306, "2018-03-31": "-3.43200", "2017-12-31": -4.018, "2017-09-30": -3.453, "2017-06-30": -6.11, "2017-03-31": "-4.12700", "2016-12-31": -34.519, "2016-09-30": -3.32, "2016-06-30": -2.32, "2016-03-31": "-2.67400", "2015-12-31": -3.031, "2015-09-30": -5.897, "2015-06-30": -10.967, "2015-03-31": "-3.04300", "2014-12-31": -10.222, "2014-09-30": -3.332, "2014-06-30": -3.904, "2014-03-31": "-1.66600", "2013-12-31": -3.564, "2013-09-30": -3.89, "2013-06-30": -3.844, "2013-03-31": "-2.95900", "2012-12-31": -2.99, "2012-09-30": -2.089, "2012-06-30": -2.922, "2012-03-31": "-3.81200", "2011-12-31": -4.43, "2011-09-30": -3.402, "2011-06-30": -3.721, "2011-03-31": "-1.63500", "2010-12-31": -2.85, "2010-09-30": -1.694, "2010-06-30": -2.1, "2010-03-31": "0.33400", "2009-12-31": -1.664, "2009-09-30": -2.569, "2009-06-30": -0.569, "2009-03-31": "-0.86100", "2008-12-31": -0.71, "2008-09-30": -1.372, "2008-06-30": -1.088, "2008-03-31": "-0.57700", "2007-12-31": -1.717, "2007-09-30": -1.373, "2007-06-30": -1.54, "2007-03-31": "-1.01300", "2006-12-31": -1.842, "2006-09-30": -4.339, "2006-06-30": -1.611, "2006-03-31": "-1.64300", "2005-12-31": -2.715, "2005-09-30": -0.685, "2005-06-30": -0.406, "2005-03-31": "-1.54400"}, "Net Change In Intangible Assets": {"2020-09-30": 0, "2020-06-30": 0, "2020-03-31": "", "2019-12-31": 0, "2019-09-30": 0, "2019-06-30": 0, "2019-03-31": "", "2018-12-31": 0, "2018-09-30": 0, "2018-06-30": 0, "2018-03-31": "", "2017-12-31": 0, "2017-09-30": 0, "2017-06-30": 0, "2017-03-31": "", "2016-12-31": 0, "2016-09-30": 0, "2016-06-30": 0, "2016-03-31": "", "2015-12-31": 0, "2015-09-30": 0, "2015-06-30": 0, "2015-03-31": "", "2014-12-31": 0, "2014-09-30": 0, "2014-06-30": 0, "2014-03-31": "", "2013-12-31": 0, "2013-09-30": 0, "2013-06-30": 0, "2013-03-31": "", "2012-12-31": 0, "2012-09-30": 0, "2012-06-30": 0, "2012-03-31": "", "2011-12-31": 0, "2011-09-30": 0, "2011-06-30": 0, "2011-03-31": "", "2010-12-31": 0, "2010-09-30": 0, "2010-06-30": 0, "2010-03-31": "", "2009-12-31": 0, "2009-09-30": 0, "2009-06-30": 0, "2009-03-31": "", "2008-12-31": 0, "2008-09-30": 0, "2008-06-30": 0, "2008-03-31": "", "2007-12-31": 0, "2007-09-30": 0, "2007-06-30": 0, "2007-03-31": "", "2006-12-31": 0, "2006-09-30": 0, "2006-06-30": 0, "2006-03-31": "", "2005-12-31": 0, "2005-09-30": 0, "2005-06-30": 0, "2005-03-31": ""}, "Net Acquisitions/Divestitures": {"2020-09-30": 0, "2020-06-30": 0, "2020-03-31": "", "2019-12-31": -12.329, "2019-09-30": -30.582, "2019-06-30": -16.761, "2019-03-31": "", "2018-12-31": 0.202, "2018-09-30": -5.828, "2018-06-30": 0, "2018-03-31": "", "2017-12-31": 0, "2017-09-30": 0, "2017-06-30": 0, "2017-03-31": "", "2016-12-31": 0, "2016-09-30": 0, "2016-06-30": 0, "2016-03-31": "", "2015-12-31": 0, "2015-09-30": 0, "2015-06-30": 0, "2015-03-31": "", "2014-12-31": 0, "2014-09-30": 0, "2014-06-30": 0, "2014-03-31": "", "2013-12-31": 0, "2013-09-30": 0, "2013-06-30": 0, "2013-03-31": "", "2012-12-31": 0, "2012-09-30": 1.669, "2012-06-30": -82.148, "2012-03-31": "", "2011-12-31": 1.24, "2011-09-30": -9, "2011-06-30": -35.695, "2011-03-31": "", "2010-12-31": 0, "2010-09-30": -1.418, "2010-06-30": -2.406, "2010-03-31": "", "2009-12-31": -5.783, "2009-09-30": -4.057, "2009-06-30": 0, "2009-03-31": "", "2008-12-31": 0, "2008-09-30": 0.076, "2008-06-30": 0, "2008-03-31": "", "2007-12-31": -0.828, "2007-09-30": -105.173, "2007-06-30": 0.371, "2007-03-31": "", "2006-12-31": -8.752, "2006-09-30": -0.014, "2006-06-30": 0.137, "2006-03-31": "-1.26000", "2005-12-31": -0.001, "2005-09-30": 0.354, "2005-06-30": -0.162, "2005-03-31": "-49.67200"}, "Net Change In Short-term Investments": {"2020-09-30": 0, "2020-06-30": 0, "2020-03-31": "", "2019-12-31": 0, "2019-09-30": 0, "2019-06-30": 0, "2019-03-31": "", "2018-12-31": 0, "2018-09-30": 0, "2018-06-30": 0, "2018-03-31": "", "2017-12-31": 0, "2017-09-30": 0, "2017-06-30": 0, "2017-03-31": "", "2016-12-31": 0, "2016-09-30": 0, "2016-06-30": 0, "2016-03-31": "", "2015-12-31": 0, "2015-09-30": 0, "2015-06-30": 0, "2015-03-31": "", "2014-12-31": 0, "2014-09-30": 0, "2014-06-30": 0, "2014-03-31": "", "2013-12-31": 0, "2013-09-30": 0, "2013-06-30": 0, "2013-03-31": "", "2012-12-31": 0, "2012-09-30": 0, "2012-06-30": 0, "2012-03-31": "", "2011-12-31": 0, "2011-09-30": 0, "2011-06-30": 0, "2011-03-31": "", "2010-12-31": 0, "2010-09-30": 0, "2010-06-30": 0, "2010-03-31": "", "2009-12-31": 0, "2009-09-30": 0, "2009-06-30": 0, "2009-03-31": "", "2008-12-31": 0, "2008-09-30": 0, "2008-06-30": 0, "2008-03-31": "", "2007-12-31": 0, "2007-09-30": -7.101, "2007-06-30": -0.001, "2007-03-31": "7.10200", "2006-12-31": 0, "2006-09-30": 0, "2006-06-30": 0, "2006-03-31": "", "2005-12-31": -0.16, "2005-09-30": 0, "2005-06-30": 0.16, "2005-03-31": ""}, "Net Change In Long-Term Investments": {"2020-09-30": 0, "2020-06-30": 0, "2020-03-31": "", "2019-12-31": 0, "2019-09-30": 0, "2019-06-30": -4.94, "2019-03-31": "", "2018-12-31": 0, "2018-09-30": -3.76, "2018-06-30": 0, "2018-03-31": "", "2017-12-31": 0, "2017-09-30": 0, "2017-06-30": -63.6, "2017-03-31": "", "2016-12-31": 0, "2016-09-30": 0, "2016-06-30": 0, "2016-03-31": "", "2015-12-31": 0, "2015-09-30": 0, "2015-06-30": 0, "2015-03-31": "", "2014-12-31": 0, "2014-09-30": 0, "2014-06-30": 0, "2014-03-31": "", "2013-12-31": 0, "2013-09-30": 0, "2013-06-30": 0, "2013-03-31": "", "2012-12-31": 0, "2012-09-30": 0, "2012-06-30": 0, "2012-03-31": "", "2011-12-31": 0, "2011-09-30": 0, "2011-06-30": 0, "2011-03-31": "", "2010-12-31": 0, "2010-09-30": 0, "2010-06-30": 0, "2010-03-31": "", "2009-12-31": 0, "2009-09-30": 0, "2009-06-30": 0, "2009-03-31": "", "2008-12-31": 0, "2008-09-30": 0, "2008-06-30": 0, "2008-03-31": "", "2007-12-31": 0.591, "2007-09-30": 7.125, "2007-06-30": -1.233, "2007-03-31": "-3.17200", "2006-12-31": -2.847, "2006-09-30": 0, "2006-06-30": 0, "2006-03-31": "", "2005-12-31": 0.16, "2005-09-30": 0, "2005-06-30": 0, "2005-03-31": ""}, "Net Change In Investments - Total": {"2020-09-30": 0, "2020-06-30": 0, "2020-03-31": "", "2019-12-31": 0, "2019-09-30": 0, "2019-06-30": -4.94, "2019-03-31": "", "2018-12-31": 0, "2018-09-30": -3.76, "2018-06-30": 0, "2018-03-31": "", "2017-12-31": 0, "2017-09-30": 0, "2017-06-30": -63.6, "2017-03-31": "", "2016-12-31": 0, "2016-09-30": 0, "2016-06-30": 0, "2016-03-31": "", "2015-12-31": 0, "2015-09-30": 0, "2015-06-30": 0, "2015-03-31": "", "2014-12-31": 0, "2014-09-30": 0, "2014-06-30": 0, "2014-03-31": "", "2013-12-31": 0, "2013-09-30": 0, "2013-06-30": 0, "2013-03-31": "", "2012-12-31": 0, "2012-09-30": 0, "2012-06-30": 0, "2012-03-31": "", "2011-12-31": 0, "2011-09-30": 0, "2011-06-30": 0, "2011-03-31": "", "2010-12-31": 0, "2010-09-30": 0, "2010-06-30": 0, "2010-03-31": "", "2009-12-31": 0, "2009-09-30": 0, "2009-06-30": 0, "2009-03-31": "", "2008-12-31": 0, "2008-09-30": 0, "2008-06-30": 0, "2008-03-31": "", "2007-12-31": 0.591, "2007-09-30": 0.024, "2007-06-30": -1.234, "2007-03-31": "3.93000", "2006-12-31": -2.847, "2006-09-30": 0, "2006-06-30": 0, "2006-03-31": "", "2005-12-31": 0, "2005-09-30": 0, "2005-06-30": 0.16, "2005-03-31": ""}, "Investing Activities - Other": {"2020-09-30": 0, "2020-06-30": 0, "2020-03-31": "", "2019-12-31": 0, "2019-09-30": 0, "2019-06-30": 0, "2019-03-31": "", "2018-12-31": 0, "2018-09-30": 0, "2018-06-30": 0, "2018-03-31": "", "2017-12-31": 0, "2017-09-30": 0, "2017-06-30": 0, "2017-03-31": "", "2016-12-31": 0, "2016-09-30": 0, "2016-06-30": 0, "2016-03-31": "", "2015-12-31": 0, "2015-09-30": 0, "2015-06-30": 0, "2015-03-31": "", "2014-12-31": 0, "2014-09-30": 0, "2014-06-30": 0, "2014-03-31": "", "2013-12-31": 0, "2013-09-30": 0, "2013-06-30": 0, "2013-03-31": "", "2012-12-31": 0, "2012-09-30": 0, "2012-06-30": 0, "2012-03-31": "", "2011-12-31": 0, "2011-09-30": 0, "2011-06-30": 0, "2011-03-31": "", "2010-12-31": 0, "2010-09-30": 0, "2010-06-30": 0, "2010-03-31": "", "2009-12-31": 0, "2009-09-30": 0, "2009-06-30": 0, "2009-03-31": "", "2008-12-31": 0, "2008-09-30": 0, "2008-06-30": 0, "2008-03-31": "", "2007-12-31": 0, "2007-09-30": 0, "2007-06-30": -0.013, "2007-03-31": "-0.02500", "2006-12-31": -0.007, "2006-09-30": -0.026, "2006-06-30": -0.076, "2006-03-31": "", "2005-12-31": -0.057, "2005-09-30": 0, "2005-06-30": 0, "2005-03-31": ""}, "Cash Flow From Investing Activities": {"2020-09-30": -3.565, "2020-06-30": -4.133, "2020-03-31": "-3.84900", "2019-12-31": -16.042, "2019-09-30": -34.189, "2019-06-30": -26.703, "2019-03-31": "-4.10300", "2018-12-31": -3.969, "2018-09-30": -13.604, "2018-06-30": -5.306, "2018-03-31": "-3.43200", "2017-12-31": -4.018, "2017-09-30": -3.453, "2017-06-30": -69.71, "2017-03-31": "-4.12700", "2016-12-31": -34.519, "2016-09-30": -3.32, "2016-06-30": -2.32, "2016-03-31": "-2.67400", "2015-12-31": -3.031, "2015-09-30": -5.897, "2015-06-30": -10.967, "2015-03-31": "-3.04300", "2014-12-31": -10.222, "2014-09-30": -3.332, "2014-06-30": -3.904, "2014-03-31": "-1.66600", "2013-12-31": -3.564, "2013-09-30": -3.89, "2013-06-30": -3.844, "2013-03-31": "-2.95900", "2012-12-31": -2.99, "2012-09-30": -0.42, "2012-06-30": -85.07, "2012-03-31": "-3.81200", "2011-12-31": -3.19, "2011-09-30": -12.402, "2011-06-30": -39.416, "2011-03-31": "-1.63500", "2010-12-31": -2.85, "2010-09-30": -3.112, "2010-06-30": -4.506, "2010-03-31": "0.33400", "2009-12-31": -7.447, "2009-09-30": -6.626, "2009-06-30": -0.569, "2009-03-31": "-0.86100", "2008-12-31": -0.71, "2008-09-30": -1.296, "2008-06-30": -1.088, "2008-03-31": "-0.57700", "2007-12-31": -1.954, "2007-09-30": -106.522, "2007-06-30": -2.416, "2007-03-31": "2.89200", "2006-12-31": -13.448, "2006-09-30": -4.379, "2006-06-30": -1.55, "2006-03-31": "-2.90300", "2005-12-31": -2.773, "2005-09-30": -0.331, "2005-06-30": -0.408, "2005-03-31": "-51.21600"}, "Net Long-Term Debt": {"2020-09-30": -33.041, "2020-06-30": -123.094, "2020-03-31": "0.10000", "2019-12-31": -13.92, "2019-09-30": -50.99, "2019-06-30": 82.1, "2019-03-31": "2.07000", "2018-12-31": 19.251, "2018-09-30": -25.261, "2018-06-30": 50.539, "2018-03-31": "69.14000", "2017-12-31": -262.96, "2017-09-30": -94.459, "2017-06-30": 98.949, "2017-03-31": "44.95700", "2016-12-31": 15.854, "2016-09-30": -47.975, "2016-06-30": 29.41, "2016-03-31": "-7.44500", "2015-12-31": -59.628, "2015-09-30": 3.298, "2015-06-30": -38.539, "2015-03-31": "38.45600", "2014-12-31": -47.874, "2014-09-30": 3.753, "2014-06-30": 121.664, "2014-03-31": "-2.57900", "2013-12-31": -53.575, "2013-09-30": -113.634, "2013-06-30": 77.602, "2013-03-31": "6.65000", "2012-12-31": 114.474, "2012-09-30": -34.895, "2012-06-30": 194.654, "2012-03-31": "22.51400", "2011-12-31": -95.018, "2011-09-30": 49.98, "2011-06-30": 40.88, "2011-03-31": "14.08900", "2010-12-31": -9.942, "2010-09-30": 2.066, "2010-06-30": -27.034, "2010-03-31": "34.18100", "2009-12-31": -29.745, "2009-09-30": 22.94, "2009-06-30": -0.068, "2009-03-31": "-0.05600", "2008-12-31": -28.07, "2008-09-30": 24.627, "2008-06-30": -30.782, "2008-03-31": "-0.04100", "2007-12-31": -40.494, "2007-09-30": 64.617, "2007-06-30": -10.022, "2007-03-31": "-0.02000", "2006-12-31": -25.006, "2006-09-30": -5.019, "2006-06-30": 14.973, "2006-03-31": "4.98800", "2005-12-31": -0.129, "2005-09-30": 0.128, "2005-06-30": -14.931, "2005-03-31": "4.98900"}, "Net Current Debt": {"2020-09-30": 0, "2020-06-30": 0, "2020-03-31": "", "2019-12-31": 0, "2019-09-30": 0, "2019-06-30": -2.34, "2019-03-31": "2.34000", "2018-12-31": 0, "2018-09-30": -1.51, "2018-06-30": 1.51, "2018-03-31": "", "2017-12-31": 0, "2017-09-30": -1.676, "2017-06-30": 0.08, "2017-03-31": "1.59600", "2016-12-31": 0, "2016-09-30": -0.793, "2016-06-30": 0.793, "2016-03-31": "", "2015-12-31": -2.353, "2015-09-30": -131.362, "2015-06-30": 133.715, "2015-03-31": "", "2014-12-31": 0, "2014-09-30": 0, "2014-06-30": 0, "2014-03-31": "", "2013-12-31": 0, "2013-09-30": 0, "2013-06-30": 0, "2013-03-31": "", "2012-12-31": 0, "2012-09-30": 0, "2012-06-30": 0, "2012-03-31": "", "2011-12-31": 0, "2011-09-30": 0, "2011-06-30": 0, "2011-03-31": "", "2010-12-31": -2.763, "2010-09-30": 0, "2010-06-30": 0, "2010-03-31": "", "2009-12-31": -7.237, "2009-09-30": 0, "2009-06-30": 0, "2009-03-31": "", "2008-12-31": 0, "2008-09-30": 0, "2008-06-30": 15, "2008-03-31": "-15.00000", "2007-12-31": 0, "2007-09-30": 0, "2007-06-30": 0, "2007-03-31": "", "2006-12-31": 0, "2006-09-30": 0, "2006-06-30": 0, "2006-03-31": "", "2005-12-31": 0, "2005-09-30": 0, "2005-06-30": 0, "2005-03-31": ""}, "Debt Issuance/Retirement Net - Total": {"2020-09-30": -33.041, "2020-06-30": -123.094, "2020-03-31": "0.10000", "2019-12-31": -13.92, "2019-09-30": -50.99, "2019-06-30": 79.76, "2019-03-31": "4.41000", "2018-12-31": 19.251, "2018-09-30": -26.771, "2018-06-30": 52.049, "2018-03-31": "69.14000", "2017-12-31": -262.96, "2017-09-30": -96.135, "2017-06-30": 99.029, "2017-03-31": "46.55300", "2016-12-31": 15.854, "2016-09-30": -48.768, "2016-06-30": 30.203, "2016-03-31": "-7.44500", "2015-12-31": -61.981, "2015-09-30": -128.064, "2015-06-30": 95.176, "2015-03-31": "38.45600", "2014-12-31": -47.874, "2014-09-30": 3.753, "2014-06-30": 121.664, "2014-03-31": "-2.57900", "2013-12-31": -53.575, "2013-09-30": -113.634, "2013-06-30": 77.602, "2013-03-31": "6.65000", "2012-12-31": 114.474, "2012-09-30": -34.895, "2012-06-30": 194.654, "2012-03-31": "22.51400", "2011-12-31": -95.018, "2011-09-30": 49.98, "2011-06-30": 40.88, "2011-03-31": "14.08900", "2010-12-31": -12.705, "2010-09-30": 2.066, "2010-06-30": -27.034, "2010-03-31": "34.18100", "2009-12-31": -36.982, "2009-09-30": 22.94, "2009-06-30": -0.068, "2009-03-31": "-0.05600", "2008-12-31": -28.07, "2008-09-30": 24.627, "2008-06-30": -15.782, "2008-03-31": "-15.04100", "2007-12-31": -40.494, "2007-09-30": 64.617, "2007-06-30": -10.022, "2007-03-31": "-0.02000", "2006-12-31": -25.006, "2006-09-30": -5.019, "2006-06-30": 14.973, "2006-03-31": "4.98800", "2005-12-31": -0.129, "2005-09-30": 0.128, "2005-06-30": -14.931, "2005-03-31": "4.98900"}, "Net Common Equity Issued/Repurchased": {"2020-09-30": 5.709, "2020-06-30": 3.449, "2020-03-31": "1.75000", "2019-12-31": 5.861, "2019-09-30": 3.859, "2019-06-30": 1.394, "2019-03-31": "0.69900", "2018-12-31": 0.612, "2018-09-30": -0.331, "2018-06-30": -0.43, "2018-03-31": "2.95800", "2017-12-31": 244.482, "2017-09-30": 4.691, "2017-06-30": -2.246, "2017-03-31": "1.38700", "2016-12-31": -3.284, "2016-09-30": 2.12, "2016-06-30": 0.741, "2016-03-31": "2.10100", "2015-12-31": -0.036, "2015-09-30": 1.293, "2015-06-30": 1.854, "2015-03-31": "1.38100", "2014-12-31": 1.641, "2014-09-30": 0.872, "2014-06-30": 0.859, "2014-03-31": "0.87300", "2013-12-31": 0.187, "2013-09-30": 1.322, "2013-06-30": 0.179, "2013-03-31": "0.49700", "2012-12-31": 1.335, "2012-09-30": 0.788, "2012-06-30": 2.008, "2012-03-31": "1.18100", "2011-12-31": 2.003, "2011-09-30": 0.248, "2011-06-30": 0.46, "2011-03-31": "2.64800", "2010-12-31": 2.288, "2010-09-30": 0.53, "2010-06-30": 0.581, "2010-03-31": "2.64300", "2009-12-31": 0.342, "2009-09-30": 4.146, "2009-06-30": 3.468, "2009-03-31": "2.37900", "2008-12-31": -2.456, "2008-09-30": 1.264, "2008-06-30": 1.926, "2008-03-31": "0.36200", "2007-12-31": -9.018, "2007-09-30": 0.849, "2007-06-30": 1.171, "2007-03-31": "1.74300", "2006-12-31": 0.35, "2006-09-30": 0.526, "2006-06-30": -11.175, "2006-03-31": "-1.20700", "2005-12-31": -9.682, "2005-09-30": 1.867, "2005-06-30": -5.389, "2005-03-31": "1.57700"}, "Net Total Equity Issued/Repurchased": {"2020-09-30": 5.709, "2020-06-30": 3.449, "2020-03-31": "1.75000", "2019-12-31": 5.861, "2019-09-30": 3.859, "2019-06-30": 1.394, "2019-03-31": "0.69900", "2018-12-31": 0.612, "2018-09-30": -0.331, "2018-06-30": -0.43, "2018-03-31": "2.95800", "2017-12-31": 244.482, "2017-09-30": 4.691, "2017-06-30": -2.246, "2017-03-31": "1.38700", "2016-12-31": -3.284, "2016-09-30": 2.12, "2016-06-30": 0.741, "2016-03-31": "2.10100", "2015-12-31": -0.036, "2015-09-30": 1.293, "2015-06-30": 1.854, "2015-03-31": "1.38100", "2014-12-31": 1.641, "2014-09-30": 0.872, "2014-06-30": 0.859, "2014-03-31": "0.87300", "2013-12-31": 0.187, "2013-09-30": 1.322, "2013-06-30": 0.179, "2013-03-31": "0.49700", "2012-12-31": 1.335, "2012-09-30": 0.788, "2012-06-30": 2.008, "2012-03-31": "1.18100", "2011-12-31": 2.003, "2011-09-30": 0.248, "2011-06-30": 0.46, "2011-03-31": "2.64800", "2010-12-31": 2.288, "2010-09-30": 0.53, "2010-06-30": 0.581, "2010-03-31": "2.64300", "2009-12-31": 0.342, "2009-09-30": 4.146, "2009-06-30": 3.468, "2009-03-31": "2.37900", "2008-12-31": -2.456, "2008-09-30": 1.264, "2008-06-30": 1.926, "2008-03-31": "0.36200", "2007-12-31": -9.018, "2007-09-30": 0.849, "2007-06-30": 1.171, "2007-03-31": "1.74300", "2006-12-31": 0.35, "2006-09-30": 0.526, "2006-06-30": -11.175, "2006-03-31": "-1.20700", "2005-12-31": -9.682, "2005-09-30": 1.867, "2005-06-30": -5.389, "2005-03-31": "1.57700"}, "Total Common And Preferred Stock Dividends Paid": {"2020-09-30": -68.139, "2020-06-30": -68.077, "2020-03-31": "-61.23800", "2019-12-31": -60.958, "2019-09-30": -60.276, "2019-06-30": -60.213, "2019-03-31": "-59.96500", "2018-12-31": -54.267, "2018-09-30": -54.186, "2018-06-30": -54.184, "2018-03-31": "-46.58100", "2017-12-31": -44.679, "2017-09-30": -44.633, "2017-06-30": -37.452, "2017-03-31": "-37.38300", "2016-12-31": -37.306, "2016-09-30": -30.134, "2016-06-30": -30.131, "2016-03-31": "-30.03300", "2015-12-31": -24.692, "2015-09-30": -24.675, "2015-06-30": -24.641, "2015-03-31": "-24.52400", "2014-12-31": -20.986, "2014-09-30": -20.975, "2014-06-30": -13.986, "2014-03-31": "-13.92300", "2013-12-31": -13.878, "2013-09-30": -8.66, "2013-06-30": -8.658, "2013-03-31": "-8.64000", "2012-12-31": -193.84, "2012-09-30": -21.376, "2012-06-30": -20.533, "2012-03-31": "-20.47000", "2011-12-31": -18.79, "2011-09-30": -18.779, "2011-06-30": -18.769, "2011-03-31": "-16.93800", "2010-12-31": -16.843, "2010-09-30": -16.847, "2010-06-30": -16.846, "2010-03-31": "-15.49200", "2009-12-31": -15.379, "2009-09-30": -15.255, "2009-06-30": -13.703, "2009-03-31": "-12.74800", "2008-12-31": -12.729, "2008-09-30": -12.725, "2008-06-30": -12.707, "2008-03-31": "-11.19000", "2007-12-31": -11.274, "2007-09-30": -9.274, "2007-06-30": -9.237, "2007-03-31": "-6.96000", "2006-12-31": -6.958, "2006-09-30": -6.951, "2006-06-30": -6.964, "2006-03-31": "-5.49900", "2005-12-31": -5.511, "2005-09-30": -3.834, "2005-06-30": -3.847, "2005-03-31": "-3.78600"}, "Financial Activities - Other": {"2020-09-30": 0, "2020-06-30": -0.189, "2020-03-31": "", "2019-12-31": -39.272, "2019-09-30": 17, "2019-06-30": -31.412, "2019-03-31": "", "2018-12-31": -45.437, "2018-09-30": 0.752, "2018-06-30": 0, "2018-03-31": "-2.17800", "2017-12-31": -36.032, "2017-09-30": 0, "2017-06-30": 12.719, "2017-03-31": "-49.48600", "2016-12-31": -55.782, "2016-09-30": -18.913, "2016-06-30": -0.853, "2016-03-31": "-6.26100", "2015-12-31": -26.049, "2015-09-30": -9.403, "2015-06-30": 1.416, "2015-03-31": "-3.29600", "2014-12-31": -17.57, "2014-09-30": -87.257, "2014-06-30": -17.236, "2014-03-31": "-7.48300", "2013-12-31": -37.088, "2013-09-30": 0.02, "2013-06-30": -1.786, "2013-03-31": "-29.58700", "2012-12-31": 0.122, "2012-09-30": -57.724, "2012-06-30": -4.837, "2012-03-31": "-6.48200", "2011-12-31": -10.51, "2011-09-30": -0.156, "2011-06-30": -2.781, "2011-03-31": "-44.20100", "2010-12-31": 0.633, "2010-09-30": -10.388, "2010-06-30": -1.199, "2010-03-31": "0.17200", "2009-12-31": 2.438, "2009-09-30": 3.885, "2009-06-30": -3.994, "2009-03-31": "2.45200", "2008-12-31": 0.243, "2008-09-30": 0.957, "2008-06-30": 0.28, "2008-03-31": "3.27800", "2007-12-31": 0.047, "2007-09-30": 0.042, "2007-06-30": 1.467, "2007-03-31": "1.43000", "2006-12-31": 0.145, "2006-09-30": 0.087, "2006-06-30": 0.159, "2006-03-31": "7.98000", "2005-12-31": 0, "2005-09-30": 0, "2005-06-30": 0, "2005-03-31": ""}, "Cash Flow From Financial Activities": {"2020-09-30": -95.471, "2020-06-30": -187.911, "2020-03-31": "-59.38800", "2019-12-31": -108.289, "2019-09-30": -90.407, "2019-06-30": -10.471, "2019-03-31": "-54.85600", "2018-12-31": -79.841, "2018-09-30": -80.536, "2018-06-30": -2.565, "2018-03-31": "23.33900", "2017-12-31": -99.189, "2017-09-30": -136.077, "2017-06-30": 72.05, "2017-03-31": "-38.92900", "2016-12-31": -80.518, "2016-09-30": -95.695, "2016-06-30": -0.04, "2016-03-31": "-41.63800", "2015-12-31": -112.758, "2015-09-30": -160.849, "2015-06-30": 73.805, "2015-03-31": "12.01700", "2014-12-31": -84.789, "2014-09-30": -103.607, "2014-06-30": 91.301, "2014-03-31": "-23.11200", "2013-12-31": -104.354, "2013-09-30": -120.952, "2013-06-30": 67.337, "2013-03-31": "-31.08000", "2012-12-31": -77.909, "2012-09-30": -113.207, "2012-06-30": 171.292, "2012-03-31": "-3.25700", "2011-12-31": -122.315, "2011-09-30": 31.293, "2011-06-30": 19.79, "2011-03-31": "-44.40200", "2010-12-31": -26.627, "2010-09-30": -24.639, "2010-06-30": -44.498, "2010-03-31": "21.50400", "2009-12-31": -49.581, "2009-09-30": 15.716, "2009-06-30": -14.297, "2009-03-31": "-7.97300", "2008-12-31": -43.012, "2008-09-30": 14.123, "2008-06-30": -26.283, "2008-03-31": "-22.59100", "2007-12-31": -60.739, "2007-09-30": 56.234, "2007-06-30": -16.621, "2007-03-31": "-3.80700", "2006-12-31": -31.469, "2006-09-30": -11.357, "2006-06-30": -3.007, "2006-03-31": "6.26200", "2005-12-31": -15.322, "2005-09-30": -1.839, "2005-06-30": -24.167, "2005-03-31": "2.78000"}, "Net Cash Flow": {"2020-09-30": 13.027, "2020-06-30": 28.337, "2020-03-31": "-23.21800", "2019-12-31": 14.304, "2019-09-30": 4.235, "2019-06-30": -21.358, "2019-03-31": "-5.62100", "2018-12-31": 15.282, "2018-09-30": -4.388, "2018-06-30": 13.927, "2018-03-31": "-22.42300", "2017-12-31": 13.829, "2017-09-30": 15.633, "2017-06-30": 3.613, "2017-03-31": "-8.58900", "2016-12-31": 20.1, "2016-09-30": 5.366, "2016-06-30": -2.312, "2016-03-31": "-2.37300", "2015-12-31": 6.724, "2015-09-30": 6.654, "2015-06-30": 5.6, "2015-03-31": "-8.19600", "2014-12-31": 7.756, "2014-09-30": -0.174, "2014-06-30": -2.592, "2014-03-31": "-0.02100", "2013-12-31": -9.751, "2013-09-30": 3.698, "2013-06-30": 3.498, "2013-03-31": "-51.73700", "2012-12-31": 27.809, "2012-09-30": 10.754, "2012-06-30": 17.15, "2012-03-31": "2.38400", "2011-12-31": -5.349, "2011-09-30": 2.395, "2011-06-30": -16.908, "2011-03-31": "-90.96300", "2010-12-31": 26.627, "2010-09-30": 12.114, "2010-06-30": 13.661, "2010-03-31": "16.00300", "2009-12-31": -7.224, "2009-09-30": 20.014, "2009-06-30": -0.44, "2009-03-31": "4.29900", "2008-12-31": 32.671, "2008-09-30": 2.929, "2008-06-30": -1.631, "2008-03-31": "-1.93000", "2007-12-31": 8.245, "2007-09-30": -39.882, "2007-06-30": 0.668, "2007-03-31": "6.03400", "2006-12-31": 33.55, "2006-09-30": -6.414, "2006-06-30": 6.529, "2006-03-31": "-26.97500", "2005-12-31": -14.572, "2005-09-30": 36.607, "2005-06-30": -1.05, "2005-03-31": "-78.47900"}, "Stock-Based Compensation": {"2020-09-30": 10.205, "2020-06-30": 0.685, "2020-03-31": "9.45500", "2019-12-31": 5.04, "2019-09-30": 8.092, "2019-06-30": 0.051, "2019-03-31": "8.12300", "2018-12-31": 3.739, "2018-09-30": 7.378, "2018-06-30": 0.801, "2018-03-31": "6.53500", "2017-12-31": 3.694, "2017-09-30": 5.763, "2017-06-30": 0.809, "2017-03-31": "5.45500", "2016-12-31": 3.96, "2016-09-30": 5.233, "2016-06-30": 0.341, "2016-03-31": "5.13300", "2015-12-31": 1.771, "2015-09-30": 3.022, "2015-06-30": 3.009, "2015-03-31": "4.79400", "2014-12-31": 3.623, "2014-09-30": 2.671, "2014-06-30": 2.691, "2014-03-31": "4.24700", "2013-12-31": 5.203, "2013-09-30": 0.49, "2013-06-30": 1.976, "2013-03-31": "3.98700", "2012-12-31": 4.102, "2012-09-30": -0.129, "2012-06-30": 1.804, "2012-03-31": "3.93400", "2011-12-31": 2.005, "2011-09-30": 1.672, "2011-06-30": 1.489, "2011-03-31": "3.21500", "2010-12-31": 1.376, "2010-09-30": 0.892, "2010-06-30": 1.919, "2010-03-31": "1.47700", "2009-12-31": 2.77, "2009-09-30": 1.132, "2009-06-30": 1.264, "2009-03-31": "1.39500", "2008-12-31": 2.827, "2008-09-30": 1.508, "2008-06-30": 1.532, "2008-03-31": "1.83600", "2007-12-31": 3.354, "2007-09-30": 1.206, "2007-06-30": 1.436, "2007-03-31": "1.25300", "2006-12-31": 2.297, "2006-09-30": 1.326, "2006-06-30": 1.428, "2006-03-31": "1.10900", "2005-12-31": 1.565, "2005-09-30": 0.648, "2005-06-30": 0.74, "2005-03-31": "0.47600"}, "Common Stock Dividends Paid": {"2020-09-30": -68.139, "2020-06-30": -68.077, "2020-03-31": "-61.23800", "2019-12-31": -60.958, "2019-09-30": -60.276, "2019-06-30": -60.213, "2019-03-31": "-59.96500", "2018-12-31": -54.267, "2018-09-30": -54.186, "2018-06-30": -54.184, "2018-03-31": "-46.58100", "2017-12-31": -44.679, "2017-09-30": -44.633, "2017-06-30": -37.452, "2017-03-31": "-37.38300", "2016-12-31": -37.306, "2016-09-30": -30.134, "2016-06-30": -30.131, "2016-03-31": "-30.03300", "2015-12-31": -24.692, "2015-09-30": -24.675, "2015-06-30": -24.641, "2015-03-31": "-24.52400", "2014-12-31": -20.986, "2014-09-30": -20.975, "2014-06-30": -13.986, "2014-03-31": "-13.92300", "2013-12-31": -13.878, "2013-09-30": -8.66, "2013-06-30": -8.658, "2013-03-31": "-8.64000", "2012-12-31": -193.84, "2012-09-30": -21.376, "2012-06-30": -20.533, "2012-03-31": "-20.47000", "2011-12-31": -18.79, "2011-09-30": -18.779, "2011-06-30": -18.769, "2011-03-31": "-16.93800", "2010-12-31": -16.843, "2010-09-30": -16.847, "2010-06-30": -16.846, "2010-03-31": "-15.49200", "2009-12-31": -15.379, "2009-09-30": -15.255, "2009-06-30": -13.703, "2009-03-31": "-12.74800", "2008-12-31": -12.729, "2008-09-30": -12.725, "2008-06-30": -12.707, "2008-03-31": "-11.19000", "2007-12-31": -11.274, "2007-09-30": -9.274, "2007-06-30": -9.237, "2007-03-31": "-6.96000", "2006-12-31": -6.958, "2006-09-30": -6.951, "2006-06-30": -6.964, "2006-03-31": "-5.49900", "2005-12-31": -5.511, "2005-09-30": -3.834, "2005-06-30": -3.847, "2005-03-31": "-3.78600"}}, "financial ratios": {"Current Ratio": {"2019-12-31": "3.35000", "2018-12-31": "4.03230", "2017-12-31": "3.21120", "2016-12-31": "3.93840", "2015-12-31": "4.37020", "2014-12-31": "4.03220", "2013-12-31": "4.19330", "2012-12-31": "3.59630", "2011-12-31": "3.71310", "2010-12-31": "3.15030", "2009-12-31": "3.37300", "2008-12-31": "4.23560", "2007-12-31": "3.78140", "2006-12-31": "3.35750", "2005-12-31": "2.75510"}, "Long-term Debt / Capital": {"2019-12-31": "0.08420", "2018-12-31": "0.07810", "2017-12-31": "0.01400", "2016-12-31": "0.15840", "2015-12-31": "0.16960", "2014-12-31": "0.21160", "2013-12-31": "0.16980", "2012-12-31": "0.23630", "2011-12-31": "", "2010-12-31": "0.01070", "2009-12-31": "0.01480", "2008-12-31": "0.03510", "2007-12-31": "0.09100", "2006-12-31": "0.05510", "2005-12-31": "0.08190"}, "Debt/Equity Ratio": {"2019-12-31": "0.13250", "2018-12-31": "0.08490", "2017-12-31": "0.01440", "2016-12-31": "0.18840", "2015-12-31": "0.20440", "2014-12-31": "0.26860", "2013-12-31": "0.20460", "2012-12-31": "0.30940", "2011-12-31": "0.02000", "2010-12-31": "0.01090", "2009-12-31": "0.01520", "2008-12-31": "0.03690", "2007-12-31": "0.10060", "2006-12-31": "0.07790", "2005-12-31": "0.11150"}, "Gross Margin": {"2019-12-31": "24.25300", "2018-12-31": "24.63910", "2017-12-31": "24.54330", "2016-12-31": "24.51210", "2015-12-31": "24.49060", "2014-12-31": "24.24620", "2013-12-31": "24.02280", "2012-12-31": "23.73150", "2011-12-31": "24.45780", "2010-12-31": "23.66740", "2009-12-31": "24.01980", "2008-12-31": "25.99600", "2007-12-31": "25.42550", "2006-12-31": "25.81680", "2005-12-31": "25.23620"}, "Operating Margin": {"2019-12-31": "7.69090", "2018-12-31": "8.18360", "2017-12-31": "8.15010", "2016-12-31": "8.18900", "2015-12-31": "8.18690", "2014-12-31": "7.75110", "2013-12-31": "7.24510", "2012-12-31": "6.55380", "2011-12-31": "6.68460", "2010-12-31": "5.82060", "2009-12-31": "4.04930", "2008-12-31": "5.79970", "2007-12-31": "6.32270", "2006-12-31": "7.64410", "2005-12-31": "7.07270"}, "EBIT Margin": {"2019-12-31": "7.69090", "2018-12-31": "8.18360", "2017-12-31": "8.15010", "2016-12-31": "8.18900", "2015-12-31": "8.18690", "2014-12-31": "7.75110", "2013-12-31": "7.24510", "2012-12-31": "6.55380", "2011-12-31": "6.68460", "2010-12-31": "5.82060", "2009-12-31": "4.04930", "2008-12-31": "5.79970", "2007-12-31": "6.32270", "2006-12-31": "7.64410", "2005-12-31": "7.07270"}, "EBITDA Margin": {"2019-12-31": "8.20470", "2018-12-31": "8.66960", "2017-12-31": "8.65760", "2016-12-31": "8.66440", "2015-12-31": "8.65170", "2014-12-31": "8.20560", "2013-12-31": "7.71810", "2012-12-31": "7.01750", "2011-12-31": "7.07830", "2010-12-31": "6.19920", "2009-12-31": "4.47560", "2008-12-31": "6.21550", "2007-12-31": "6.68790", "2006-12-31": "7.97080", "2005-12-31": "7.43870"}, "Pre-Tax Profit Margin": {"2019-12-31": "7.60640", "2018-12-31": "8.12340", "2017-12-31": "8.00360", "2016-12-31": "8.10100", "2015-12-31": "8.05210", "2014-12-31": "7.61920", "2013-12-31": "7.08940", "2012-12-31": "6.41790", "2011-12-31": "6.53480", "2010-12-31": "5.69790", "2009-12-31": "3.91290", "2008-12-31": "5.68100", "2007-12-31": "6.14220", "2006-12-31": "7.42840", "2005-12-31": "6.87100"}, "Net Profit Margin": {"2019-12-31": "4.72790", "2018-12-31": "4.90780", "2017-12-31": "4.39410", "2016-12-31": "3.98050", "2015-12-31": "3.87270", "2014-12-31": "3.54780", "2013-12-31": "3.16990", "2012-12-31": "2.49670", "2011-12-31": "2.83450", "2010-12-31": "2.67120", "2009-12-31": "2.16370", "2008-12-31": "3.55060", "2007-12-31": "3.73020", "2006-12-31": "4.65010", "2005-12-31": "4.22250"}, "Asset Turnover": {"2019-12-31": "1.86620", "2018-12-31": "2.10390", "2017-12-31": "2.12130", "2016-12-31": "2.25150", "2015-12-31": "2.29990", "2014-12-31": "2.20230", "2013-12-31": "2.24210", "2012-12-31": "2.04020", "2011-12-31": "2.34810", "2010-12-31": "2.29920", "2009-12-31": "1.72480", "2008-12-31": "2.37440", "2007-12-31": "2.34370", "2006-12-31": "2.49340", "2005-12-31": "2.44320"}, "Inventory Turnover Ratio": {"2019-12-31": "3.92430", "2018-12-31": "4.09300", "2017-12-31": "4.30350", "2016-12-31": "4.65120", "2015-12-31": "4.60840", "2014-12-31": "4.40730", "2013-12-31": "4.87710", "2012-12-31": "4.79290", "2011-12-31": "4.83390", "2010-12-31": "5.54020", "2009-12-31": "3.70900", "2008-12-31": "5.01460", "2007-12-31": "4.54990", "2006-12-31": "4.51490", "2005-12-31": "4.65130"}, "Receiveable Turnover": {"2019-12-31": "8.93640", "2018-12-31": "9.05870", "2017-12-31": "9.08110", "2016-12-31": "8.86750", "2015-12-31": "9.11870", "2014-12-31": "9.08390", "2013-12-31": "9.36850", "2012-12-31": "9.08690", "2011-12-31": "9.08780", "2010-12-31": "9.32390", "2009-12-31": "7.51760", "2008-12-31": "11.23630", "2007-12-31": "9.85360", "2006-12-31": "9.97050", "2005-12-31": "8.64810"}, "Days Sales In Receivables": {"2019-12-31": "40.84400", "2018-12-31": "40.29260", "2017-12-31": "40.19350", "2016-12-31": "41.16150", "2015-12-31": "40.02780", "2014-12-31": "40.18100", "2013-12-31": "38.96030", "2012-12-31": "40.16770", "2011-12-31": "40.16360", "2010-12-31": "39.14690", "2009-12-31": "48.55280", "2008-12-31": "32.48410", "2007-12-31": "37.04250", "2006-12-31": "36.60810", "2005-12-31": "42.20580"}, "ROE - Return On Equity": {"2019-12-31": "17.24870", "2018-12-31": "18.51320", "2017-12-31": "16.58890", "2016-12-31": "18.85230", "2015-12-31": "18.81870", "2014-12-31": "18.43590", "2013-12-31": "16.65070", "2012-12-31": "15.42020", "2011-12-31": "13.75070", "2010-12-31": "12.02740", "2009-12-31": "5.76360", "2008-12-31": "10.57880", "2007-12-31": "12.27170", "2006-12-31": "15.92470", "2005-12-31": "15.65030"}, "Return On Tangible Equity": {"2019-12-31": "26.13900", "2018-12-31": "27.92530", "2017-12-31": "25.54550", "2016-12-31": "33.07650", "2015-12-31": "34.06740", "2014-12-31": "37.38490", "2013-12-31": "35.35600", "2012-12-31": "38.88720", "2011-12-31": "22.69590", "2010-12-31": "19.64980", "2009-12-31": "9.67630", "2008-12-31": "17.74560", "2007-12-31": "20.27740", "2006-12-31": "22.91710", "2005-12-31": "24.17510"}, "ROA - Return On Assets": {"2019-12-31": "11.57110", "2018-12-31": "13.72160", "2017-12-31": "12.56990", "2016-12-31": "12.58810", "2015-12-31": "12.66600", "2014-12-31": "11.65240", "2013-12-31": "11.24380", "2012-12-31": "9.36960", "2011-12-31": "10.86170", "2010-12-31": "9.03000", "2009-12-31": "4.44360", "2008-12-31": "8.43070", "2007-12-31": "8.99720", "2006-12-31": "11.57610", "2005-12-31": "10.39120"}, "ROI - Return On Investment": {"2019-12-31": "15.79590", "2018-12-31": "17.06680", "2017-12-31": "16.35600", "2016-12-31": "15.86560", "2015-12-31": "15.62740", "2014-12-31": "14.53430", "2013-12-31": "13.82370", "2012-12-31": "11.77680", "2011-12-31": "13.75070", "2010-12-31": "11.89910", "2009-12-31": "5.67840", "2008-12-31": "10.20710", "2007-12-31": "11.15520", "2006-12-31": "15.04710", "2005-12-31": "14.36890"}, "Book Value Per Share": {"2019-12-31": "39.81720", "2018-12-31": "37.83510", "2017-12-31": "36.83940", "2016-12-31": "35.23070", "2015-12-31": "34.08820", "2014-12-31": "32.33750", "2013-12-31": "32.46440", "2012-12-31": "29.60630", "2011-12-31": "30.34930", "2010-12-31": "28.62630", "2009-12-31": "27.84180", "2008-12-31": "20.18110", "2007-12-31": "20.14940", "2006-12-31": "18.58510", "2005-12-31": "16.43870"}, "Operating Cash Flow Per Share": {"2019-12-31": 4.7213, "2018-12-31": -4.3654, "2017-12-31": 0.6896, "2016-12-31": 1.7765, "2015-12-31": 2.3807, "2014-12-31": -0.1779, "2013-12-31": -0.8024, "2012-12-31": 3.4625, "2011-12-31": -2.9987, "2010-12-31": 1.9014, "2009-12-31": -1.1038, "2008-12-31": 0.2199, "2007-12-31": 1.5165, "2006-12-31": 1.1743, "2005-12-31": 1.2886}, "Free Cash Flow Per Share": {"2019-12-31": 4.74, "2018-12-31": -4.319, "2017-12-31": 1.4641, "2016-12-31": 1.1694, "2015-12-31": 2.2655, "2014-12-31": -0.327, "2013-12-31": -0.8721, "2012-12-31": 3.5191, "2011-12-31": -3.2211, "2010-12-31": 1.8935, "2009-12-31": -1.1636, "2008-12-31": 0.2891, "2007-12-31": 1.6476, "2006-12-31": 1.028, "2005-12-31": 1.0959}}, "financial ratios, quarterly": {"Current Ratio": {"2020-09-30": "2.69750", "2020-06-30": "2.55370", "2020-03-31": "3.05560", "2019-12-31": "3.35000", "2019-09-30": "3.11800", "2019-06-30": "2.92000", "2019-03-31": "3.17260", "2018-12-31": "4.03230", "2018-09-30": "2.95160", "2018-06-30": "3.10070", "2018-03-31": "3.63150", "2017-12-31": "3.21120", "2017-09-30": "3.12540", "2017-06-30": "3.42040", "2017-03-31": "3.43230", "2016-12-31": "3.93840", "2016-09-30": "3.76680", "2016-06-30": "3.46040", "2016-03-31": "3.63400", "2015-12-31": "4.37020", "2015-09-30": "3.97080", "2015-06-30": "3.87580", "2015-03-31": "3.57540", "2014-12-31": "4.03220", "2014-09-30": "3.73100", "2014-06-30": "3.49080", "2014-03-31": "3.22550", "2013-12-31": "4.19330", "2013-09-30": "3.72630", "2013-06-30": "3.48550", "2013-03-31": "3.44560", "2012-12-31": "3.59630", "2012-09-30": "3.47640", "2012-06-30": "3.24540", "2012-03-31": "2.96400", "2011-12-31": "3.71310", "2011-09-30": "2.59400", "2011-06-30": "2.43110", "2011-03-31": "2.94370", "2010-12-31": "3.15030", "2010-09-30": "2.78750", "2010-06-30": "2.26490", "2010-03-31": "3.26800", "2009-12-31": "3.37300", "2009-09-30": "3.00030", "2009-06-30": "3.28450", "2009-03-31": "4.05770", "2008-12-31": "4.23560", "2008-09-30": "3.69720", "2008-06-30": "2.44880", "2008-03-31": "3.16140", "2007-12-31": "3.78140", "2007-09-30": "3.62520", "2007-06-30": "3.12490", "2007-03-31": "2.88160", "2006-12-31": "3.35750", "2006-09-30": "3.43410", "2006-06-30": "2.73990", "2006-03-31": "2.95500", "2005-12-31": "2.75510", "2005-09-30": "2.71000", "2005-06-30": "2.73820", "2005-03-31": "3.26350"}, "Long-term Debt / Capital": {"2020-09-30": "0.00230", "2020-06-30": "0.02010", "2020-03-31": "0.08600", "2019-12-31": "0.08420", "2019-09-30": "0.08900", "2019-06-30": "0.11930", "2019-03-31": "0.08010", "2018-12-31": "0.07810", "2018-09-30": "0.00010", "2018-06-30": "0.08130", "2018-03-31": "0.05560", "2017-12-31": "0.01400", "2017-09-30": "0.17630", "2017-06-30": "0.22870", "2017-03-31": "0.18850", "2016-12-31": "0.15840", "2016-09-30": "0.14400", "2016-06-30": "0.17380", "2016-03-31": "0.16340", "2015-12-31": "0.16960", "2015-09-30": "0.20010", "2015-06-30": "0.26710", "2015-03-31": "0.23290", "2014-12-31": "0.21160", "2014-09-30": "0.23640", "2014-06-30": "0.22770", "2014-03-31": "0.16770", "2013-12-31": "0.16980", "2013-09-30": "0.19790", "2013-06-30": "0.26760", "2013-03-31": "0.23740", "2012-12-31": "0.23630", "2012-09-30": "0.14200", "2012-06-30": "0.16070", "2012-03-31": "", "2011-12-31": "", "2011-09-30": "0.00000", "2011-06-30": "0.06270", "2011-03-31": "0.02630", "2010-12-31": "0.01070", "2010-09-30": "0.02360", "2010-06-30": "0.02190", "2010-03-31": "0.05090", "2009-12-31": "0.01480", "2009-09-30": "0.04620", "2009-06-30": "0.03500", "2009-03-31": "0.03560", "2008-12-31": "0.03510", "2008-09-30": "0.07750", "2008-06-30": "0.04100", "2008-03-31": "0.06780", "2007-12-31": "0.09100", "2007-09-30": "0.14600", "2007-06-30": "0.05250", "2007-03-31": "0.05510", "2006-12-31": "0.05510", "2006-09-30": "0.09750", "2006-06-30": "0.11010", "2006-03-31": "0.08710", "2005-12-31": "0.08190", "2005-09-30": "0.08040", "2005-06-30": "0.08410", "2005-03-31": "0.11530"}, "Debt/Equity Ratio": {"2020-09-30": "0.00230", "2020-06-30": "0.02050", "2020-03-31": "0.09400", "2019-12-31": "0.09200", "2019-09-30": "0.13620", "2019-06-30": "0.17270", "2019-03-31": "0.12510", "2018-12-31": "0.08490", "2018-09-30": "0.07030", "2018-06-30": "0.08960", "2018-03-31": "0.05900", "2017-12-31": "0.01440", "2017-09-30": "0.21420", "2017-06-30": "0.29790", "2017-03-31": "0.23370", "2016-12-31": "0.18840", "2016-09-30": "0.16840", "2016-06-30": "0.21110", "2016-03-31": "0.19540", "2015-12-31": "0.20440", "2015-09-30": "0.25220", "2015-06-30": "0.36680", "2015-03-31": "0.30370", "2014-12-31": "0.26860", "2014-09-30": "0.30970", "2014-06-30": "0.29500", "2014-03-31": "0.20150", "2013-12-31": "0.20460", "2013-09-30": "0.24680", "2013-06-30": "0.36540", "2013-03-31": "0.31140", "2012-12-31": "0.30940", "2012-09-30": "0.16560", "2012-06-30": "0.19150", "2012-03-31": "0.04250", "2011-12-31": "0.02000", "2011-09-30": "0.11370", "2011-06-30": "0.06700", "2011-03-31": "0.02700", "2010-12-31": "0.01090", "2010-09-30": "0.02430", "2010-06-30": "0.02250", "2010-03-31": "0.05380", "2009-12-31": "0.01520", "2009-09-30": "0.04860", "2009-06-30": "0.03660", "2009-03-31": "0.03730", "2008-12-31": "0.03690", "2008-09-30": "0.08450", "2008-06-30": "0.04320", "2008-03-31": "0.07330", "2007-12-31": "0.10060", "2007-09-30": "0.17140", "2007-06-30": "0.05550", "2007-03-31": "0.07780", "2006-12-31": "0.07790", "2006-09-30": "0.12780", "2006-06-30": "0.14450", "2006-03-31": "0.11660", "2005-12-31": "0.11150", "2005-09-30": "0.10940", "2005-06-30": "0.11480", "2005-03-31": "0.15400"}, "Gross Margin": {"2020-09-30": "24.32290", "2020-06-30": "23.55040", "2020-03-31": "24.56120", "2019-12-31": "24.29520", "2019-09-30": "23.99370", "2019-06-30": "23.90810", "2019-03-31": "25.10100", "2018-12-31": "25.18280", "2018-09-30": "24.61480", "2018-06-30": "24.06810", "2018-03-31": "24.91250", "2017-12-31": "24.98380", "2017-09-30": "24.06450", "2017-06-30": "24.31790", "2017-03-31": "25.06100", "2016-12-31": "24.96380", "2016-09-30": "24.34710", "2016-06-30": "24.03270", "2016-03-31": "24.95200", "2015-12-31": "24.56710", "2015-09-30": "24.28570", "2015-06-30": "24.13240", "2015-03-31": "25.24500", "2014-12-31": "24.44090", "2014-09-30": "24.20840", "2014-06-30": "23.86570", "2014-03-31": "24.66260", "2013-12-31": "23.99580", "2013-09-30": "23.90230", "2013-06-30": "23.80110", "2013-03-31": "24.58490", "2012-12-31": "23.87770", "2012-09-30": "23.75500", "2012-06-30": "23.56940", "2012-03-31": "23.77570", "2011-12-31": "24.88420", "2011-09-30": "24.00410", "2011-06-30": "24.12900", "2011-03-31": "25.26220", "2010-12-31": "23.43520", "2010-09-30": "24.05810", "2010-06-30": "23.25020", "2010-03-31": "24.05160", "2009-12-31": "23.70520", "2009-09-30": "23.18510", "2009-06-30": "24.93640", "2009-03-31": "25.47990", "2008-12-31": "25.76440", "2008-09-30": "26.65540", "2008-06-30": "25.70700", "2008-03-31": "25.76350", "2007-12-31": "25.43740", "2007-09-30": "25.24740", "2007-06-30": "25.38520", "2007-03-31": "25.71300", "2006-12-31": "25.34730", "2006-09-30": "26.37300", "2006-06-30": "25.95350", "2006-03-31": "25.38120", "2005-12-31": "25.37850", "2005-09-30": "25.15280", "2005-06-30": "25.17320", "2005-03-31": "25.27090"}, "Operating Margin": {"2020-09-30": "10.20270", "2020-06-30": "9.53600", "2020-03-31": "4.48770", "2019-12-31": "4.85240", "2019-09-30": "8.98400", "2019-06-30": "9.79700", "2019-03-31": "5.92000", "2018-12-31": "5.90140", "2018-09-30": "9.43640", "2018-06-30": "10.30550", "2018-03-31": "5.82110", "2017-12-31": "6.36350", "2017-09-30": "9.30890", "2017-06-30": "10.13760", "2017-03-31": "5.58410", "2016-12-31": "6.35660", "2016-09-30": "9.61140", "2016-06-30": "9.68270", "2016-03-31": "5.95100", "2015-12-31": "5.99690", "2015-09-30": "9.40350", "2015-06-30": "10.20560", "2015-03-31": "5.81080", "2014-12-31": "5.92800", "2014-09-30": "9.27210", "2014-06-30": "9.65490", "2014-03-31": "4.66230", "2013-12-31": "4.84860", "2013-09-30": "8.82300", "2013-06-30": "9.37880", "2013-03-31": "4.28150", "2012-12-31": "4.36700", "2012-09-30": "8.39460", "2012-06-30": "8.48690", "2012-03-31": "3.14260", "2011-12-31": "5.03230", "2011-09-30": "8.13000", "2011-06-30": "8.54840", "2011-03-31": "3.12720", "2010-12-31": "3.31610", "2010-09-30": "7.87330", "2010-06-30": "8.20060", "2010-03-31": "1.73910", "2009-12-31": "2.63940", "2009-09-30": "5.58730", "2009-06-30": "6.49280", "2009-03-31": "-0.53610", "2008-12-31": "1.71810", "2008-09-30": "7.93390", "2008-06-30": "8.30210", "2008-03-31": "3.37170", "2007-12-31": "2.96660", "2007-09-30": "8.06740", "2007-06-30": "8.38620", "2007-03-31": "4.85940", "2006-12-31": "5.17300", "2006-09-30": "9.45660", "2006-06-30": "9.32040", "2006-03-31": "5.53930", "2005-12-31": "6.17900", "2005-09-30": "8.40850", "2005-06-30": "8.37750", "2005-03-31": "4.56970"}, "EBIT Margin": {"2020-09-30": "10.20270", "2020-06-30": "9.53600", "2020-03-31": "4.48770", "2019-12-31": "4.85240", "2019-09-30": "8.98400", "2019-06-30": "9.79700", "2019-03-31": "5.92000", "2018-12-31": "5.90140", "2018-09-30": "9.43640", "2018-06-30": "10.30550", "2018-03-31": "5.82110", "2017-12-31": "6.36350", "2017-09-30": "9.30890", "2017-06-30": "10.13760", "2017-03-31": "5.58410", "2016-12-31": "6.35660", "2016-09-30": "9.61140", "2016-06-30": "9.68270", "2016-03-31": "5.95100", "2015-12-31": "5.99690", "2015-09-30": "9.40350", "2015-06-30": "10.20560", "2015-03-31": "5.81080", "2014-12-31": "5.92800", "2014-09-30": "9.27210", "2014-06-30": "9.65490", "2014-03-31": "4.66230", "2013-12-31": "4.84860", "2013-09-30": "8.82300", "2013-06-30": "9.37880", "2013-03-31": "4.28150", "2012-12-31": "4.36700", "2012-09-30": "8.39460", "2012-06-30": "8.48690", "2012-03-31": "3.14260", "2011-12-31": "5.03230", "2011-09-30": "8.13000", "2011-06-30": "8.54840", "2011-03-31": "3.12720", "2010-12-31": "3.31610", "2010-09-30": "7.87330", "2010-06-30": "8.20060", "2010-03-31": "1.73910", "2009-12-31": "2.63940", "2009-09-30": "5.58730", "2009-06-30": "6.49280", "2009-03-31": "-0.53610", "2008-12-31": "1.71810", "2008-09-30": "7.93390", "2008-06-30": "8.30210", "2008-03-31": "3.37170", "2007-12-31": "2.96660", "2007-09-30": "8.06740", "2007-06-30": "8.38620", "2007-03-31": "4.85940", "2006-12-31": "5.17300", "2006-09-30": "9.45660", "2006-06-30": "9.32040", "2006-03-31": "5.53930", "2005-12-31": "6.17900", "2005-09-30": "8.40850", "2005-06-30": "8.37750", "2005-03-31": "4.56970"}, "EBITDA Margin": {"2020-09-30": "", "2020-06-30": "", "2020-03-31": "", "2019-12-31": "", "2019-09-30": "", "2019-06-30": "", "2019-03-31": "", "2018-12-31": "", "2018-09-30": "", "2018-06-30": "", "2018-03-31": "", "2017-12-31": "", "2017-09-30": "", "2017-06-30": "", "2017-03-31": "", "2016-12-31": "", "2016-09-30": "", "2016-06-30": "", "2016-03-31": "", "2015-12-31": "", "2015-09-30": "", "2015-06-30": "", "2015-03-31": "", "2014-12-31": "", "2014-09-30": "", "2014-06-30": "", "2014-03-31": "", "2013-12-31": "", "2013-09-30": "", "2013-06-30": "", "2013-03-31": "", "2012-12-31": "", "2012-09-30": "", "2012-06-30": "", "2012-03-31": "", "2011-12-31": "", "2011-09-30": "", "2011-06-30": "", "2011-03-31": "", "2010-12-31": "", "2010-09-30": "", "2010-06-30": "", "2010-03-31": "", "2009-12-31": "", "2009-09-30": "", "2009-06-30": "", "2009-03-31": "", "2008-12-31": "", "2008-09-30": "", "2008-06-30": "", "2008-03-31": "", "2007-12-31": "", "2007-09-30": "", "2007-06-30": "", "2007-03-31": "", "2006-12-31": "", "2006-09-30": "", "2006-06-30": "", "2006-03-31": "", "2005-12-31": "", "2005-09-30": "", "2005-06-30": "", "2005-03-31": ""}, "Pre-Tax Profit Margin": {"2020-09-30": "10.19560", "2020-06-30": "9.51510", "2020-03-31": "4.40930", "2019-12-31": "4.79550", "2019-09-30": "8.88120", "2019-06-30": "9.70860", "2019-03-31": "5.83670", "2018-12-31": "5.86460", "2018-09-30": "9.35570", "2018-06-30": "10.24830", "2018-03-31": "5.76010", "2017-12-31": "6.22410", "2017-09-30": "9.13670", "2017-06-30": "10.00850", "2017-03-31": "5.44020", "2016-12-31": "6.28240", "2016-09-30": "9.53120", "2016-06-30": "9.59590", "2016-03-31": "5.83520", "2015-12-31": "5.88390", "2015-09-30": "9.27440", "2015-06-30": "10.07240", "2015-03-31": "5.64060", "2014-12-31": "5.76650", "2014-09-30": "9.13690", "2014-06-30": "9.54830", "2014-03-31": "4.53000", "2013-12-31": "4.70610", "2013-09-30": "8.65830", "2013-06-30": "9.22820", "2013-03-31": "4.11580", "2012-12-31": "4.20470", "2012-09-30": "8.27850", "2012-06-30": "8.35350", "2012-03-31": "3.00250", "2011-12-31": "4.83300", "2011-09-30": "7.98200", "2011-06-30": "8.43550", "2011-03-31": "2.97340", "2010-12-31": "3.18980", "2010-09-30": "7.76640", "2010-06-30": "8.09720", "2010-03-31": "1.56310", "2009-12-31": "2.45700", "2009-09-30": "5.44830", "2009-06-30": "6.40790", "2009-03-31": "-0.64870", "2008-12-31": "1.59740", "2008-09-30": "7.80090", "2008-06-30": "8.22620", "2008-03-31": "3.21530", "2007-12-31": "2.69540", "2007-09-30": "7.82540", "2007-06-30": "8.30340", "2007-03-31": "4.73830", "2006-12-31": "4.95810", "2006-09-30": "9.23610", "2006-06-30": "9.09850", "2006-03-31": "5.33670", "2005-12-31": "6.03270", "2005-09-30": "8.25190", "2005-06-30": "8.15680", "2005-03-31": "4.26760"}, "Net Profit Margin": {"2020-09-30": "6.92990", "2020-06-30": "6.38770", "2020-03-31": "3.02550", "2019-12-31": "1.57290", "2019-09-30": "5.98460", "2019-06-30": "6.57180", "2019-03-31": "3.76220", "2018-12-31": "3.77330", "2018-09-30": "5.61050", "2018-06-30": "6.19610", "2018-03-31": "3.28560", "2017-12-31": "4.21050", "2017-09-30": "4.84380", "2017-06-30": "5.29550", "2017-03-31": "2.64430", "2016-12-31": "3.00950", "2016-09-30": "4.67420", "2016-06-30": "4.88840", "2016-03-31": "2.71590", "2015-12-31": "2.71100", "2015-09-30": "4.53460", "2015-06-30": "4.92380", "2015-03-31": "2.61810", "2014-12-31": "2.53900", "2014-09-30": "4.43660", "2014-06-30": "4.42790", "2014-03-31": "2.03400", "2013-12-31": "1.94280", "2013-09-30": "3.92350", "2013-06-30": "4.25620", "2013-03-31": "1.74430", "2012-12-31": "0.52750", "2012-09-30": "3.74030", "2012-06-30": "3.59740", "2012-03-31": "1.11410", "2011-12-31": "2.04980", "2011-09-30": "3.41910", "2011-06-30": "3.79910", "2011-03-31": "1.18800", "2010-12-31": "1.14190", "2010-09-30": "3.64200", "2010-06-30": "4.05240", "2010-03-31": "0.75190", "2009-12-31": "1.25500", "2009-09-30": "2.84820", "2009-06-30": "4.02050", "2009-03-31": "-0.40230", "2008-12-31": "0.99850", "2008-09-30": "4.90970", "2008-06-30": "5.10960", "2008-03-31": "2.00950", "2007-12-31": "1.67620", "2007-09-30": "4.86850", "2007-06-30": "4.85020", "2007-03-31": "2.91730", "2006-12-31": "3.08960", "2006-09-30": "5.81820", "2006-06-30": "5.69500", "2006-03-31": "3.30880", "2005-12-31": "3.60420", "2005-09-30": "5.09830", "2005-06-30": "5.05740", "2005-03-31": "2.64430"}, "Asset Turnover": {"2020-09-30": "0.58040", "2020-06-30": "0.51400", "2020-03-31": "0.39050", "2019-12-31": "0.41950", "2019-09-30": "0.51800", "2019-06-30": "0.52110", "2019-03-31": "0.38820", "2018-12-31": "0.45870", "2018-09-30": "0.58100", "2018-06-30": "0.57310", "2018-03-31": "0.44630", "2017-12-31": "0.47110", "2017-09-30": "0.57240", "2017-06-30": "0.59220", "2017-03-31": "0.45060", "2016-12-31": "0.48740", "2016-09-30": "0.63410", "2016-06-30": "0.60130", "2016-03-31": "0.45360", "2015-12-31": "0.50540", "2015-09-30": "0.61000", "2015-06-30": "0.59200", "2015-03-31": "0.42810", "2014-12-31": "0.48950", "2014-09-30": "0.59580", "2014-06-30": "0.58780", "2014-03-31": "0.42920", "2013-12-31": "0.49560", "2013-09-30": "0.59510", "2013-06-30": "0.58570", "2013-03-31": "0.41320", "2012-12-31": "0.45510", "2012-09-30": "0.56720", "2012-06-30": "0.53400", "2012-03-31": "0.46910", "2011-12-31": "0.50930", "2011-09-30": "0.63840", "2011-06-30": "0.58210", "2011-03-31": "0.43240", "2010-12-31": "0.53120", "2010-09-30": "0.61720", "2010-06-30": "0.61010", "2010-03-31": "0.42100", "2009-12-31": "0.48560", "2009-09-30": "0.58890", "2009-06-30": "0.53110", "2009-03-31": "0.40790", "2008-12-31": "0.46750", "2008-09-30": "0.60080", "2008-06-30": "0.60280", "2008-03-31": "0.49900", "2007-12-31": "0.53010", "2007-09-30": "0.62480", "2007-06-30": "0.61100", "2007-03-31": "0.49380", "2006-12-31": "0.52480", "2006-09-30": "0.67670", "2006-06-30": "0.65530", "2006-03-31": "0.56070", "2005-12-31": "0.57710", "2005-09-30": "0.67690", "2005-06-30": "0.66810", "2005-03-31": "0.55870"}, "Inventory Turnover Ratio": {"2020-09-30": "1.31450", "2020-06-30": "1.21280", "2020-03-31": "0.80670", "2019-12-31": "0.88160", "2019-09-30": "1.09250", "2019-06-30": "1.07910", "2019-03-31": "0.78050", "2018-12-31": "0.88600", "2018-09-30": "1.20490", "2018-06-30": "1.15930", "2018-03-31": "0.85890", "2017-12-31": "0.95020", "2017-09-30": "1.18780", "2017-06-30": "1.25410", "2017-03-31": "0.86960", "2016-12-31": "1.00080", "2016-09-30": "1.26940", "2016-06-30": "1.23120", "2016-03-31": "0.85640", "2015-12-31": "1.01160", "2015-09-30": "1.18520", "2015-06-30": "1.16160", "2015-03-31": "0.75510", "2014-12-31": "0.97710", "2014-09-30": "1.17860", "2014-06-30": "1.17230", "2014-03-31": "0.81160", "2013-12-31": "1.07830", "2013-09-30": "1.27870", "2013-06-30": "1.23380", "2013-03-31": "0.83170", "2012-12-31": "1.06710", "2012-09-30": "1.25930", "2012-06-30": "1.15000", "2012-03-31": "0.90700", "2011-12-31": "1.04250", "2011-09-30": "1.28530", "2011-06-30": "1.09400", "2011-03-31": "0.79420", "2010-12-31": "1.28400", "2010-09-30": "1.35130", "2010-06-30": "1.27020", "2010-03-31": "0.84490", "2009-12-31": "1.04860", "2009-09-30": "1.24440", "2009-06-30": "1.14230", "2009-03-31": "0.83410", "2008-12-31": "0.99050", "2008-09-30": "1.11130", "2008-06-30": "1.11720", "2008-03-31": "0.92620", "2007-12-31": "1.02890", "2007-09-30": "1.17490", "2007-06-30": "1.09290", "2007-03-31": "0.82930", "2006-12-31": "0.95630", "2006-09-30": "1.14010", "2006-06-30": "1.10520", "2006-03-31": "0.92900", "2005-12-31": "1.09660", "2005-09-30": "1.35250", "2005-06-30": "1.30270", "2005-03-31": "1.03890"}, "Receiveable Turnover": {"2020-09-30": "2.38570", "2020-06-30": "2.00330", "2020-03-31": "1.75380", "2019-12-31": "2.00880", "2019-09-30": "2.17680", "2019-06-30": "2.09310", "2019-03-31": "1.84510", "2018-12-31": "1.97510", "2018-09-30": "2.15010", "2018-06-30": "2.01970", "2018-03-31": "1.90400", "2017-12-31": "2.01690", "2017-09-30": "2.16300", "2017-06-30": "2.08080", "2017-03-31": "1.81080", "2016-12-31": "1.91950", "2016-09-30": "2.26500", "2016-06-30": "2.00230", "2016-03-31": "1.83440", "2015-12-31": "2.00370", "2015-09-30": "2.30780", "2015-06-30": "2.04220", "2015-03-31": "1.85350", "2014-12-31": "2.01920", "2014-09-30": "2.25860", "2014-06-30": "2.12800", "2014-03-31": "1.93120", "2013-12-31": "2.07060", "2013-09-30": "2.32000", "2013-06-30": "2.13170", "2013-03-31": "1.87350", "2012-12-31": "2.02710", "2012-09-30": "2.24030", "2012-06-30": "1.98540", "2012-03-31": "1.86670", "2011-12-31": "1.97100", "2011-09-30": "2.25830", "2011-06-30": "2.03110", "2011-03-31": "1.88840", "2010-12-31": "2.15430", "2010-09-30": "2.40500", "2010-06-30": "2.24310", "2010-03-31": "1.97950", "2009-12-31": "2.11660", "2009-09-30": "2.27560", "2009-06-30": "2.29540", "2009-03-31": "2.14290", "2008-12-31": "2.21250", "2008-09-30": "2.44020", "2008-06-30": "2.21640", "2008-03-31": "2.14180", "2007-12-31": "2.22870", "2007-09-30": "2.27640", "2007-06-30": "2.27740", "2007-03-31": "2.10810", "2006-12-31": "2.09860", "2006-09-30": "2.35270", "2006-06-30": "2.20700", "2006-03-31": "2.11190", "2005-12-31": "2.04290", "2005-09-30": "2.32310", "2005-06-30": "2.12200", "2005-03-31": "2.04050"}, "Days Sales In Receivables": {"2020-09-30": "37.72520", "2020-06-30": "44.92540", "2020-03-31": "51.31590", "2019-12-31": "44.80300", "2019-09-30": "41.34460", "2019-06-30": "42.99850", "2019-03-31": "48.77670", "2018-12-31": "45.56700", "2018-09-30": "41.85760", "2018-06-30": "44.56210", "2018-03-31": "47.26920", "2017-12-31": "44.62300", "2017-09-30": "41.60830", "2017-06-30": "43.25290", "2017-03-31": "49.70100", "2016-12-31": "46.88830", "2016-09-30": "39.73470", "2016-06-30": "44.94760", "2016-03-31": "49.06350", "2015-12-31": "44.91750", "2015-09-30": "38.99740", "2015-06-30": "44.06950", "2015-03-31": "48.55670", "2014-12-31": "44.57300", "2014-09-30": "39.84760", "2014-06-30": "42.29340", "2014-03-31": "46.60380", "2013-12-31": "43.46500", "2013-09-30": "38.79370", "2013-06-30": "42.21970", "2013-03-31": "48.03940", "2012-12-31": "44.39870", "2012-09-30": "40.17270", "2012-06-30": "45.33010", "2012-03-31": "48.21380", "2011-12-31": "45.66160", "2011-09-30": "39.85310", "2011-06-30": "44.31160", "2011-03-31": "47.65960", "2010-12-31": "41.77710", "2010-09-30": "37.42170", "2010-06-30": "40.12220", "2010-03-31": "45.46710", "2009-12-31": "42.52180", "2009-09-30": "39.55000", "2009-06-30": "39.20930", "2009-03-31": "41.99970", "2008-12-31": "40.67770", "2008-09-30": "36.88200", "2008-06-30": "40.60650", "2008-03-31": "42.02140", "2007-12-31": "40.38210", "2007-09-30": "39.53540", "2007-06-30": "39.51840", "2007-03-31": "42.69310", "2006-12-31": "42.88650", "2006-09-30": "38.25370", "2006-06-30": "40.77900", "2006-03-31": "42.61490", "2005-12-31": "44.05570", "2005-09-30": "38.74080", "2005-06-30": "42.41210", "2005-03-31": "44.10610"}, "ROE - Return On Equity": {"2020-09-30": "6.97290", "2020-06-30": "6.00440", "2020-03-31": "2.15390", "2019-12-31": "2.58960", "2019-09-30": "5.68480", "2019-06-30": "6.60660", "2019-03-31": "2.73900", "2018-12-31": "3.05930", "2018-09-30": "5.83460", "2018-06-30": "6.75810", "2018-03-31": "2.73470", "2017-12-31": "3.39500", "2017-09-30": "6.00730", "2017-06-30": "7.09540", "2017-03-31": "2.79490", "2016-12-31": "3.18490", "2016-09-30": "6.16370", "2016-06-30": "6.39500", "2016-03-31": "2.79950", "2015-12-31": "3.01890", "2015-09-30": "6.11050", "2015-06-30": "7.07490", "2015-03-31": "2.78370", "2014-12-31": "3.07260", "2014-09-30": "6.24200", "2014-06-30": "6.61180", "2014-03-31": "2.16330", "2013-12-31": "2.47740", "2013-09-30": "5.71700", "2013-06-30": "6.65850", "2013-03-31": "2.03920", "2012-12-31": "2.31660", "2012-09-30": "4.87430", "2012-06-30": "4.94810", "2012-03-31": "1.34930", "2011-12-31": "2.24920", "2011-09-30": "5.12220", "2011-06-30": "5.38130", "2011-03-31": "1.24340", "2010-12-31": "1.56340", "2010-09-30": "4.64570", "2010-06-30": "5.24080", "2010-03-31": "0.61680", "2009-12-31": "1.04180", "2009-09-30": "3.00790", "2009-06-30": "2.85090", "2009-03-31": "-0.20840", "2008-12-31": "0.58580", "2008-09-30": "4.01440", "2008-06-30": "4.59580", "2008-03-31": "1.39100", "2007-12-31": "1.21810", "2007-09-30": "4.51230", "2007-06-30": "4.49950", "2007-03-31": "2.12510", "2006-12-31": "2.23710", "2006-09-30": "5.67670", "2006-06-30": "5.89950", "2006-03-31": "2.75390", "2005-12-31": "3.24580", "2005-09-30": "5.28550", "2005-06-30": "5.11710", "2005-03-31": "2.16110"}, "Return On Tangible Equity": {"2020-09-30": "10.21410", "2020-06-30": "8.95800", "2020-03-31": "3.25040", "2019-12-31": "3.92440", "2019-09-30": "8.48340", "2019-06-30": "9.99470", "2019-03-31": "4.14440", "2018-12-31": "4.61470", "2018-09-30": "8.73120", "2018-06-30": "10.13250", "2018-03-31": "4.18930", "2017-12-31": "5.22800", "2017-09-30": "10.17990", "2017-06-30": "12.28770", "2017-03-31": "5.04200", "2016-12-31": "5.58790", "2016-09-30": "10.55180", "2016-06-30": "11.21220", "2016-03-31": "5.07620", "2015-12-31": "5.46510", "2015-09-30": "11.04480", "2015-06-30": "13.31340", "2015-03-31": "5.51550", "2014-12-31": "6.23070", "2014-09-30": "12.75370", "2014-06-30": "13.22550", "2014-03-31": "4.51230", "2013-12-31": "5.26050", "2013-09-30": "11.97910", "2013-06-30": "14.86290", "2013-03-31": "4.97920", "2012-12-31": "5.84220", "2012-09-30": "9.72190", "2012-06-30": "9.75740", "2012-03-31": "2.22730", "2011-12-31": "3.71230", "2011-09-30": "8.39550", "2011-06-30": "9.02550", "2011-03-31": "2.08020", "2010-12-31": "2.55410", "2010-09-30": "7.55580", "2010-06-30": "8.63730", "2010-03-31": "1.04010", "2009-12-31": "1.74900", "2009-09-30": "4.41660", "2009-06-30": "4.63480", "2009-03-31": "-0.34210", "2008-12-31": "0.98270", "2008-09-30": "6.45610", "2008-06-30": "7.48360", "2008-03-31": "2.29980", "2007-12-31": "2.01280", "2007-09-30": "7.52490", "2007-06-30": "6.42940", "2007-03-31": "3.09740", "2006-12-31": "3.21940", "2006-09-30": "8.36750", "2006-06-30": "8.90490", "2006-03-31": "4.21470", "2005-12-31": "5.01370", "2005-09-30": "8.22080", "2005-06-30": "8.17440", "2005-03-31": "3.53200"}, "ROA - Return On Assets": {"2020-09-30": "4.76670", "2020-06-30": "3.95350", "2020-03-31": "1.40390", "2019-12-31": "1.73720", "2019-09-30": "3.70040", "2019-06-30": "4.09920", "2019-03-31": "1.82600", "2018-12-31": "2.26750", "2018-09-30": "4.34320", "2018-06-30": "4.65530", "2018-03-31": "2.04100", "2017-12-31": "2.57250", "2017-09-30": "3.72490", "2017-06-30": "4.21680", "2017-03-31": "1.74490", "2016-12-31": "2.12660", "2016-09-30": "4.11310", "2016-06-30": "4.03170", "2016-03-31": "1.82080", "2015-12-31": "2.03190", "2015-09-30": "3.86860", "2015-06-30": "4.07640", "2015-03-31": "1.65650", "2014-12-31": "1.94200", "2014-09-30": "3.73390", "2014-06-30": "3.93730", "2014-03-31": "1.37340", "2013-12-31": "1.67290", "2013-09-30": "3.63680", "2013-06-30": "3.79410", "2013-03-31": "1.22090", "2012-12-31": "1.40760", "2012-09-30": "3.30760", "2012-06-30": "3.21400", "2012-03-31": "0.99900", "2011-12-31": "1.77660", "2011-09-30": "3.61920", "2011-06-30": "3.44370", "2011-03-31": "0.90010", "2010-12-31": "1.17380", "2010-09-30": "3.30450", "2010-06-30": "3.40070", "2010-03-31": "0.45210", "2009-12-31": "0.80320", "2009-09-30": "2.15460", "2009-06-30": "2.13510", "2009-03-31": "-0.16410", "2008-12-31": "0.46690", "2008-09-30": "2.94960", "2008-06-30": "3.08010", "2008-03-31": "1.00280", "2007-12-31": "0.89310", "2007-09-30": "3.05580", "2007-06-30": "3.17100", "2007-03-31": "1.46240", "2006-12-31": "1.62620", "2006-09-30": "3.92430", "2006-06-30": "3.72240", "2006-03-31": "1.85520", "2005-12-31": "2.15510", "2005-09-30": "3.45100", "2005-06-30": "3.37910", "2005-03-31": "1.47730"}, "ROI - Return On Investment": {"2020-09-30": "6.95670", "2020-06-30": "5.88350", "2020-03-31": "1.96870", "2019-12-31": "2.37150", "2019-09-30": "5.17910", "2019-06-30": "5.81830", "2019-03-31": "2.51960", "2018-12-31": "2.82030", "2018-09-30": "5.83400", "2018-06-30": "6.20850", "2018-03-31": "2.58260", "2017-12-31": "3.34740", "2017-09-30": "4.94840", "2017-06-30": "5.47300", "2017-03-31": "2.26810", "2016-12-31": "2.68030", "2016-09-30": "5.27600", "2016-06-30": "5.28370", "2016-03-31": "2.34220", "2015-12-31": "2.50690", "2015-09-30": "4.88810", "2015-06-30": "5.18500", "2015-03-31": "2.13550", "2014-12-31": "2.42230", "2014-09-30": "4.76660", "2014-06-30": "5.10620", "2014-03-31": "1.80060", "2013-12-31": "2.05680", "2013-09-30": "4.58560", "2013-06-30": "4.87670", "2013-03-31": "1.55500", "2012-12-31": "1.76930", "2012-09-30": "4.18200", "2012-06-30": "4.15300", "2012-03-31": "1.34930", "2011-12-31": "2.24920", "2011-09-30": "5.12220", "2011-06-30": "5.04370", "2011-03-31": "1.21080", "2010-12-31": "1.54670", "2010-09-30": "4.53590", "2010-06-30": "5.12620", "2010-03-31": "0.58540", "2009-12-31": "1.02640", "2009-09-30": "2.86900", "2009-06-30": "2.75120", "2009-03-31": "-0.20100", "2008-12-31": "0.56520", "2008-09-30": "3.70320", "2008-06-30": "4.40750", "2008-03-31": "1.29670", "2007-12-31": "1.10730", "2007-09-30": "3.85370", "2007-06-30": "4.26350", "2007-03-31": "2.00810", "2006-12-31": "2.11380", "2006-09-30": "5.12300", "2006-06-30": "5.24990", "2006-03-31": "2.51410", "2005-12-31": "2.98000", "2005-09-30": "4.86030", "2005-06-30": "4.68690", "2005-03-31": "1.91200"}, "Book Value Per Share": {"2020-09-30": "47.03340", "2020-06-30": "45.18810", "2020-03-31": "43.87320", "2019-12-31": "39.81720", "2019-09-30": "46.00990", "2019-06-30": "42.91550", "2019-03-31": "42.47920", "2018-12-31": "37.83510", "2018-09-30": "44.36770", "2018-06-30": "42.86960", "2018-03-31": "41.47820", "2017-12-31": "36.83940", "2017-09-30": "37.26810", "2017-06-30": "35.85740", "2017-03-31": "33.87400", "2016-12-31": "35.23070", "2016-09-30": "36.77020", "2016-06-30": "35.89520", "2016-03-31": "34.42090", "2015-12-31": "34.08820", "2015-09-30": "34.62090", "2015-06-30": "33.77680", "2015-03-31": "31.94250", "2014-12-31": "32.33750", "2014-09-30": "32.56630", "2014-06-30": "33.91120", "2014-03-31": "32.26220", "2013-12-31": "32.46440", "2013-09-30": "33.30900", "2013-06-30": "31.45120", "2013-03-31": "29.85800", "2012-12-31": "29.60630", "2012-09-30": "35.40790", "2012-06-30": "35.69670", "2012-03-31": "29.07620", "2011-12-31": "30.34930", "2011-09-30": "29.32850", "2011-06-30": "29.48460", "2011-03-31": "27.16250", "2010-12-31": "28.62630", "2010-09-30": "28.91280", "2010-06-30": "28.39080", "2010-03-31": "27.39640", "2009-12-31": "27.84180", "2009-09-30": "28.15870", "2009-06-30": "17.95660", "2009-03-31": "17.68340", "2008-12-31": "20.18110", "2008-09-30": "20.53070", "2008-06-30": "20.01080", "2008-03-31": "19.45270", "2007-12-31": "20.14940", "2007-09-30": "20.09980", "2007-06-30": "19.33140", "2007-03-31": "18.43620", "2006-12-31": "18.58510", "2006-09-30": "18.33310", "2006-06-30": "17.48220", "2006-03-31": "17.00360", "2005-12-31": "16.43870", "2005-09-30": "16.70380", "2005-06-30": "15.98460", "2005-03-31": "15.40800"}, "Operating Cash Flow Per Share": {"2020-09-30": 3.1286, "2020-06-30": 6.2554, "2020-03-31": "1.19520", "2019-12-31": 4.0051, "2019-09-30": 3.6919, "2019-06-30": 0.4474, "2019-03-31": "1.53870", "2018-12-31": 2.925, "2018-09-30": 2.5969, "2018-06-30": 0.6524, "2018-03-31": "-1.21250", "2017-12-31": 3.5439, "2017-09-30": 4.7129, "2017-06-30": 0.0203, "2017-03-31": "1.05010", "2016-12-31": 4.1567, "2016-09-30": 3.1948, "2016-06-30": -0.0002, "2016-03-31": "1.28630", "2015-12-31": 3.7915, "2015-09-30": 5.352, "2015-06-30": -1.7649, "2015-03-31": "-0.51750", "2014-12-31": 3.1918, "2014-09-30": 3.3026, "2014-06-30": -2.7848, "2014-03-31": "0.77080", "2013-12-31": 3.0725, "2013-09-30": 3.9706, "2013-06-30": -1.8416, "2013-03-31": "-0.54320", "2012-12-31": 3.4574, "2012-09-30": 3.8798, "2012-06-30": -2.1831, "2012-03-31": "0.30660", "2011-12-31": 3.9067, "2011-09-30": -0.5368, "2011-06-30": 0.092, "2011-03-31": "-1.46370", "2010-12-31": 1.837, "2010-09-30": 1.3009, "2010-06-30": 2.0512, "2010-03-31": "-0.19220", "2009-12-31": 1.8312, "2009-09-30": 0.253, "2009-06-30": 0.5189, "2009-03-31": "0.49240", "2008-12-31": 2.8319, "2008-09-30": -0.3698, "2008-06-30": 0.9667, "2008-03-31": "0.77050", "2007-12-31": 2.652, "2007-09-30": 0.3734, "2007-06-30": 0.704, "2007-03-31": "0.25000", "2006-12-31": 2.8214, "2006-09-30": 0.3316, "2006-06-30": 0.3939, "2006-03-31": "-1.08400", "2005-12-31": 0.1272, "2005-09-30": 1.3961, "2005-06-30": 0.8556, "2005-03-31": "-1.09030"}, "Free Cash Flow Per Share": {"2020-09-30": 3.0285, "2020-06-30": 6.1377, "2020-03-31": "1.08530", "2019-12-31": 3.8968, "2019-09-30": 3.5907, "2019-06-30": 0.3025, "2019-03-31": "1.41940", "2018-12-31": 2.8033, "2018-09-30": 2.4804, "2018-06-30": 0.4982, "2018-03-31": "-1.31250", "2017-12-31": 3.4232, "2017-09-30": 4.6078, "2017-06-30": -0.1664, "2017-03-31": "0.92380", "2016-12-31": 3.0981, "2016-09-30": 3.0933, "2016-06-30": -0.0712, "2016-03-31": "1.20410", "2015-12-31": 3.6979, "2015-09-30": 5.1708, "2015-06-30": -2.1025, "2015-03-31": "-0.61130", "2014-12-31": 2.8758, "2014-09-30": 3.1997, "2014-06-30": -2.9053, "2014-03-31": "0.71920", "2013-12-31": 2.9619, "2013-09-30": 3.8502, "2013-06-30": -1.9606, "2013-03-31": "-0.63510", "2012-12-31": 3.3595, "2012-09-30": 3.8173, "2012-06-30": -2.2712, "2012-03-31": "0.18290", "2011-12-31": 3.7626, "2011-09-30": -0.6474, "2011-06-30": -0.0289, "2011-03-31": "-1.51690", "2010-12-31": 1.7437, "2010-09-30": 1.2456, "2010-06-30": 1.9824, "2010-03-31": "-0.18120", "2009-12-31": 1.764, "2009-09-30": 0.1741, "2009-06-30": 0.4988, "2009-03-31": "0.46010", "2008-12-31": 2.8052, "2008-09-30": -0.4203, "2008-06-30": 0.9261, "2008-03-31": "0.74960", "2007-12-31": 2.5847, "2007-09-30": 0.3242, "2007-06-30": 0.649, "2007-03-31": "0.21360", "2006-12-31": 2.7566, "2006-09-30": 0.1741, "2006-06-30": 0.3359, "2006-03-31": "-1.14270", "2005-12-31": 0.0294, "2005-09-30": 1.3714, "2005-06-30": 0.8415, "2005-03-31": "-1.14640"}}, "revenue": {"Watsco Annual Revenue (Millions of US $)": {"2019": "$4,770", "2018": "$4,547", "2017": "$4,342", "2016": "$4,221", "2015": "$4,113", "2014": "$3,945", "2013": "$3,743", "2012": "$3,432", "2011": "$2,978", "2010": "$2,845", "2009": "$2,002", "2008": "$1,700", "2007": "$1,758", "2006": "$1,771", "2005": "$1,658"}, "Watsco Quarterly Revenue (Millions of US $)": {"2020-09-30": "$1,537", "2020-06-30": "$1,355", "2020-03-31": "$1,008", "2019-12-31": "$1,072", "2019-09-30": "$1,395", "2019-06-30": "$1,372", "2019-03-31": "$931", "2018-12-31": "$991", "2018-09-30": "$1,296", "2018-06-30": "$1,333", "2018-03-31": "$927", "2017-12-31": "$964", "2017-09-30": "$1,230", "2017-06-30": "$1,276", "2017-03-31": "$872", "2016-12-31": "$914", "2016-09-30": "$1,241", "2016-06-30": "$1,214", "2016-03-31": "$851", "2015-12-31": "$904", "2015-09-30": "$1,177", "2015-06-30": "$1,223", "2015-03-31": "$809", "2014-12-31": "$877", "2014-09-30": "$1,135", "2014-06-30": "$1,170", "2014-03-31": "$763", "2013-12-31": "$827", "2013-09-30": "$1,082", "2013-06-30": "$1,120", "2013-03-31": "$714", "2012-12-31": "$766", "2012-09-30": "$1,021", "2012-06-30": "$1,012", "2012-03-31": "$634", "2011-12-31": "$646", "2011-09-30": "$914", "2011-06-30": "$884", "2011-03-31": "$534", "2010-12-31": "$657", "2010-09-30": "$813", "2010-06-30": "$865", "2010-03-31": "$510", "2009-12-31": "$564", "2009-09-30": "$742", "2009-06-30": "$405", "2009-03-31": "$291", "2008-12-31": "$335", "2008-09-30": "$475", "2008-06-30": "$510", "2008-03-31": "$380", "2007-12-31": "$398", "2007-09-30": "$519", "2007-06-30": "$471", "2007-03-31": "$371", "2006-12-31": "$373", "2006-09-30": "$499", "2006-06-30": "$505", "2006-03-31": "$394", "2005-12-31": "$392", "2005-09-30": "$478", "2005-06-30": "$443", "2005-03-31": "$346"}}, "gross-profit": {"Watsco Annual Gross Profit (Millions of US $)": {"2019": "$1,157", "2018": "$1,120", "2017": "$1,066", "2016": "$1,035", "2015": "$1,007", "2014": "$956", "2013": "$899", "2012": "$814", "2011": "$728", "2010": "$673", "2009": "$481", "2008": "$442", "2007": "$447", "2006": "$457", "2005": "$418"}, "Watsco Quarterly Gross Profit (Millions of US $)": {"2020-09-30": "$374", "2020-06-30": "$319", "2020-03-31": "$248", "2019-12-31": "$261", "2019-09-30": "$335", "2019-06-30": "$328", "2019-03-31": "$234", "2018-12-31": "$250", "2018-09-30": "$319", "2018-06-30": "$321", "2018-03-31": "$231", "2017-12-31": "$241", "2017-09-30": "$296", "2017-06-30": "$310", "2017-03-31": "$219", "2016-12-31": "$228", "2016-09-30": "$302", "2016-06-30": "$292", "2016-03-31": "$212", "2015-12-31": "$222", "2015-09-30": "$286", "2015-06-30": "$295", "2015-03-31": "$204", "2014-12-31": "$214", "2014-09-30": "$275", "2014-06-30": "$279", "2014-03-31": "$188", "2013-12-31": "$199", "2013-09-30": "$259", "2013-06-30": "$267", "2013-03-31": "$175", "2012-12-31": "$183", "2012-09-30": "$243", "2012-06-30": "$238", "2012-03-31": "$151", "2011-12-31": "$161", "2011-09-30": "$219", "2011-06-30": "$213", "2011-03-31": "$135", "2010-12-31": "$154", "2010-09-30": "$196", "2010-06-30": "$201", "2010-03-31": "$123", "2009-12-31": "$134", "2009-09-30": "$172", "2009-06-30": "$101", "2009-03-31": "$74", "2008-12-31": "$86", "2008-09-30": "$127", "2008-06-30": "$131", "2008-03-31": "$98", "2007-12-31": "$101", "2007-09-30": "$131", "2007-06-30": "$120", "2007-03-31": "$95", "2006-12-31": "$94", "2006-09-30": "$132", "2006-06-30": "$131", "2006-03-31": "$100", "2005-12-31": "$99", "2005-09-30": "$120", "2005-06-30": "$112", "2005-03-31": "$87"}}, "operating-income": {"Watsco Annual Operating Income (Millions of US $)": {"2019": "$367", "2018": "$372", "2017": "$354", "2016": "$346", "2015": "$337", "2014": "$306", "2013": "$271", "2012": "$225", "2011": "$199", "2010": "$166", "2009": "$81", "2008": "$99", "2007": "$111", "2006": "$135", "2005": "$117"}, "Watsco Quarterly Operating Income (Millions of US $)": {"2020-09-30": "$157", "2020-06-30": "$129", "2020-03-31": "$45", "2019-12-31": "$52", "2019-09-30": "$125", "2019-06-30": "$134", "2019-03-31": "$55", "2018-12-31": "$59", "2018-09-30": "$122", "2018-06-30": "$137", "2018-03-31": "$54", "2017-12-31": "$61", "2017-09-30": "$114", "2017-06-30": "$129", "2017-03-31": "$49", "2016-12-31": "$58", "2016-09-30": "$119", "2016-06-30": "$118", "2016-03-31": "$51", "2015-12-31": "$54", "2015-09-30": "$111", "2015-06-30": "$125", "2015-03-31": "$47", "2014-12-31": "$52", "2014-09-30": "$105", "2014-06-30": "$113", "2014-03-31": "$36", "2013-12-31": "$40", "2013-09-30": "$95", "2013-06-30": "$105", "2013-03-31": "$31", "2012-12-31": "$33", "2012-09-30": "$86", "2012-06-30": "$86", "2012-03-31": "$20", "2011-12-31": "$33", "2011-09-30": "$74", "2011-06-30": "$76", "2011-03-31": "$17", "2010-12-31": "$22", "2010-09-30": "$64", "2010-06-30": "$71", "2010-03-31": "$9", "2009-12-31": "$15", "2009-09-30": "$41", "2009-06-30": "$26", "2009-03-31": "$-2", "2008-12-31": "$6", "2008-09-30": "$38", "2008-06-30": "$42", "2008-03-31": "$13", "2007-12-31": "$12", "2007-09-30": "$42", "2007-06-30": "$40", "2007-03-31": "$18", "2006-12-31": "$19", "2006-09-30": "$47", "2006-06-30": "$47", "2006-03-31": "$22", "2005-12-31": "$24", "2005-09-30": "$40", "2005-06-30": "$37", "2005-03-31": "$16"}}, "ebitda": {"Watsco Annual EBITDA (Millions of US $)": {"2019": "$391", "2018": "$394", "2017": "$376", "2016": "$366", "2015": "$356", "2014": "$324", "2013": "$289", "2012": "$241", "2011": "$211", "2010": "$176", "2009": "$90", "2008": "$106", "2007": "$118", "2006": "$141", "2005": "$123"}, "Watsco Quarterly EBITDA (Millions of US $)": {"2020-09-30": "$163", "2020-06-30": "$136", "2020-03-31": "$52", "2019-12-31": "$59", "2019-09-30": "$132", "2019-06-30": "$140", "2019-03-31": "$61", "2018-12-31": "$64", "2018-09-30": "$128", "2018-06-30": "$143", "2018-03-31": "$59", "2017-12-31": "$67", "2017-09-30": "$120", "2017-06-30": "$135", "2017-03-31": "$54", "2016-12-31": "$63", "2016-09-30": "$124", "2016-06-30": "$123", "2016-03-31": "$56", "2015-12-31": "$59", "2015-09-30": "$115", "2015-06-30": "$130", "2015-03-31": "$52", "2014-12-31": "$57", "2014-09-30": "$110", "2014-06-30": "$117", "2014-03-31": "$40", "2013-12-31": "$45", "2013-09-30": "$100", "2013-06-30": "$110", "2013-03-31": "$35", "2012-12-31": "$38", "2012-09-30": "$90", "2012-06-30": "$90", "2012-03-31": "$23", "2011-12-31": "$36", "2011-09-30": "$77", "2011-06-30": "$78", "2011-03-31": "$19", "2010-12-31": "$25", "2010-09-30": "$67", "2010-06-30": "$73", "2010-03-31": "$11", "2009-12-31": "$17", "2009-09-30": "$44", "2009-06-30": "$28", "2009-03-31": "$0", "2008-12-31": "$7", "2008-09-30": "$39", "2008-06-30": "$44", "2008-03-31": "$15", "2007-12-31": "$14", "2007-09-30": "$43", "2007-06-30": "$41", "2007-03-31": "$19", "2006-12-31": "$21", "2006-09-30": "$49", "2006-06-30": "$48", "2006-03-31": "$23", "2005-12-31": "$26", "2005-09-30": "$42", "2005-06-30": "$39", "2005-03-31": "$17"}}, "net-income": {"Watsco Annual Net Income (Millions of US $)": {"2019": "$226", "2018": "$223", "2017": "$191", "2016": "$168", "2015": "$159", "2014": "$140", "2013": "$119", "2012": "$86", "2011": "$84", "2010": "$76", "2009": "$43", "2008": "$60", "2007": "$66", "2006": "$82", "2005": "$70"}, "Watsco Quarterly Net Income (Millions of US $)": {"2020-09-30": "$106", "2020-06-30": "$87", "2020-03-31": "$31", "2019-12-31": "$17", "2019-09-30": "$83", "2019-06-30": "$90", "2019-03-31": "$35", "2018-12-31": "$37", "2018-09-30": "$73", "2018-06-30": "$83", "2018-03-31": "$30", "2017-12-31": "$41", "2017-09-30": "$60", "2017-06-30": "$68", "2017-03-31": "$23", "2016-12-31": "$27", "2016-09-30": "$58", "2016-06-30": "$59", "2016-03-31": "$23", "2015-12-31": "$25", "2015-09-30": "$53", "2015-06-30": "$60", "2015-03-31": "$21", "2014-12-31": "$22", "2014-09-30": "$50", "2014-06-30": "$52", "2014-03-31": "$16", "2013-12-31": "$16", "2013-09-30": "$42", "2013-06-30": "$48", "2013-03-31": "$12", "2012-12-31": "$4", "2012-09-30": "$38", "2012-06-30": "$36", "2012-03-31": "$7", "2011-12-31": "$13", "2011-09-30": "$31", "2011-06-30": "$34", "2011-03-31": "$6", "2010-12-31": "$8", "2010-09-30": "$30", "2010-06-30": "$35", "2010-03-31": "$4", "2009-12-31": "$7", "2009-09-30": "$21", "2009-06-30": "$16", "2009-03-31": "$-1", "2008-12-31": "$3", "2008-09-30": "$23", "2008-06-30": "$26", "2008-03-31": "$8", "2007-12-31": "$7", "2007-09-30": "$25", "2007-06-30": "$23", "2007-03-31": "$11", "2006-12-31": "$12", "2006-09-30": "$29", "2006-06-30": "$29", "2006-03-31": "$13", "2005-12-31": "$14", "2005-09-30": "$24", "2005-06-30": "$22", "2005-03-31": "$9"}}, "eps-earnings-per-share-diluted": {"Watsco Annual EPS": {"2019": "$6.50", "2018": "$6.49", "2017": "$5.81", "2016": "$5.15", "2015": "$4.90", "2014": "$4.32", "2013": "$3.68", "2012": "$2.70", "2011": "$2.74", "2010": "$2.49", "2009": "$1.40", "2008": "$2.09", "2007": "$2.27", "2006": "$2.96", "2005": "$2.52"}, "Watsco Quarterly EPS": {"2020-09-30": "$2.76", "2020-06-30": "$2.26", "2020-03-31": "$0.72", "2019-12-31": "$1.02", "2019-09-30": "$2.20", "2019-06-30": "$2.40", "2019-03-31": "$0.88", "2018-12-31": "$1.09", "2018-09-30": "$2.11", "2018-06-30": "$2.40", "2018-03-31": "$0.89", "2017-12-31": "$1.21", "2017-09-30": "$1.82", "2017-06-30": "$2.07", "2017-03-31": "$0.71", "2016-12-31": "$0.84", "2016-09-30": "$1.78", "2016-06-30": "$1.82", "2016-03-31": "$0.71", "2015-12-31": "$0.76", "2015-09-30": "$1.64", "2015-06-30": "$1.85", "2015-03-31": "$0.65", "2014-12-31": "$0.68", "2014-09-30": "$1.56", "2014-06-30": "$1.60", "2014-03-31": "$0.48", "2013-12-31": "$0.49", "2013-09-30": "$1.32", "2013-06-30": "$1.48", "2013-03-31": "$0.39", "2012-12-31": "$0.13", "2012-09-30": "$1.19", "2012-06-30": "$1.15", "2012-03-31": "$0.23", "2011-12-31": "$0.42", "2011-09-30": "$1.02", "2011-06-30": "$1.09", "2011-03-31": "$0.21", "2010-12-31": "$0.34", "2010-09-30": "$0.97", "2010-06-30": "$1.08", "2010-03-31": "$0.10", "2009-12-31": "$0.25", "2009-09-30": "$0.66", "2009-06-30": "$0.56", "2009-03-31": "$-0.07", "2008-12-31": "$0.10", "2008-09-30": "$0.81", "2008-06-30": "$0.90", "2008-03-31": "$0.28", "2007-12-31": "$0.16", "2007-09-30": "$0.90", "2007-06-30": "$0.82", "2007-03-31": "$0.39", "2006-12-31": "$0.41", "2006-09-30": "$1.05", "2006-06-30": "$1.03", "2006-03-31": "$0.47", "2005-12-31": "$0.50", "2005-09-30": "$0.88", "2005-06-30": "$0.81", "2005-03-31": "$0.33"}}, "shares-outstanding": {"Watsco Annual Shares Outstanding (Millions of Shares)": {"2019": "35", "2018": "34", "2017": "33", "2016": "33", "2015": "32", "2014": "32", "2013": "32", "2012": "32", "2011": "31", "2010": "31", "2009": "29", "2008": "27", "2007": "27", "2006": "28", "2005": "28"}, "Watsco Quarterly Shares Outstanding (Millions of Shares)": {"2020-09-30": "35", "2020-06-30": "35", "2020-03-31": "35", "2019-12-31": "35", "2019-09-30": "35", "2019-06-30": "34", "2019-03-31": "34", "2018-12-31": "34", "2018-09-30": "34", "2018-06-30": "34", "2018-03-31": "34", "2017-12-31": "33", "2017-09-30": "33", "2017-06-30": "33", "2017-03-31": "33", "2016-12-31": "33", "2016-09-30": "33", "2016-06-30": "33", "2016-03-31": "33", "2015-12-31": "32", "2015-09-30": "32", "2015-06-30": "32", "2015-03-31": "32", "2014-12-31": "32", "2014-09-30": "32", "2014-06-30": "32", "2014-03-31": "32", "2013-12-31": "32", "2013-09-30": "32", "2013-06-30": "32", "2013-03-31": "32", "2012-12-31": "32", "2012-09-30": "32", "2012-06-30": "32", "2012-03-31": "31", "2011-12-31": "31", "2011-09-30": "31", "2011-06-30": "31", "2011-03-31": "31", "2010-12-31": "31", "2010-09-30": "31", "2010-06-30": "31", "2010-03-31": "30", "2009-12-31": "29", "2009-09-30": "30", "2009-06-30": "27", "2009-03-31": "27", "2008-12-31": "27", "2008-09-30": "27", "2008-06-30": "27", "2008-03-31": "28", "2007-12-31": "27", "2007-09-30": "28", "2007-06-30": "28", "2007-03-31": "28", "2006-12-31": "28", "2006-09-30": "28", "2006-06-30": "28", "2006-03-31": "28", "2005-12-31": "28", "2005-09-30": "28", "2005-06-30": "28", "2005-03-31": "28"}}, "total-assets": {"Watsco Annual Total Assets (Millions of US $)": {"2019": "$2,556", "2018": "$2,161", "2017": "$2,047", "2016": "$1,875", "2015": "$1,788", "2014": "$1,791", "2013": "$1,670", "2012": "$1,682", "2011": "$1,268", "2010": "$1,237", "2009": "$1,161", "2008": "$716", "2007": "$750", "2006": "$710", "2005": "$679"}, "Watsco Quarterly Total Assets (Millions of US $)": {"2020-09-30": "$2,648", "2020-06-30": "$2,637", "2020-03-31": "$2,582", "2019-12-31": "$2,556", "2019-09-30": "$2,693", "2019-06-30": "$2,632", "2019-03-31": "$2,399", "2018-12-31": "$2,161", "2018-09-30": "$2,231", "2018-06-30": "$2,326", "2018-03-31": "$2,076", "2017-12-31": "$2,047", "2017-09-30": "$2,148", "2017-06-30": "$2,154", "2017-03-31": "$1,935", "2016-12-31": "$1,875", "2016-09-30": "$1,958", "2016-06-30": "$2,020", "2016-03-31": "$1,877", "2015-12-31": "$1,788", "2015-09-30": "$1,929", "2015-06-30": "$2,067", "2015-03-31": "$1,890", "2014-12-31": "$1,791", "2014-09-30": "$1,905", "2014-06-30": "$1,991", "2014-03-31": "$1,777", "2013-12-31": "$1,670", "2013-09-30": "$1,818", "2013-06-30": "$1,913", "2013-03-31": "$1,727", "2012-12-31": "$1,682", "2012-09-30": "$1,800", "2012-06-30": "$1,895", "2012-03-31": "$1,351", "2011-12-31": "$1,268", "2011-09-30": "$1,432", "2011-06-30": "$1,518", "2011-03-31": "$1,236", "2010-12-31": "$1,237", "2010-09-30": "$1,317", "2010-06-30": "$1,418", "2010-03-31": "$1,211", "2009-12-31": "$1,161", "2009-09-30": "$1,260", "2009-06-30": "$763", "2009-03-31": "$714", "2008-12-31": "$716", "2008-09-30": "$791", "2008-06-30": "$846", "2008-03-31": "$762", "2007-12-31": "$750", "2007-09-30": "$830", "2007-06-30": "$771", "2007-03-31": "$751", "2006-12-31": "$710", "2006-09-30": "$738", "2006-06-30": "$770", "2006-03-31": "$703", "2005-12-31": "$679", "2005-09-30": "$706", "2005-06-30": "$663", "2005-03-31": "$619"}}, "cash-on-hand": {"Watsco Annual Cash on Hand (Millions of US $)": {"2019": "$74", "2018": "$83", "2017": "$80", "2016": "$56", "2015": "$35", "2014": "$24", "2013": "$19", "2012": "$74", "2011": "$16", "2010": "$126", "2009": "$58", "2008": "$41", "2007": "$9", "2006": "$34", "2005": "$28"}, "Watsco Quarterly Cash on Hand (Millions of US $)": {"2020-09-30": "$93", "2020-06-30": "$80", "2020-03-31": "$51", "2019-12-31": "$74", "2019-09-30": "$60", "2019-06-30": "$56", "2019-03-31": "$77", "2018-12-31": "$83", "2018-09-30": "$68", "2018-06-30": "$72", "2018-03-31": "$58", "2017-12-31": "$80", "2017-09-30": "$67", "2017-06-30": "$51", "2017-03-31": "$47", "2016-12-31": "$56", "2016-09-30": "$36", "2016-06-30": "$31", "2016-03-31": "$33", "2015-12-31": "$35", "2015-09-30": "$29", "2015-06-30": "$22", "2015-03-31": "$16", "2014-12-31": "$24", "2014-09-30": "$17", "2014-06-30": "$17", "2014-03-31": "$19", "2013-12-31": "$19", "2013-09-30": "$29", "2013-06-30": "$26", "2013-03-31": "$22", "2012-12-31": "$74", "2012-09-30": "$46", "2012-06-30": "$35", "2012-03-31": "$18", "2011-12-31": "$16", "2011-09-30": "$21", "2011-06-30": "$19", "2011-03-31": "$36", "2010-12-31": "$126", "2010-09-30": "$100", "2010-06-30": "$88", "2010-03-31": "$74", "2009-12-31": "$58", "2009-09-30": "$65", "2009-06-30": "$45", "2009-03-31": "$46", "2008-12-31": "$41", "2008-09-30": "$9", "2008-06-30": "$6", "2008-03-31": "$7", "2007-12-31": "$9", "2007-09-30": "$1", "2007-06-30": "$40", "2007-03-31": "$40", "2006-12-31": "$34", "2006-09-30": "$1", "2006-06-30": "$7", "2006-03-31": "$1", "2005-12-31": "$28", "2005-09-30": "$42", "2005-06-30": "$6", "2005-03-31": "$7"}}, "long-term-debt": {"Watsco Annual Long Term Debt (Millions of US $)": {"2019": "$158", "2018": "$136", "2017": "$22", "2016": "$236", "2015": "$246", "2014": "$304", "2013": "$231", "2012": "$316", "2011": "$", "2010": "$10", "2009": "$13", "2008": "$21", "2007": "$55", "2006": "$30", "2005": "$40"}, "Watsco Quarterly Long Term Debt (Millions of US $)": {"2020-09-30": "$4", "2020-06-30": "$36", "2020-03-31": "$158", "2019-12-31": "$158", "2019-09-30": "$171", "2019-06-30": "$221", "2019-03-31": "$139", "2018-12-31": "$136", "2018-09-30": "$0", "2018-06-30": "$142", "2018-03-31": "$91", "2017-12-31": "$22", "2017-09-30": "$285", "2017-06-30": "$380", "2017-03-31": "$281", "2016-12-31": "$236", "2016-09-30": "$220", "2016-06-30": "$268", "2016-03-31": "$238", "2015-12-31": "$246", "2015-09-30": "$306", "2015-06-30": "$434", "2015-03-31": "$341", "2014-12-31": "$304", "2014-09-30": "$353", "2014-06-30": "$350", "2014-03-31": "$227", "2013-12-31": "$231", "2013-09-30": "$285", "2013-06-30": "$398", "2013-03-31": "$322", "2012-12-31": "$316", "2012-09-30": "$202", "2012-06-30": "$236", "2012-03-31": "", "2011-12-31": "", "2011-09-30": "$0", "2011-06-30": "$65", "2011-03-31": "$24", "2010-12-31": "$10", "2010-09-30": "$23", "2010-06-30": "$21", "2010-03-31": "$48", "2009-12-31": "$13", "2009-09-30": "$44", "2009-06-30": "$21", "2009-03-31": "$21", "2008-12-31": "$21", "2008-09-30": "$49", "2008-06-30": "$24", "2008-03-31": "$40", "2007-12-31": "$55", "2007-09-30": "$96", "2007-06-30": "$30", "2007-03-31": "$30", "2006-12-31": "$30", "2006-09-30": "$55", "2006-06-30": "$60", "2006-03-31": "$45", "2005-12-31": "$40", "2005-09-30": "$40", "2005-06-30": "$40", "2005-03-31": "$55"}}, "total-liabilities": {"Watsco Annual Total Liabilities (Millions of US $)": {"2019": "$841", "2018": "$559", "2017": "$496", "2016": "$623", "2015": "$585", "2014": "$659", "2013": "$542", "2012": "$660", "2011": "$266", "2010": "$308", "2009": "$266", "2008": "$145", "2007": "$200", "2006": "$194", "2005": "$228"}, "Watsco Quarterly Total Liabilities (Millions of US $)": {"2020-09-30": "$838", "2020-06-30": "$901", "2020-03-31": "$899", "2019-12-31": "$841", "2019-09-30": "$940", "2019-06-30": "$999", "2019-03-31": "$800", "2018-12-31": "$559", "2018-09-30": "$570", "2018-06-30": "$724", "2018-03-31": "$527", "2017-12-31": "$496", "2017-09-30": "$816", "2017-06-30": "$874", "2017-03-31": "$727", "2016-12-31": "$623", "2016-09-30": "$651", "2016-06-30": "$746", "2016-03-31": "$656", "2015-12-31": "$585", "2015-09-30": "$708", "2015-06-30": "$876", "2015-03-31": "$765", "2014-12-31": "$659", "2014-09-30": "$765", "2014-06-30": "$805", "2014-03-31": "$649", "2013-12-31": "$542", "2013-09-30": "$662", "2013-06-30": "$823", "2013-03-31": "$693", "2012-12-31": "$660", "2012-09-30": "$578", "2012-06-30": "$664", "2012-03-31": "$351", "2011-12-31": "$266", "2011-09-30": "$420", "2011-06-30": "$547", "2011-03-31": "$341", "2010-12-31": "$308", "2010-09-30": "$380", "2010-06-30": "$498", "2010-03-31": "$323", "2009-12-31": "$266", "2009-09-30": "$357", "2009-06-30": "$191", "2009-03-31": "$152", "2008-12-31": "$145", "2008-09-30": "$210", "2008-06-30": "$279", "2008-03-31": "$213", "2007-12-31": "$200", "2007-09-30": "$268", "2007-06-30": "$228", "2007-03-31": "$234", "2006-12-31": "$194", "2006-09-30": "$228", "2006-06-30": "$284", "2006-03-31": "$230", "2005-12-31": "$228", "2005-09-30": "$245", "2005-06-30": "$225", "2005-03-31": "$196"}}, "total-share-holder-equity": {"Watsco Annual Share Holder Equity (Millions of US $)": {"2019": "$1,715", "2018": "$1,602", "2017": "$1,551", "2016": "$1,252", "2015": "$1,204", "2014": "$1,132", "2013": "$1,127", "2012": "$1,022", "2011": "$1,002", "2010": "$929", "2009": "$895", "2008": "$571", "2007": "$550", "2006": "$516", "2005": "$451"}, "Watsco Quarterly Share Holder Equity (Millions of US $)": {"2020-09-30": "$1,810", "2020-06-30": "$1,736", "2020-03-31": "$1,683", "2019-12-31": "$1,715", "2019-09-30": "$1,753", "2019-06-30": "$1,633", "2019-03-31": "$1,599", "2018-12-31": "$1,602", "2018-09-30": "$1,661", "2018-06-30": "$1,602", "2018-03-31": "$1,550", "2017-12-31": "$1,551", "2017-09-30": "$1,332", "2017-06-30": "$1,280", "2017-03-31": "$1,208", "2016-12-31": "$1,252", "2016-09-30": "$1,306", "2016-06-30": "$1,273", "2016-03-31": "$1,221", "2015-12-31": "$1,204", "2015-09-30": "$1,222", "2015-06-30": "$1,191", "2015-03-31": "$1,124", "2014-12-31": "$1,132", "2014-09-30": "$1,140", "2014-06-30": "$1,186", "2014-03-31": "$1,128", "2013-12-31": "$1,127", "2013-09-30": "$1,157", "2013-06-30": "$1,090", "2013-03-31": "$1,034", "2012-12-31": "$1,022", "2012-09-30": "$1,221", "2012-06-30": "$1,231", "2012-03-31": "$1,000", "2011-12-31": "$1,002", "2011-09-30": "$1,012", "2011-06-30": "$971", "2011-03-31": "$894", "2010-12-31": "$929", "2010-09-30": "$937", "2010-06-30": "$920", "2010-03-31": "$888", "2009-12-31": "$895", "2009-09-30": "$902", "2009-06-30": "$571", "2009-03-31": "$562", "2008-12-31": "$571", "2008-09-30": "$581", "2008-06-30": "$567", "2008-03-31": "$550", "2007-12-31": "$550", "2007-09-30": "$562", "2007-06-30": "$543", "2007-03-31": "$517", "2006-12-31": "$516", "2006-09-30": "$510", "2006-06-30": "$486", "2006-03-31": "$474", "2005-12-31": "$451", "2005-09-30": "$461", "2005-06-30": "$438", "2005-03-31": "$423"}}, "profit-margins": {"current": "5.09%"}, "gross margin": {"2020-09-30": "24.18%", "2020-06-30": "24.08%", "2020-03-31": "24.18%", "2019-12-31": "24.28%", "2019-09-30": "24.46%", "2019-06-30": "24.64%", "2019-03-31": "24.70%", "2018-12-31": "24.65%", "2018-09-30": "24.60%", "2018-06-30": "24.45%", "2018-03-31": "24.52%", "2017-12-31": "24.55%", "2017-09-30": "24.53%", "2017-06-30": "24.61%", "2017-03-31": "24.55%", "2016-12-31": "24.50%", "2016-09-30": "24.42%", "2016-06-30": "24.41%", "2016-03-31": "24.43%", "2015-12-31": "24.48%", "2015-09-30": "24.45%", "2015-06-30": "24.43%", "2015-03-31": "24.35%", "2014-12-31": "24.23%", "2014-09-30": "24.16%", "2014-06-30": "24.08%", "2014-03-31": "24.08%", "2013-12-31": "24.04%", "2013-09-30": "24.01%", "2013-06-30": "23.97%", "2013-03-31": "23.88%", "2012-12-31": "23.74%", "2012-09-30": "23.94%", "2012-06-30": "23.99%", "2012-03-31": "24.17%", "2011-12-31": "24.45%", "2011-09-30": "24.12%", "2011-06-30": "24.17%", "2011-03-31": "23.91%", "2010-12-31": "23.69%", "2010-09-30": "23.76%", "2010-06-30": "23.50%", "2010-03-31": "23.86%", "2009-12-31": "24.03%", "2009-09-30": "24.42%", "2009-06-30": "25.76%", "2009-03-31": "25.95%", "2008-12-31": "26.00%", "2008-09-30": "25.92%", "2008-06-30": "25.51%", "2008-03-31": "25.45%", "2007-12-31": "25.41%", "2007-09-30": "25.37%", "2007-06-30": "25.73%", "2007-03-31": "25.86%", "2006-12-31": "25.80%", "2006-09-30": "25.81%", "2006-06-30": "25.44%", "2006-03-31": "25.25%", "2005-12-31": "25.20%"}, "operating margin": {"2020-09-30": "7.70%", "2020-06-30": "7.27%", "2020-03-31": "7.34%", "2019-12-31": "7.67%", "2019-09-30": "7.95%", "2019-06-30": "8.06%", "2019-03-31": "8.20%", "2018-12-31": "8.18%", "2018-09-30": "8.27%", "2018-06-30": "8.22%", "2018-03-31": "8.14%", "2017-12-31": "8.13%", "2017-09-30": "8.15%", "2017-06-30": "8.25%", "2017-03-31": "8.11%", "2016-12-31": "8.20%", "2016-09-30": "8.12%", "2016-06-30": "8.06%", "2016-03-31": "8.21%", "2015-12-31": "8.19%", "2015-09-30": "8.20%", "2015-06-30": "8.14%", "2015-03-31": "7.94%", "2014-12-31": "7.76%", "2014-09-30": "7.55%", "2014-06-30": "7.39%", "2014-03-31": "7.28%", "2013-12-31": "7.24%", "2013-09-30": "7.17%", "2013-06-30": "7.04%", "2013-03-31": "6.72%", "2012-12-31": "6.55%", "2012-09-30": "6.79%", "2012-06-30": "6.64%", "2012-03-31": "6.60%", "2011-12-31": "6.72%", "2011-09-30": "6.32%", "2011-06-30": "6.20%", "2011-03-31": "6.06%", "2010-12-31": "5.83%", "2010-09-30": "5.78%", "2010-06-30": "5.07%", "2010-03-31": "4.10%", "2009-12-31": "4.00%", "2009-09-30": "4.00%", "2009-06-30": "4.52%", "2009-03-31": "5.21%", "2008-12-31": "5.82%", "2008-09-30": "5.96%", "2008-06-30": "6.03%", "2008-03-31": "6.05%", "2007-12-31": "6.37%", "2007-09-30": "6.86%", "2007-06-30": "7.23%", "2007-03-31": "7.49%", "2006-12-31": "7.62%", "2006-09-30": "7.82%", "2006-06-30": "7.52%", "2006-03-31": "7.21%", "2005-12-31": "7.05%"}, "ebitda margin": {"2020-09-30": "8.25%", "2020-06-30": "7.85%", "2020-03-31": "7.90%", "2019-12-31": "8.22%", "2019-09-30": "8.47%", "2019-06-30": "8.56%", "2019-03-31": "8.70%", "2018-12-31": "8.67%", "2018-09-30": "8.78%", "2018-06-30": "8.73%", "2018-03-31": "8.66%", "2017-12-31": "8.66%", "2017-09-30": "8.67%", "2017-06-30": "8.74%", "2017-03-31": "8.58%", "2016-12-31": "8.67%", "2016-09-30": "8.60%", "2016-06-30": "8.51%", "2016-03-31": "8.66%", "2015-12-31": "8.66%", "2015-09-30": "8.66%", "2015-06-30": "8.63%", "2015-03-31": "8.42%", "2014-12-31": "8.21%", "2014-09-30": "8.01%", "2014-06-30": "7.86%", "2014-03-31": "7.78%", "2013-12-31": "7.75%", "2013-09-30": "7.69%", "2013-06-30": "7.54%", "2013-03-31": "7.20%", "2012-12-31": "7.02%", "2012-09-30": "7.21%", "2012-06-30": "7.05%", "2012-03-31": "6.95%", "2011-12-31": "7.05%", "2011-09-30": "6.66%", "2011-06-30": "6.54%", "2011-03-31": "6.41%", "2010-12-31": "6.19%", "2010-09-30": "6.10%", "2010-06-30": "5.41%", "2010-03-31": "4.50%", "2009-12-31": "4.45%", "2009-09-30": "4.46%", "2009-06-30": "4.91%", "2009-03-31": "5.59%", "2008-12-31": "6.18%", "2008-09-30": "6.35%", "2008-06-30": "6.42%", "2008-03-31": "6.39%", "2007-12-31": "6.65%", "2007-09-30": "7.15%", "2007-06-30": "7.58%", "2007-03-31": "7.84%", "2006-12-31": "7.96%", "2006-09-30": "8.16%", "2006-06-30": "7.86%", "2006-03-31": "7.62%", "2005-12-31": "7.47%"}, "pre tax profit margin": {"2020-09-30": "7.66%", "2020-06-30": "7.20%", "2020-03-31": "7.26%", "2019-12-31": "7.59%", "2019-09-30": "7.87%", "2019-06-30": "7.97%", "2019-03-31": "8.13%", "2018-12-31": "8.12%", "2018-09-30": "8.21%", "2018-06-30": "8.13%", "2018-03-31": "8.03%", "2017-12-31": "7.99%", "2017-09-30": "8.01%", "2017-06-30": "8.13%", "2017-03-31": "7.99%", "2016-12-31": "8.10%", "2016-09-30": "8.03%", "2016-06-30": "7.94%", "2016-03-31": "8.06%", "2015-12-31": "8.05%", "2015-09-30": "8.05%", "2015-06-30": "8.01%", "2015-03-31": "7.84%", "2014-12-31": "7.66%", "2014-09-30": "7.45%", "2014-06-30": "7.29%", "2014-03-31": "7.15%", "2013-12-31": "7.08%", "2013-09-30": "7.01%", "2013-06-30": "6.88%", "2013-03-31": "6.58%", "2012-12-31": "6.44%", "2012-09-30": "6.64%", "2012-06-30": "6.49%", "2012-03-31": "6.43%", "2011-12-31": "6.55%", "2011-09-30": "6.19%", "2011-06-30": "6.06%", "2011-03-31": "5.93%", "2010-12-31": "5.69%", "2010-09-30": "5.63%", "2010-06-30": "4.92%", "2010-03-31": "3.96%", "2009-12-31": "3.90%", "2009-09-30": "3.89%", "2009-06-30": "4.38%", "2009-03-31": "5.09%", "2008-12-31": "5.65%", "2008-09-30": "5.79%", "2008-06-30": "5.87%", "2008-03-31": "5.83%", "2007-12-31": "6.20%", "2007-09-30": "6.69%", "2007-06-30": "7.06%", "2007-03-31": "7.32%", "2006-12-31": "7.40%", "2006-09-30": "7.65%", "2006-06-30": "7.35%", "2006-03-31": "7.03%", "2005-12-31": "6.87%"}, "net profit margin": {"2020-09-30": "4.85%", "2020-06-30": "4.51%", "2020-03-31": "4.56%", "2019-12-31": "4.72%", "2019-09-30": "5.22%", "2019-06-30": "5.12%", "2019-03-31": "5.01%", "2018-12-31": "4.90%", "2018-09-30": "5.02%", "2018-06-30": "4.80%", "2018-03-31": "4.53%", "2017-12-31": "4.42%", "2017-09-30": "4.15%", "2017-06-30": "4.09%", "2017-03-31": "3.94%", "2016-12-31": "3.96%", "2016-09-30": "3.92%", "2016-06-30": "3.86%", "2016-03-31": "3.87%", "2015-12-31": "3.87%", "2015-09-30": "3.82%", "2015-06-30": "3.78%", "2015-03-31": "3.63%", "2014-12-31": "3.55%", "2014-09-30": "3.44%", "2014-06-30": "3.28%", "2014-03-31": "3.22%", "2013-12-31": "3.15%", "2013-09-30": "2.88%", "2013-06-30": "2.82%", "2013-03-31": "2.56%", "2012-12-31": "2.48%", "2012-09-30": "2.84%", "2012-06-30": "2.71%", "2012-03-31": "2.76%", "2011-12-31": "2.82%", "2011-09-30": "2.64%", "2011-06-30": "2.70%", "2011-03-31": "2.75%", "2010-12-31": "2.71%", "2010-09-30": "2.76%", "2010-06-30": "2.50%", "2010-03-31": "2.16%", "2009-12-31": "2.15%", "2009-09-30": "2.20%", "2009-06-30": "2.72%", "2009-03-31": "3.17%", "2008-12-31": "3.53%", "2008-09-30": "3.63%", "2008-06-30": "3.65%", "2008-03-31": "3.56%", "2007-12-31": "3.75%", "2007-09-30": "4.09%", "2007-06-30": "4.38%", "2007-03-31": "4.63%", "2006-12-31": "4.69%", "2006-09-30": "4.75%", "2006-06-30": "4.52%", "2006-03-31": "4.28%", "2005-12-31": "4.16%"}, "pe ratio": {"current": "36.37", "2021-02-05": "36.37", "2020-09-30": "34.45", "2020-06-30": "28.43", "2020-03-31": "24.44", "2019-12-31": "26.92", "2019-09-30": "24.66", "2019-06-30": "23.93", "2019-03-31": "20.73", "2018-12-31": "19.88", "2018-09-30": "24.58", "2018-06-30": "25.53", "2018-03-31": "27.13", "2017-12-31": "26.10", "2017-09-30": "26.25", "2017-06-30": "25.11", "2017-03-31": "24.28", "2016-12-31": "24.93", "2016-09-30": "23.82", "2016-06-30": "24.32", "2016-03-31": "23.00", "2015-12-31": "20.08", "2015-09-30": "20.45", "2015-06-30": "21.60", "2015-03-31": "23.03", "2014-12-31": "20.24", "2014-09-30": "16.93", "2014-06-30": "21.30", "2014-03-31": "21.28", "2013-12-31": "20.87", "2013-09-30": "23.30", "2013-06-30": "21.57", "2013-03-31": "24.13", "2012-12-31": "22.71", "2012-09-30": "18.89", "2012-06-30": "19.36", "2012-03-31": "19.68", "2011-12-31": "17.42", "2011-09-30": "13.84", "2011-06-30": "18.61", "2011-03-31": "19.00", "2010-12-31": "17.81", "2010-09-30": "16.24", "2010-06-30": "19.28", "2010-03-31": "25.15", "2009-12-31": "23.61", "2009-09-30": "27.53", "2009-06-30": "21.72", "2009-03-31": "11.88", "2008-12-31": "11.29", "2008-09-30": "13.88", "2008-06-30": "11.13", "2008-03-31": "11.50", "2007-12-31": "9.62", "2007-09-30": "11.22", "2007-06-30": "12.34", "2007-03-31": "10.67", "2006-12-31": "9.54"}, "price sales": {"2021-02-05": "1.71", "2020-09-30": "1.62", "2020-06-30": "1.25", "2020-03-31": "1.09", "2019-12-31": "1.25", "2019-09-30": "1.18", "2019-06-30": "1.15", "2019-03-31": "1.00", "2018-12-31": "0.97", "2018-09-30": "1.22", "2018-06-30": "1.21", "2018-03-31": "1.22", "2017-12-31": "1.14", "2017-09-30": "1.08", "2017-06-30": "1.02", "2017-03-31": "0.96", "2016-12-31": "0.99", "2016-09-30": "0.93", "2016-06-30": "0.94", "2016-03-31": "0.89", "2015-12-31": "0.78", "2015-09-30": "0.78", "2015-06-30": "0.82", "2015-03-31": "0.84", "2014-12-31": "0.72", "2014-09-30": "0.58", "2014-06-30": "0.70", "2014-03-31": "0.68", "2013-12-31": "0.66", "2013-09-30": "0.66", "2013-06-30": "0.59", "2013-03-31": "0.61", "2012-12-31": "0.55", "2012-09-30": "0.53", "2012-06-30": "0.52", "2012-03-31": "0.54", "2011-12-31": "0.49", "2011-09-30": "0.37", "2011-06-30": "0.51", "2011-03-31": "0.52", "2010-12-31": "0.47", "2010-09-30": "0.42", "2010-06-30": "0.44", "2010-03-31": "0.51", "2009-12-31": "0.47", "2009-09-30": "0.57", "2009-06-30": "0.58", "2009-03-31": "0.37", "2008-12-31": "0.39", "2008-09-30": "0.49", "2008-06-30": "0.40", "2008-03-31": "0.40", "2007-12-31": "0.36", "2007-09-30": "0.45", "2007-06-30": "0.53", "2007-03-31": "0.49", "2006-12-31": "0.44"}, "price book": {"current": "5.14", "2021-02-05": "5.15", "2020-09-30": "4.88", "2020-06-30": "3.84", "2020-03-31": "3.48", "2019-12-31": "4.33", "2019-09-30": "3.48", "2019-06-30": "3.57", "2019-03-31": "3.13", "2018-12-31": "3.37", "2018-09-30": "3.65", "2018-06-30": "3.75", "2018-03-31": "3.91", "2017-12-31": "4.10", "2017-09-30": "3.81", "2017-06-30": "3.76", "2017-03-31": "3.67", "2016-12-31": "3.62", "2016-09-30": "3.28", "2016-06-30": "3.33", "2016-03-31": "3.31", "2015-12-31": "2.88", "2015-09-30": "2.85", "2015-06-30": "3.04", "2015-03-31": "3.25", "2014-12-31": "2.71", "2014-09-30": "2.15", "2014-06-30": "2.45", "2014-03-31": "2.49", "2013-12-31": "2.37", "2013-09-30": "2.26", "2013-06-30": "2.13", "2013-03-31": "2.24", "2012-12-31": "2.00", "2012-09-30": "1.58", "2012-06-30": "1.51", "2012-03-31": "1.85", "2011-12-31": "1.56", "2011-09-30": "1.24", "2011-06-30": "1.63", "2011-03-31": "1.80", "2010-12-31": "1.53", "2010-09-30": "1.33", "2010-06-30": "1.39", "2010-03-31": "1.40", "2009-12-31": "1.18", "2009-09-30": "1.27", "2009-06-30": "1.79", "2009-03-31": "1.25", "2008-12-31": "1.22", "2008-09-30": "1.56", "2008-06-30": "1.31", "2008-03-31": "1.32", "2007-12-31": "1.12", "2007-09-30": "1.41", "2007-06-30": "1.70", "2007-03-31": "1.67", "2006-12-31": "1.52", "2006-09-30": "1.49", "2006-06-30": "2.03", "2006-03-31": "2.47"}, "price fcf": {"2021-02-05": "", "2020-09-30": "$14.15", "2020-06-30": "$14.71", "2020-03-31": "$8.88", "2019-12-31": "$9.21", "2019-09-30": "$8.12", "2019-06-30": "$7.01", "2019-03-31": "$7.20", "2018-12-31": "$4.47", "2018-09-30": "$5.09", "2018-06-30": "$7.22", "2018-03-31": "$6.55", "2017-12-31": "$8.79", "2017-09-30": "$8.46", "2017-06-30": "$6.95", "2017-03-31": "$7.04", "2016-12-31": "$7.32", "2016-09-30": "$7.92", "2016-06-30": "$10.00", "2016-03-31": "$7.97", "2015-12-31": "$6.15", "2015-09-30": "$5.33", "2015-06-30": "$3.36", "2015-03-31": "$2.56", "2014-12-31": "$3.89", "2014-09-30": "$3.98", "2014-06-30": "$4.63", "2014-03-31": "$5.57", "2013-12-31": "$4.22", "2013-09-30": "$4.61", "2013-06-30": "$4.58", "2013-03-31": "$4.27", "2012-12-31": "$5.09", "2012-09-30": "$5.49", "2012-06-30": "$1.03", "2012-03-31": "$3.27", "2011-12-31": "$1.57", "2011-09-30": "$-0.45", "2011-06-30": "$1.44", "2011-03-31": "$3.45", "2010-12-31": "$4.79", "2010-09-30": "$4.81", "2010-06-30": "$3.74", "2010-03-31": "$2.26", "2009-12-31": "$2.90", "2009-09-30": "$3.94", "2009-06-30": "$3.34", "2009-03-31": "$3.77", "2008-12-31": "$4.06", "2008-09-30": "$3.84", "2008-06-30": "$4.58", "2008-03-31": "$4.31", "2007-12-31": "$3.77", "2007-09-30": "$3.94", "2007-06-30": "$3.79", "2007-03-31": "$3.48", "2006-12-31": "$2.12"}, "net worth": {"value": "$9.32B"}, "current ratio": {"current": "2.70", "2020-09-30": "2.70", "2020-06-30": "2.55", "2020-03-31": "3.06", "2019-12-31": "3.35", "2019-09-30": "3.12", "2019-06-30": "2.92", "2019-03-31": "3.17", "2018-12-31": "4.03", "2018-09-30": "2.95", "2018-06-30": "3.10", "2018-03-31": "3.63", "2017-12-31": "3.21", "2017-09-30": "3.13", "2017-06-30": "3.42", "2017-03-31": "3.43", "2016-12-31": "3.94", "2016-09-30": "3.77", "2016-06-30": "3.46", "2016-03-31": "3.63", "2015-12-31": "4.37", "2015-09-30": "3.97", "2015-06-30": "3.88", "2015-03-31": "3.58", "2014-12-31": "4.03", "2014-09-30": "3.73", "2014-06-30": "3.49", "2014-03-31": "3.23", "2013-12-31": "4.19", "2013-09-30": "3.73", "2013-06-30": "3.49", "2013-03-31": "3.45", "2012-12-31": "3.60", "2012-09-30": "3.48", "2012-06-30": "3.25", "2012-03-31": "2.96", "2011-12-31": "3.71", "2011-09-30": "2.59", "2011-06-30": "2.43", "2011-03-31": "2.94", "2010-12-31": "3.15", "2010-09-30": "2.79", "2010-06-30": "2.27", "2010-03-31": "3.27", "2009-12-31": "3.37", "2009-09-30": "3.00", "2009-06-30": "3.28", "2009-03-31": "4.06", "2008-12-31": "4.24", "2008-09-30": "3.70", "2008-06-30": "2.45", "2008-03-31": "3.16", "2007-12-31": "3.78", "2007-09-30": "3.63", "2007-06-30": "3.13", "2007-03-31": "2.88", "2006-12-31": "3.36", "2006-09-30": "3.43", "2006-06-30": "2.74", "2006-03-31": "2.96", "2005-12-31": "2.76", "2005-09-30": "2.71", "2005-06-30": "2.74", "2005-03-31": "3.26"}, "quick ratio": {"2020-09-30": "1.25", "2020-06-30": "1.22", "2020-03-31": "1.24", "2019-12-31": "1.36", "2019-09-30": "1.33", "2019-06-30": "1.25", "2019-03-31": "1.27", "2018-12-31": "1.69", "2018-09-30": "1.36", "2018-06-30": "1.43", "2018-03-31": "1.49", "2017-12-31": "1.38", "2017-09-30": "1.42", "2017-06-30": "1.61", "2017-03-31": "1.45", "2016-12-31": "1.76", "2016-09-30": "1.70", "2016-06-30": "1.62", "2016-03-31": "1.49", "2015-12-31": "1.88", "2015-09-30": "1.70", "2015-06-30": "1.73", "2015-03-31": "1.33", "2014-12-31": "1.67", "2014-09-30": "1.59", "2014-06-30": "1.52", "2014-03-31": "1.22", "2013-12-31": "1.80", "2013-09-30": "1.66", "2013-06-30": "1.57", "2013-03-31": "1.36", "2012-12-31": "1.66", "2012-09-30": "1.59", "2012-06-30": "1.48", "2012-03-31": "1.23", "2011-12-31": "1.63", "2011-09-30": "1.18", "2011-06-30": "1.06", "2011-03-31": "1.18", "2010-12-31": "1.68", "2010-09-30": "1.40", "2010-06-30": "1.10", "2010-03-31": "1.42", "2009-12-31": "1.54", "2009-09-30": "1.42", "2009-06-30": "1.54", "2009-03-31": "1.74", "2008-12-31": "1.91", "2008-09-30": "1.51", "2008-06-30": "1.03", "2008-03-31": "1.24", "2007-12-31": "1.55", "2007-09-30": "1.54", "2007-06-30": "1.40", "2007-03-31": "1.17", "2006-12-31": "1.48", "2006-09-30": "1.42", "2006-06-30": "1.16", "2006-03-31": "1.15", "2005-12-31": "1.27", "2005-09-30": "1.34", "2005-06-30": "1.28", "2005-03-31": "1.39"}, "debt equity ratio": {"current": "0.00", "2020-09-30": "0.46", "2020-06-30": "0.52", "2020-03-31": "0.53", "2019-12-31": "0.49", "2019-09-30": "0.54", "2019-06-30": "0.61", "2019-03-31": "0.50", "2018-12-31": "0.35", "2018-09-30": "0.34", "2018-06-30": "0.45", "2018-03-31": "0.34", "2017-12-31": "0.32", "2017-09-30": "0.61", "2017-06-30": "0.68", "2017-03-31": "0.60", "2016-12-31": "0.50", "2016-09-30": "0.50", "2016-06-30": "0.59", "2016-03-31": "0.54", "2015-12-31": "0.49", "2015-09-30": "0.58", "2015-06-30": "0.74", "2015-03-31": "0.68", "2014-12-31": "0.58", "2014-09-30": "0.67", "2014-06-30": "0.68", "2014-03-31": "0.58", "2013-12-31": "0.48", "2013-09-30": "0.57", "2013-06-30": "0.76", "2013-03-31": "0.67", "2012-12-31": "0.65", "2012-09-30": "0.47", "2012-06-30": "0.54", "2012-03-31": "0.35", "2011-12-31": "0.27", "2011-09-30": "0.42", "2011-06-30": "0.56", "2011-03-31": "0.38", "2010-12-31": "0.33", "2010-09-30": "0.41", "2010-06-30": "0.54", "2010-03-31": "0.36", "2009-12-31": "0.30", "2009-09-30": "0.40", "2009-06-30": "0.34", "2009-03-31": "0.27", "2008-12-31": "0.26", "2008-09-30": "0.36", "2008-06-30": "0.49", "2008-03-31": "0.39", "2007-12-31": "0.36", "2007-09-30": "0.48", "2007-06-30": "0.42", "2007-03-31": "0.45", "2006-12-31": "0.38", "2006-09-30": "0.45", "2006-06-30": "0.59", "2006-03-31": "0.48", "2005-12-31": "0.51", "2005-09-30": "0.53", "2005-06-30": "0.51", "2005-03-31": "0.46"}, "return on equity": {"2020-09-30": "13.88%", "2020-06-30": "12.66%", "2020-03-31": "13.03%", "2019-12-31": "13.43%", "2019-09-30": "14.88%", "2019-06-30": "14.47%", "2019-03-31": "14.11%", "2018-12-31": "13.90%", "2018-09-30": "14.27%", "2018-06-30": "14.18%", "2018-03-31": "13.93%", "2017-12-31": "14.30%", "2017-09-30": "14.04%", "2017-06-30": "13.95%", "2017-03-31": "13.26%", "2016-12-31": "13.22%", "2016-09-30": "13.19%", "2016-06-30": "13.01%", "2016-03-31": "13.31%", "2015-12-31": "13.41%", "2015-09-30": "13.36%", "2015-06-30": "13.34%", "2015-03-31": "12.66%", "2014-12-31": "12.21%", "2014-09-30": "11.70%", "2014-06-30": "10.96%", "2014-03-31": "10.84%", "2013-12-31": "10.71%", "2013-09-30": "9.85%", "2013-06-30": "9.34%", "2013-03-31": "7.99%", "2012-12-31": "7.60%", "2012-09-30": "8.44%", "2012-06-30": "8.20%", "2012-03-31": "8.53%", "2011-12-31": "8.66%", "2011-09-30": "8.30%", "2011-06-30": "8.36%", "2011-03-31": "8.59%", "2010-12-31": "8.38%", "2010-09-30": "8.35%", "2010-06-30": "7.43%", "2010-03-31": "5.90%", "2009-12-31": "5.87%", "2009-09-30": "5.99%", "2009-06-30": "7.18%", "2009-03-31": "8.94%", "2008-12-31": "10.58%", "2008-09-30": "11.39%", "2008-06-30": "11.84%", "2008-03-31": "11.43%", "2007-12-31": "12.15%", "2007-09-30": "13.28%", "2007-06-30": "14.38%", "2007-03-31": "15.97%", "2006-12-31": "16.72%", "2006-09-30": "17.70%", "2006-06-30": "17.09%", "2006-03-31": "16.01%", "2005-12-31": "15.57%"}, "return on assets": {"2020-09-30": "9.25%", "2020-06-30": "8.33%", "2020-03-31": "8.45%", "2019-12-31": "8.75%", "2019-09-30": "9.91%", "2019-06-30": "9.98%", "2019-03-31": "10.00%", "2018-12-31": "10.14%", "2018-09-30": "10.46%", "2018-06-30": "9.96%", "2018-03-31": "9.45%", "2017-12-31": "9.27%", "2017-09-30": "8.78%", "2017-06-30": "8.89%", "2017-03-31": "8.58%", "2016-12-31": "8.64%", "2016-09-30": "8.64%", "2016-06-30": "8.41%", "2016-03-31": "8.41%", "2015-12-31": "8.29%", "2015-09-30": "8.13%", "2015-06-30": "8.00%", "2015-03-31": "7.65%", "2014-12-31": "7.50%", "2014-09-30": "7.30%", "2014-06-30": "6.95%", "2014-03-31": "6.80%", "2013-12-31": "6.62%", "2013-09-30": "5.94%", "2013-06-30": "5.73%", "2013-03-31": "5.07%", "2012-12-31": "5.05%", "2012-09-30": "5.96%", "2012-06-30": "5.85%", "2012-03-31": "6.11%", "2011-12-31": "6.16%", "2011-09-30": "5.83%", "2011-06-30": "5.88%", "2011-03-31": "6.07%", "2010-12-31": "5.94%", "2010-09-30": "5.95%", "2010-06-30": "5.31%", "2010-03-31": "4.37%", "2009-12-31": "4.41%", "2009-09-30": "4.52%", "2009-06-30": "5.50%", "2009-03-31": "6.65%", "2008-12-31": "7.70%", "2008-09-30": "8.13%", "2008-06-30": "8.28%", "2008-03-31": "8.10%", "2007-12-31": "8.51%", "2007-09-30": "9.27%", "2007-06-30": "10.10%", "2007-03-31": "10.91%", "2006-12-31": "11.37%", "2006-09-30": "11.76%", "2006-06-30": "11.20%", "2006-03-31": "10.61%", "2005-12-31": "10.35%"}, "return on investments": {"2020-09-30": "20.99%", "2020-06-30": "18.95%", "2020-03-31": "19.01%", "2019-12-31": "19.81%", "2019-09-30": "20.57%", "2019-06-30": "21.17%", "2019-03-31": "21.68%", "2018-12-31": "21.94%", "2018-09-30": "22.60%", "2018-06-30": "22.27%", "2018-03-31": "22.06%", "2017-12-31": "22.27%", "2017-09-30": "22.39%", "2017-06-30": "23.04%", "2017-03-31": "22.77%", "2016-12-31": "23.02%", "2016-09-30": "22.89%", "2016-06-30": "22.35%", "2016-03-31": "22.50%", "2015-12-31": "22.21%", "2015-09-30": "22.13%", "2015-06-30": "21.86%", "2015-03-31": "21.39%", "2014-12-31": "21.04%", "2014-09-30": "20.49%", "2014-06-30": "19.96%", "2014-03-31": "19.56%", "2013-12-31": "19.21%", "2013-09-30": "18.78%", "2013-06-30": "18.19%", "2013-03-31": "16.91%", "2012-12-31": "21.29%", "2012-09-30": "31.14%", "2012-06-30": "34.38%", "2012-03-31": "39.65%", "2011-12-31": "26.96%", "2011-09-30": "19.35%", "2011-06-30": "18.58%", "2011-03-31": "18.53%", "2010-12-31": "17.60%", "2010-09-30": "17.00%", "2010-06-30": "14.59%", "2010-03-31": "10.77%", "2009-12-31": "10.56%", "2009-09-30": "10.47%", "2009-06-30": "11.35%", "2009-03-31": "14.03%", "2008-12-31": "16.49%", "2008-09-30": "17.39%", "2008-06-30": "17.85%", "2008-03-31": "17.65%", "2007-12-31": "18.80%", "2007-09-30": "20.47%", "2007-06-30": "22.22%", "2007-03-31": "23.76%", "2006-12-31": "24.80%", "2006-09-30": "26.40%", "2006-06-30": "25.86%", "2006-03-31": "24.74%", "2005-12-31": "24.02%"}, "return on tangible equity": {"2020-09-30": "20.74%", "2020-06-30": "19.01%", "2020-03-31": "19.64%", "2019-12-31": "20.25%", "2019-09-30": "22.41%", "2019-06-30": "21.81%", "2019-03-31": "21.22%", "2018-12-31": "20.98%", "2018-09-30": "21.63%", "2018-06-30": "22.10%", "2018-03-31": "22.46%", "2017-12-31": "23.99%", "2017-09-30": "24.48%", "2017-06-30": "24.40%", "2017-03-31": "23.26%", "2016-12-31": "23.23%", "2016-09-30": "23.35%", "2016-06-30": "23.36%", "2016-03-31": "24.33%", "2015-12-31": "25.03%", "2015-09-30": "25.64%", "2015-06-30": "26.42%", "2015-03-31": "25.48%", "2014-12-31": "24.89%", "2014-09-30": "24.11%", "2014-06-30": "22.73%", "2014-03-31": "23.11%", "2013-12-31": "23.66%", "2013-09-30": "22.69%", "2013-06-30": "21.15%", "2013-03-31": "17.43%", "2012-12-31": "15.13%", "2012-09-30": "15.35%", "2012-06-30": "14.18%", "2012-03-31": "14.11%", "2011-12-31": "14.37%", "2011-09-30": "13.74%", "2011-06-30": "13.81%", "2011-03-31": "14.12%", "2010-12-31": "13.82%", "2010-09-30": "13.86%", "2010-06-30": "12.01%", "2010-03-31": "9.48%", "2009-12-31": "9.34%", "2009-09-30": "9.46%", "2009-06-30": "11.76%", "2009-03-31": "14.66%", "2008-12-31": "17.38%", "2008-09-30": "18.63%", "2008-06-30": "19.56%", "2008-03-31": "18.23%", "2007-12-31": "18.80%", "2007-09-30": "19.86%", "2007-06-30": "20.85%", "2007-03-31": "23.46%", "2006-12-31": "24.83%", "2006-09-30": "26.77%", "2006-06-30": "26.23%", "2006-03-31": "24.91%", "2005-12-31": "24.62%"}, "dividend yield history": {"last payout": "$7.10", "last yield": "2.93%"}}