{"ticker": "W", "price": {"title": "Wayfair Historical Annual Stock Price Data", "value": 289.3, "historical": {"2020": {"Average Stock Price": "192.3728", "Year Open": "93.1400", "Year High": "342.4000", "Year Low": "23.5200", "Year Close": "225.8100", "Annual % Change": "149.87%"}, "2019": {"Average Stock Price": "125.3649", "Year Open": "90.4700", "Year High": "171.5700", "Year Low": "79.8700", "Year Close": "90.3700", "Annual % Change": "0.32%"}, "2018": {"Average Stock Price": "100.8869", "Year Open": "81.0200", "Year High": "149.9200", "Year Low": "62.3000", "Year Close": "90.0800", "Annual % Change": "12.22%"}, "2017": {"Average Stock Price": "60.9084", "Year Open": "35.1800", "Year High": "83.7700", "Year Low": "35.1800", "Year Close": "80.2700", "Annual % Change": "129.02%"}, "2016": {"Average Stock Price": "39.4067", "Year Open": "44.1900", "Year High": "48.2500", "Year Low": "31.8900", "Year Close": "35.0500", "Annual % Change": "-26.40%"}, "2015": {"Average Stock Price": "34.5971", "Year Open": "20.7800", "Year High": "53.5800", "Year Low": "19.1200", "Year Close": "47.6200", "Annual % Change": "139.90%"}, "2014": {"Average Stock Price": "24.0068", "Year Open": "37.7200", "Year High": "37.7200", "Year Low": "18.4000", "Year Close": "19.8500", "Annual % Change": "0.00%"}}}, "market cap": {"value": "$28.77B"}, "income statement": {"Revenue": {"2019-12-31": "9127.05700", "2018-12-31": "6779.17400", "2017-12-31": "4720.89500", "2016-12-31": "3380.36000", "2015-12-31": "2249.88500", "2014-12-31": "1318.95100", "2013-12-31": "915.84300", "2012-12-31": "601.02800"}, "Cost Of Goods Sold": {"2019-12-31": "6979.72500", "2018-12-31": "5192.45100", "2017-12-31": "3602.07200", "2016-12-31": "2572.54900", "2015-12-31": "1709.16100", "2014-12-31": "1007.85300", "2013-12-31": "691.60200", "2012-12-31": "455.87900"}, "Gross Profit": {"2019-12-31": "2147.33200", "2018-12-31": "1586.72300", "2017-12-31": "1118.82300", "2016-12-31": "807.81100", "2015-12-31": "540.72400", "2014-12-31": "311.09800", "2013-12-31": "224.24100", "2012-12-31": "145.14900"}, "Research And Development Expenses": {"2019-12-31": "", "2018-12-31": "", "2017-12-31": "", "2016-12-31": "", "2015-12-31": "", "2014-12-31": "", "2013-12-31": "", "2012-12-31": ""}, "SG&A Expenses": {"2019-12-31": "2720.54600", "2018-12-31": "1799.95600", "2017-12-31": "1184.76000", "2016-12-31": "876.14500", "2015-12-31": "540.84400", "2014-12-31": "403.07800", "2013-12-31": "204.22100", "2012-12-31": "140.60100"}, "Other Operating Income Or Expenses": {"2019-12-31": "-356.72700", "2018-12-31": "-260.04600", "2017-12-31": "-169.51600", "2016-12-31": "-127.88300", "2015-12-31": "-81.23000", "2014-12-31": "-55.80400", "2013-12-31": "-35.50000", "2012-12-31": "-25.73000"}, "Operating Expenses": {"2019-12-31": "10057.00000", "2018-12-31": "7252.45300", "2017-12-31": "4956.34800", "2016-12-31": "3576.57700", "2015-12-31": "2331.23500", "2014-12-31": "1466.73500", "2013-12-31": "931.86200", "2012-12-31": "622.42200"}, "Operating Income": {"2019-12-31": "-929.94140", "2018-12-31": "-473.27930", "2017-12-31": "-235.45310", "2016-12-31": "-196.21700", "2015-12-31": "-81.34990", "2014-12-31": "-147.78390", "2013-12-31": "-16.01900", "2012-12-31": "-21.39400"}, "Total Non-Operating Income/Expense": {"2019-12-31": "-51.63300", "2018-12-31": "-28.76400", "2017-12-31": "-8.67500", "2016-12-31": "2.45000", "2015-12-31": "4.00200", "2014-12-31": "-0.13900", "2013-12-31": "0.53900", "2012-12-31": "0.38900"}, "Pre-Tax Income": {"2019-12-31": "-981.57400", "2018-12-31": "-502.04300", "2017-12-31": "-244.12800", "2016-12-31": "-193.76700", "2015-12-31": "-77.34800", "2014-12-31": "-147.92300", "2013-12-31": "-15.48000", "2012-12-31": "-21.00500"}, "Income Taxes": {"2019-12-31": "3.01000", "2018-12-31": "2.03700", "2017-12-31": "0.48600", "2016-12-31": "0.60800", "2015-12-31": "0.09500", "2014-12-31": "0.17500", "2013-12-31": "0.04600", "2012-12-31": "0.05000"}, "Income After Taxes": {"2019-12-31": "-984.58400", "2018-12-31": "-504.08000", "2017-12-31": "-244.61400", "2016-12-31": "-194.37500", "2015-12-31": "-77.44300", "2014-12-31": "-148.09800", "2013-12-31": "-15.52600", "2012-12-31": "-21.05500"}, "Other Income": {"2019-12-31": "", "2018-12-31": "", "2017-12-31": "", "2016-12-31": "", "2015-12-31": "", "2014-12-31": "", "2013-12-31": "", "2012-12-31": ""}, "Income From Continuous Operations": {"2019-12-31": "-984.58400", "2018-12-31": "-504.08000", "2017-12-31": "-244.61400", "2016-12-31": "-194.37500", "2015-12-31": "-77.44300", "2014-12-31": "-148.09800", "2013-12-31": "-15.52600", "2012-12-31": "-21.05500"}, "Income From Discontinued Operations": {"2019-12-31": "", "2018-12-31": "", "2017-12-31": "", "2016-12-31": "", "2015-12-31": "", "2014-12-31": "", "2013-12-31": "", "2012-12-31": ""}, "Net Income": {"2019-12-31": "-984.58400", "2018-12-31": "-504.08000", "2017-12-31": "-244.61400", "2016-12-31": "-194.37500", "2015-12-31": "-77.44300", "2014-12-31": "-150.16900", "2013-12-31": "-40.91400", "2012-12-31": "-33.20900"}, "EBITDA": {"2019-12-31": "-675.41140", "2018-12-31": "-327.15230", "2017-12-31": "-142.60310", "2016-12-31": "-140.64510", "2015-12-31": "-48.90390", "2014-12-31": "-125.78090", "2013-12-31": "-2.92800", "2012-12-31": "-12.05900"}, "EBIT": {"2019-12-31": "-929.94140", "2018-12-31": "-473.27930", "2017-12-31": "-235.45310", "2016-12-31": "-196.21700", "2015-12-31": "-81.34990", "2014-12-31": "-147.78390", "2013-12-31": "-16.01900", "2012-12-31": "-21.39400"}, "Basic Shares Outstanding": {"2019-12-31": "92.20000", "2018-12-31": "89.47200", "2017-12-31": "86.98300", "2016-12-31": "84.97700", "2015-12-31": "83.72600", "2014-12-31": "50.64200", "2013-12-31": "41.33200", "2012-12-31": "41.27200"}, "Shares Outstanding": {"2019-12-31": "92.20000", "2018-12-31": "89.47200", "2017-12-31": "86.98300", "2016-12-31": "84.97700", "2015-12-31": "83.72600", "2014-12-31": "50.64200", "2013-12-31": "41.33200", "2012-12-31": "41.27200"}, "Basic EPS": {"2019-12-31": "-10.68000", "2018-12-31": "-5.63000", "2017-12-31": "-2.81000", "2016-12-31": "-2.29000", "2015-12-31": "-0.92000", "2014-12-31": "-2.97000", "2013-12-31": "-0.99000", "2012-12-31": "-0.80000"}, "EPS - Earnings Per Share": {"2019-12-31": "-10.68000", "2018-12-31": "-5.63000", "2017-12-31": "-2.81000", "2016-12-31": "-2.29000", "2015-12-31": "-0.92000", "2014-12-31": "-2.97000", "2013-12-31": "-0.99000", "2012-12-31": "-0.80000"}}, "income statement, quarterly": {"Revenue": {"2020-09-30": "3839.57000", "2020-06-30": "4304.67200", "2020-03-31": "2330.06300", "2019-12-31": "2533.48900", "2019-09-30": "2305.48700", "2019-06-30": "2343.25100", "2019-03-31": "1944.82900", "2018-12-31": "2014.00400", "2018-09-30": "1705.64500", "2018-06-30": "1655.25600", "2018-03-31": "1404.26900", "2017-12-31": "1439.01600", "2017-09-30": "1198.19800", "2017-06-30": "1122.85600", "2017-03-31": "960.82500", "2016-12-31": "984.55900", "2016-09-30": "861.52500", "2016-06-30": "786.92800", "2016-03-31": "747.34800", "2015-12-31": "739.79020", "2015-09-30": "593.97200", "2015-06-30": "491.75200", "2015-03-31": "424.37100", "2014-12-31": "408.61900", "2014-09-30": "336.18800", "2014-06-30": "295.43700", "2014-03-31": "278.70700", "2013-12-31": "", "2013-09-30": "237.30200", "2013-06-30": "", "2012-12-31": ""}, "Cost Of Goods Sold": {"2020-09-30": "2692.14200", "2020-06-30": "2983.64200", "2020-03-31": "1750.94000", "2019-12-31": "1956.13500", "2019-09-30": "1765.56600", "2019-06-30": "1783.65100", "2019-03-31": "1474.37300", "2018-12-31": "1528.88200", "2018-09-30": "1312.87500", "2018-06-30": "1270.24900", "2018-03-31": "1080.44500", "2017-12-31": "1106.85100", "2017-09-30": "917.88900", "2017-06-30": "853.39000", "2017-03-31": "723.94200", "2016-12-31": "745.97900", "2016-09-30": "659.86400", "2016-06-30": "598.41400", "2016-03-31": "568.29200", "2015-12-31": "564.08800", "2015-09-30": "452.58600", "2015-06-30": "370.95100", "2015-03-31": "321.53600", "2014-12-31": "310.20900", "2014-09-30": "257.16100", "2014-06-30": "226.98300", "2014-03-31": "213.50000", "2013-12-31": "", "2013-09-30": "178.65600", "2013-06-30": "", "2012-12-31": ""}, "Gross Profit": {"2020-09-30": "1147.42800", "2020-06-30": "1321.03000", "2020-03-31": "579.12300", "2019-12-31": "577.35400", "2019-09-30": "539.92100", "2019-06-30": "559.60000", "2019-03-31": "470.45590", "2018-12-31": "485.12170", "2018-09-30": "392.77000", "2018-06-30": "385.00700", "2018-03-31": "323.82410", "2017-12-31": "332.16500", "2017-09-30": "280.30900", "2017-06-30": "269.46590", "2017-03-31": "236.88300", "2016-12-31": "238.58000", "2016-09-30": "201.66100", "2016-06-30": "188.51400", "2016-03-31": "179.05600", "2015-12-31": "175.70220", "2015-09-30": "141.38600", "2015-06-30": "120.80100", "2015-03-31": "102.83500", "2014-12-31": "98.41010", "2014-09-30": "79.02700", "2014-06-30": "68.45400", "2014-03-31": "65.20700", "2013-12-31": "", "2013-09-30": "58.64600", "2013-06-30": "", "2012-12-31": ""}, "Research And Development Expenses": {"2020-09-30": "", "2020-06-30": "", "2020-03-31": "", "2019-12-31": "", "2019-09-30": "", "2019-06-30": "", "2019-03-31": "", "2018-12-31": "", "2018-09-30": "", "2018-06-30": "", "2018-03-31": "", "2017-12-31": "", "2017-09-30": "", "2017-06-30": "", "2017-03-31": "", "2016-12-31": "", "2016-09-30": "", "2016-06-30": "", "2016-03-31": "", "2015-12-31": "", "2015-09-30": "", "2015-06-30": "", "2015-03-31": "", "2014-12-31": "", "2014-09-30": "", "2014-06-30": "", "2014-03-31": "", "2013-12-31": "", "2013-09-30": "", "2013-06-30": "0.00000", "2012-12-31": ""}, "SG&A Expenses": {"2020-09-30": "785.98500", "2020-06-30": "877.25900", "2020-03-31": "751.72800", "2019-12-31": "782.27890", "2019-09-30": "708.37500", "2019-06-30": "642.27500", "2019-03-31": "587.61700", "2018-12-31": "537.02100", "2018-09-30": "471.37200", "2018-06-30": "418.55400", "2018-03-31": "373.00900", "2017-12-31": "347.51900", "2017-09-30": "311.31700", "2017-06-30": "267.89300", "2017-03-31": "258.03100", "2016-12-31": "245.74100", "2016-09-30": "229.40900", "2016-06-30": "207.18000", "2016-03-31": "193.81500", "2015-12-31": "165.88300", "2015-09-30": "138.91400", "2015-06-30": "121.94400", "2015-03-31": "114.10300", "2014-12-31": "153.17400", "2014-09-30": "88.40300", "2014-06-30": "79.35700", "2014-03-31": "82.14400", "2013-12-31": "", "2013-09-30": "62.13200", "2013-06-30": "", "2012-12-31": ""}, "Other Operating Income Or Expenses": {"2020-09-30": "-139.58900", "2020-06-30": "-143.77300", "2020-03-31": "-89.46300", "2019-12-31": "-100.49700", "2019-09-30": "-91.25500", "2019-06-30": "-88.50200", "2019-03-31": "-76.47300", "2018-12-31": "-77.70600", "2018-09-30": "-66.66400", "2018-06-30": "-61.79200", "2018-03-31": "-53.88400", "2017-12-31": "-52.38400", "2017-09-30": "-42.94900", "2017-06-30": "-39.12500", "2017-03-31": "-35.05800", "2016-12-31": "-36.59700", "2016-09-30": "-33.87200", "2016-06-30": "-30.06400", "2016-03-31": "-27.35000", "2015-12-31": "-25.81300", "2015-09-30": "-21.10900", "2015-06-30": "-18.33000", "2015-03-31": "-15.97800", "2014-12-31": "-18.48300", "2014-09-30": "-14.23900", "2014-06-30": "-12.11300", "2014-03-31": "-10.96900", "2013-12-31": "", "2013-09-30": "", "2013-06-30": "", "2012-12-31": ""}, "Operating Expenses": {"2020-09-30": "3617.71600", "2020-06-30": "4004.67400", "2020-03-31": "2592.13100", "2019-12-31": "2838.91100", "2019-09-30": "2565.19600", "2019-06-30": "2514.42800", "2019-03-31": "2138.46300", "2018-12-31": "2143.60900", "2018-09-30": "1850.91100", "2018-06-30": "1750.59500", "2018-03-31": "1507.33800", "2017-12-31": "1506.75400", "2017-09-30": "1272.15500", "2017-06-30": "1160.40800", "2017-03-31": "1017.03100", "2016-12-31": "1028.31700", "2016-09-30": "923.14500", "2016-06-30": "835.65800", "2016-03-31": "789.45700", "2015-12-31": "755.78390", "2015-09-30": "612.60900", "2015-06-30": "511.22500", "2015-03-31": "451.61700", "2014-12-31": "481.11800", "2014-09-30": "360.05200", "2014-06-30": "318.70300", "2014-03-31": "306.86200", "2013-12-31": "", "2013-09-30": "240.97200", "2013-06-30": "", "2012-12-31": ""}, "Operating Income": {"2020-09-30": "221.85400", "2020-06-30": "299.99780", "2020-03-31": "-262.06790", "2019-12-31": "-305.42190", "2019-09-30": "-259.70870", "2019-06-30": "-171.17700", "2019-03-31": "-193.63390", "2018-12-31": "-129.60500", "2018-09-30": "-145.26610", "2018-06-30": "-95.33900", "2018-03-31": "-103.06900", "2017-12-31": "-67.73800", "2017-09-30": "-73.95700", "2017-06-30": "-37.55200", "2017-03-31": "-56.20600", "2016-12-31": "-43.75820", "2016-09-30": "-61.62000", "2016-06-30": "-48.73000", "2016-03-31": "-42.10900", "2015-12-31": "-15.99370", "2015-09-30": "-18.63700", "2015-06-30": "-19.47300", "2015-03-31": "-27.24600", "2014-12-31": "-72.49890", "2014-09-30": "-23.86400", "2014-06-30": "-23.26600", "2014-03-31": "-28.15500", "2013-12-31": "", "2013-09-30": "-3.67000", "2013-06-30": "", "2012-12-31": ""}, "Total Non-Operating Income/Expense": {"2020-09-30": "-49.89900", "2020-06-30": "-25.82900", "2020-03-31": "-22.46400", "2019-12-31": "-23.29300", "2019-09-30": "-12.25000", "2019-06-30": "-9.93000", "2019-03-31": "-6.16000", "2018-12-31": "-13.15600", "2018-09-30": "-6.01200", "2018-06-30": "-5.13000", "2018-03-31": "-4.46600", "2017-12-31": "-5.21800", "2017-09-30": "-2.23500", "2017-06-30": "-1.09900", "2017-03-31": "-0.12300", "2016-12-31": "-0.14500", "2016-09-30": "0.59700", "2016-06-30": "0.77700", "2016-03-31": "1.22100", "2015-12-31": "0.56300", "2015-09-30": "3.07100", "2015-06-30": "0.21200", "2015-03-31": "0.15600", "2014-12-31": "0.04400", "2014-09-30": "-0.22000", "2014-06-30": "-0.10700", "2014-03-31": "0.14400", "2013-12-31": "", "2013-09-30": "0.64000", "2013-06-30": "", "2012-12-31": ""}, "Pre-Tax Income": {"2020-09-30": "171.95500", "2020-06-30": "274.16900", "2020-03-31": "-284.53200", "2019-12-31": "-328.71400", "2019-09-30": "-271.95900", "2019-06-30": "-181.10700", "2019-03-31": "-199.79400", "2018-12-31": "-142.76100", "2018-09-30": "-151.27800", "2018-06-30": "-100.46900", "2018-03-31": "-107.53500", "2017-12-31": "-72.95600", "2017-09-30": "-76.19200", "2017-06-30": "-38.65100", "2017-03-31": "-56.32900", "2016-12-31": "-43.90300", "2016-09-30": "-61.02300", "2016-06-30": "-47.95300", "2016-03-31": "-40.88800", "2015-12-31": "-15.43100", "2015-09-30": "-15.56600", "2015-06-30": "-19.26100", "2015-03-31": "-27.09000", "2014-12-31": "-72.45500", "2014-09-30": "-24.08400", "2014-06-30": "-23.37300", "2014-03-31": "-28.01100", "2013-12-31": "", "2013-09-30": "-3.03000", "2013-06-30": "0.00000", "2012-12-31": ""}, "Income Taxes": {"2020-09-30": "-1.21100", "2020-06-30": "0.29200", "2020-03-31": "1.33300", "2019-12-31": "1.50800", "2019-09-30": "0.07600", "2019-06-30": "0.83100", "2019-03-31": "0.59500", "2018-12-31": "1.08400", "2018-09-30": "0.44800", "2018-06-30": "0.26500", "2018-03-31": "0.24000", "2017-12-31": "-0.18500", "2017-09-30": "0.23700", "2017-06-30": "0.22400", "2017-03-31": "0.21000", "2016-12-31": "0.05300", "2016-09-30": "-0.08300", "2016-06-30": "0.32100", "2016-03-31": "0.31700", "2015-12-31": "0.06400", "2015-09-30": "-0.08800", "2015-06-30": "0.07300", "2015-03-31": "0.04600", "2014-12-31": "0.09900", "2014-09-30": "0.05900", "2014-06-30": "0.00200", "2014-03-31": "0.01500", "2013-12-31": "", "2013-09-30": "0.00100", "2013-06-30": "0.00000", "2012-12-31": ""}, "Income After Taxes": {"2020-09-30": "173.16600", "2020-06-30": "273.87700", "2020-03-31": "-285.86500", "2019-12-31": "-330.22200", "2019-09-30": "-272.03500", "2019-06-30": "-181.93800", "2019-03-31": "-200.38900", "2018-12-31": "-143.84500", "2018-09-30": "-151.72600", "2018-06-30": "-100.73400", "2018-03-31": "-107.77500", "2017-12-31": "-72.77100", "2017-09-30": "-76.42900", "2017-06-30": "-38.87500", "2017-03-31": "-56.53900", "2016-12-31": "-43.95600", "2016-09-30": "-60.94000", "2016-06-30": "-48.27400", "2016-03-31": "-41.20500", "2015-12-31": "-15.49500", "2015-09-30": "-15.47800", "2015-06-30": "-19.33400", "2015-03-31": "-27.13600", "2014-12-31": "-72.55400", "2014-09-30": "-24.14300", "2014-06-30": "-23.37500", "2014-03-31": "-28.02600", "2013-12-31": "", "2013-09-30": "-3.03100", "2013-06-30": "", "2012-12-31": ""}, "Other Income": {"2020-09-30": "", "2020-06-30": "", "2020-03-31": "", "2019-12-31": "", "2019-09-30": "", "2019-06-30": "", "2019-03-31": "", "2018-12-31": "", "2018-09-30": "", "2018-06-30": "", "2018-03-31": "", "2017-12-31": "", "2017-09-30": "", "2017-06-30": "", "2017-03-31": "", "2016-12-31": "", "2016-09-30": "", "2016-06-30": "", "2016-03-31": "", "2015-12-31": "", "2015-09-30": "", "2015-06-30": "", "2015-03-31": "", "2014-12-31": "", "2014-09-30": "", "2014-06-30": "", "2014-03-31": "", "2013-12-31": "", "2013-09-30": "", "2013-06-30": "0.00000", "2012-12-31": ""}, "Income From Continuous Operations": {"2020-09-30": "173.16600", "2020-06-30": "273.87700", "2020-03-31": "-285.86500", "2019-12-31": "-330.22200", "2019-09-30": "-272.03500", "2019-06-30": "-181.93800", "2019-03-31": "-200.38900", "2018-12-31": "-143.84500", "2018-09-30": "-151.72600", "2018-06-30": "-100.73400", "2018-03-31": "-107.77500", "2017-12-31": "-72.77100", "2017-09-30": "-76.42900", "2017-06-30": "-38.87500", "2017-03-31": "-56.53900", "2016-12-31": "-43.95600", "2016-09-30": "-60.94000", "2016-06-30": "-48.27400", "2016-03-31": "-41.20500", "2015-12-31": "-15.49500", "2015-09-30": "-15.47800", "2015-06-30": "-19.33400", "2015-03-31": "-27.13600", "2014-12-31": "-72.55400", "2014-09-30": "-24.14300", "2014-06-30": "-23.37500", "2014-03-31": "-28.02600", "2013-12-31": "", "2013-09-30": "-3.03100", "2013-06-30": "0.00000", "2012-12-31": ""}, "Income From Discontinued Operations": {"2020-09-30": "", "2020-06-30": "", "2020-03-31": "", "2019-12-31": "", "2019-09-30": "", "2019-06-30": "", "2019-03-31": "", "2018-12-31": "", "2018-09-30": "", "2018-06-30": "", "2018-03-31": "", "2017-12-31": "", "2017-09-30": "", "2017-06-30": "", "2017-03-31": "", "2016-12-31": "", "2016-09-30": "", "2016-06-30": "", "2016-03-31": "", "2015-12-31": "", "2015-09-30": "", "2015-06-30": "", "2015-03-31": "", "2014-12-31": "", "2014-09-30": "", "2014-06-30": "", "2014-03-31": "", "2013-12-31": "", "2013-09-30": "", "2013-06-30": "0.00000", "2012-12-31": ""}, "Net Income": {"2020-09-30": "173.16600", "2020-06-30": "273.87700", "2020-03-31": "-285.86500", "2019-12-31": "-330.22200", "2019-09-30": "-272.03500", "2019-06-30": "-181.93800", "2019-03-31": "-200.38900", "2018-12-31": "-143.84500", "2018-09-30": "-151.72600", "2018-06-30": "-100.73400", "2018-03-31": "-107.77500", "2017-12-31": "-72.77100", "2017-09-30": "-76.42900", "2017-06-30": "-38.87500", "2017-03-31": "-56.53900", "2016-12-31": "-43.95600", "2016-09-30": "-60.94000", "2016-06-30": "-48.27400", "2016-03-31": "-41.20500", "2015-12-31": "-15.49500", "2015-09-30": "-15.47800", "2015-06-30": "-19.33400", "2015-03-31": "-27.13600", "2014-12-31": "-58.12200", "2014-09-30": "-28.89100", "2014-06-30": "-27.98000", "2014-03-31": "-35.17600", "2013-12-31": "", "2013-09-30": "-7.70400", "2013-06-30": "", "2012-12-31": ""}, "EBITDA": {"2020-09-30": "326.16600", "2020-06-30": "396.07280", "2020-03-31": "-175.69790", "2019-12-31": "-225.80090", "2019-09-30": "-191.73670", "2019-06-30": "-116.27900", "2019-03-31": "-141.59490", "2018-12-31": "-84.60300", "2018-09-30": "-108.37610", "2018-06-30": "-61.34700", "2018-03-31": "-72.82600", "2017-12-31": "-38.35000", "2017-09-30": "-50.17000", "2017-06-30": "-18.22900", "2017-03-31": "-35.85400", "2016-12-31": "-26.71420", "2016-09-30": "-46.15700", "2016-06-30": "-36.15200", "2016-03-31": "-31.62200", "2015-12-31": "-6.89870", "2015-09-30": "-9.43000", "2015-06-30": "-12.07300", "2015-03-31": "-20.50200", "2014-12-31": "-64.93390", "2014-09-30": "-18.31700", "2014-06-30": "-18.57300", "2014-03-31": "-23.95700", "2013-12-31": "", "2013-09-30": "-0.18100", "2013-06-30": "", "2012-12-31": ""}, "EBIT": {"2020-09-30": "221.85400", "2020-06-30": "299.99780", "2020-03-31": "-262.06790", "2019-12-31": "-305.42180", "2019-09-30": "-259.70870", "2019-06-30": "-171.17700", "2019-03-31": "-193.63390", "2018-12-31": "-129.60520", "2018-09-30": "-145.26610", "2018-06-30": "-95.33900", "2018-03-31": "-103.06900", "2017-12-31": "-67.73810", "2017-09-30": "-73.95700", "2017-06-30": "-37.55200", "2017-03-31": "-56.20600", "2016-12-31": "-43.75810", "2016-09-30": "-61.62000", "2016-06-30": "-48.73000", "2016-03-31": "-42.10900", "2015-12-31": "-15.99390", "2015-09-30": "-18.63700", "2015-06-30": "-19.47300", "2015-03-31": "-27.24600", "2014-12-31": "-72.49890", "2014-09-30": "-23.86400", "2014-06-30": "-23.26600", "2014-03-31": "-28.15500", "2013-12-31": "", "2013-09-30": "-3.67000", "2013-06-30": "", "2012-12-31": ""}, "Basic Shares Outstanding": {"2020-09-30": "95.37300", "2020-06-30": "94.83400", "2020-03-31": "94.08900", "2019-12-31": "92.20000", "2019-09-30": "92.54000", "2019-06-30": "91.80200", "2019-03-31": "91.10400", "2018-12-31": "89.47200", "2018-09-30": "89.79200", "2018-06-30": "89.15800", "2018-03-31": "88.46700", "2017-12-31": "86.98300", "2017-09-30": "87.28300", "2017-06-30": "86.71400", "2017-03-31": "86.03600", "2016-12-31": "84.97700", "2016-09-30": "85.10500", "2016-06-30": "84.78600", "2016-03-31": "84.44500", "2015-12-31": "83.72600", "2015-09-30": "83.88600", "2015-06-30": "83.60300", "2015-03-31": "83.21000", "2014-12-31": "50.64200", "2014-09-30": "40.51300", "2014-06-30": "40.51500", "2014-03-31": "41.14400", "2013-12-31": "", "2013-09-30": "41.36700", "2013-06-30": "", "2012-12-31": ""}, "Shares Outstanding": {"2020-09-30": "109.20000", "2020-06-30": "119.93200", "2020-03-31": "94.08900", "2019-12-31": "92.20000", "2019-09-30": "92.54000", "2019-06-30": "91.80200", "2019-03-31": "91.10400", "2018-12-31": "89.47200", "2018-09-30": "89.79200", "2018-06-30": "89.15800", "2018-03-31": "88.46700", "2017-12-31": "86.98300", "2017-09-30": "87.28300", "2017-06-30": "86.71400", "2017-03-31": "86.03600", "2016-12-31": "84.97700", "2016-09-30": "85.10500", "2016-06-30": "84.78600", "2016-03-31": "84.44500", "2015-12-31": "83.72600", "2015-09-30": "83.88600", "2015-06-30": "83.60300", "2015-03-31": "83.21000", "2014-12-31": "50.64200", "2014-09-30": "40.51300", "2014-06-30": "40.51500", "2014-03-31": "41.14400", "2013-12-31": "", "2013-09-30": "41.36700", "2013-06-30": "", "2012-12-31": ""}, "Basic EPS": {"2020-09-30": "1.82000", "2020-06-30": "2.89000", "2020-03-31": "-3.04000", "2019-12-31": "-3.56000", "2019-09-30": "-2.94000", "2019-06-30": "-1.98000", "2019-03-31": "-2.20000", "2018-12-31": "-1.59000", "2018-09-30": "-1.69000", "2018-06-30": "-1.13000", "2018-03-31": "-1.22000", "2017-12-31": "-0.82000", "2017-09-30": "-0.88000", "2017-06-30": "-0.45000", "2017-03-31": "-0.66000", "2016-12-31": "-0.51000", "2016-09-30": "-0.72000", "2016-06-30": "-0.57000", "2016-03-31": "-0.49000", "2015-12-31": "-0.18000", "2015-09-30": "-0.18000", "2015-06-30": "-0.23000", "2015-03-31": "-0.33000", "2014-12-31": "-0.72000", "2014-09-30": "-0.71000", "2014-06-30": "-0.69000", "2014-03-31": "-0.85000", "2013-12-31": "", "2013-09-30": "-0.19000", "2013-06-30": "", "2012-12-31": ""}, "EPS - Earnings Per Share": {"2020-09-30": "1.67000", "2020-06-30": "2.54000", "2020-03-31": "-3.04000", "2019-12-31": "-3.56000", "2019-09-30": "-2.94000", "2019-06-30": "-1.98000", "2019-03-31": "-2.20000", "2018-12-31": "-1.59000", "2018-09-30": "-1.69000", "2018-06-30": "-1.13000", "2018-03-31": "-1.22000", "2017-12-31": "-0.82000", "2017-09-30": "-0.88000", "2017-06-30": "-0.45000", "2017-03-31": "-0.66000", "2016-12-31": "-0.51000", "2016-09-30": "-0.72000", "2016-06-30": "-0.57000", "2016-03-31": "-0.49000", "2015-12-31": "-0.18000", "2015-09-30": "-0.18000", "2015-06-30": "-0.23000", "2015-03-31": "-0.33000", "2014-12-31": "-0.72000", "2014-09-30": "-0.71000", "2014-06-30": "-0.69000", "2014-03-31": "-0.85000", "2013-12-31": "0.00000", "2013-09-30": "-0.19000", "2013-06-30": "0.00000", "2012-12-31": "0.00000"}}, "balance sheet": {"Cash On Hand": {"2019-12-31": "987.00500", "2018-12-31": "963.73900", "2017-12-31": "619.99200", "2016-12-31": "348.58300", "2015-12-31": "386.07100", "2014-12-31": "415.85900", "2013-12-31": "115.30800", "2012-12-31": "100.87800"}, "Receivables": {"2019-12-31": "99.72000", "2018-12-31": "50.60300", "2017-12-31": "37.94800", "2016-12-31": "19.11300", "2015-12-31": "9.90600", "2014-12-31": "5.94900", "2013-12-31": "7.68900", "2012-12-31": "15.76600"}, "Inventory": {"2019-12-31": "61.69200", "2018-12-31": "46.16400", "2017-12-31": "28.04200", "2016-12-31": "18.55000", "2015-12-31": "19.90000", "2014-12-31": "19.79800", "2013-12-31": "14.96300", "2012-12-31": "7.90900"}, "Pre-Paid Expenses": {"2019-12-31": "228.72100", "2018-12-31": "195.43000", "2017-12-31": "130.83800", "2016-12-31": "90.84500", "2015-12-31": "76.44600", "2014-12-31": "45.26200", "2013-12-31": "25.17200", "2012-12-31": "15.57100"}, "Other Current Assets": {"2019-12-31": "", "2018-12-31": "", "2017-12-31": "", "2016-12-31": "", "2015-12-31": "", "2014-12-31": "", "2013-12-31": "", "2012-12-31": ""}, "Total Current Assets": {"2019-12-31": "1377.13800", "2018-12-31": "1255.93600", "2017-12-31": "816.82000", "2016-12-31": "477.09100", "2015-12-31": "492.32300", "2014-12-31": "486.86800", "2013-12-31": "163.13200", "2012-12-31": "140.12400"}, "Property, Plant, And Equipment": {"2019-12-31": "624.54400", "2018-12-31": "606.97700", "2017-12-31": "361.14100", "2016-12-31": "239.35400", "2015-12-31": "112.32500", "2014-12-31": "60.63900", "2013-12-31": "22.08800", "2012-12-31": "18.37000"}, "Long-Term Investments": {"2019-12-31": "155.69000", "2018-12-31": "6.52600", "2017-12-31": "21.56100", "2016-12-31": "30.96700", "2015-12-31": "79.88300", "2014-12-31": "", "2013-12-31": "", "2012-12-31": ""}, "Goodwill And Intangible Assets": {"2019-12-31": "18.80900", "2018-12-31": "2.58500", "2017-12-31": "3.10500", "2016-12-31": "4.23000", "2015-12-31": "3.70200", "2014-12-31": "6.47800", "2013-12-31": "9.08400", "2012-12-31": "4.20000"}, "Other Long-Term Assets": {"2019-12-31": "13.46700", "2018-12-31": "18.82600", "2017-12-31": "10.77600", "2016-12-31": "10.04100", "2015-12-31": "6.34800", "2014-12-31": "1.53800", "2013-12-31": "2.00100", "2012-12-31": "0.88300"}, "Total Long-Term Assets": {"2019-12-31": "1575.91000", "2018-12-31": "634.91400", "2017-12-31": "396.58300", "2016-12-31": "284.59200", "2015-12-31": "202.25800", "2014-12-31": "68.65500", "2013-12-31": "33.17300", "2012-12-31": "23.45300"}, "Total Assets": {"2019-12-31": "2953.04800", "2018-12-31": "1890.85000", "2017-12-31": "1213.40300", "2016-12-31": "761.68300", "2015-12-31": "694.58100", "2014-12-31": "555.52300", "2013-12-31": "196.30500", "2012-12-31": "163.57700"}, "Total Current Liabilities": {"2019-12-31": "1611.51900", "2018-12-31": "1139.22300", "2017-12-31": "739.75500", "2016-12-31": "557.22000", "2015-12-31": "397.02600", "2014-12-31": "232.59200", "2013-12-31": "145.26700", "2012-12-31": "98.09300"}, "Long Term Debt": {"2019-12-31": "1456.19500", "2018-12-31": "921.96000", "2017-12-31": "415.48500", "2016-12-31": "28.90000", "2015-12-31": "", "2014-12-31": "", "2013-12-31": "", "2012-12-31": ""}, "Other Non-Current Liabilities": {"2019-12-31": "6.94000", "2018-12-31": "160.38800", "2017-12-31": "106.49200", "2016-12-31": "96.17900", "2015-12-31": "55.01000", "2014-12-31": "17.39200", "2013-12-31": "1.03000", "2012-12-31": "0.47700"}, "Total Long Term Liabilities": {"2019-12-31": "2285.73700", "2018-12-31": "1082.34800", "2017-12-31": "521.97700", "2016-12-31": "125.07900", "2015-12-31": "55.01000", "2014-12-31": "17.39200", "2013-12-31": "1.03000", "2012-12-31": "0.47700"}, "Total Liabilities": {"2019-12-31": "3897.25600", "2018-12-31": "2221.57100", "2017-12-31": "1261.73200", "2016-12-31": "682.29900", "2015-12-31": "452.03600", "2014-12-31": "249.98400", "2013-12-31": "146.29700", "2012-12-31": "98.57000"}, "Common Stock Net": {"2019-12-31": "0.09400", "2018-12-31": "0.09100", "2017-12-31": "0.08800", "2016-12-31": "0.08600", "2015-12-31": "0.08400", "2014-12-31": "0.08300", "2013-12-31": "", "2012-12-31": "0.00000"}, "Retained Earnings (Accumulated Deficit)": {"2019-12-31": "-2065.42300", "2018-12-31": "-1082.68900", "2017-12-31": "-583.26600", "2016-12-31": "-329.94000", "2015-12-31": "-135.56500", "2014-12-31": "-58.12200", "2013-12-31": "-0.32800", "2012-12-31": "-150.85300"}, "Comprehensive Income": {"2019-12-31": "-1.42700", "2018-12-31": "-1.78000", "2017-12-31": "-2.36300", "2016-12-31": "0.01300", "2015-12-31": "-0.13600", "2014-12-31": "-0.36600", "2013-12-31": "-190.85000", "2012-12-31": "0.06200"}, "Other Share Holders Equity": {"2019-12-31": "", "2018-12-31": "", "2017-12-31": "", "2016-12-31": "", "2015-12-31": "", "2014-12-31": "", "2013-12-31": "", "2012-12-31": ""}, "Share Holder Equity": {"2019-12-31": "-944.20800", "2018-12-31": "-330.72100", "2017-12-31": "-48.32900", "2016-12-31": "79.38400", "2015-12-31": "242.54500", "2014-12-31": "305.53900", "2013-12-31": "50.00800", "2012-12-31": "65.00700"}, "Total Liabilities And Share Holders Equity": {"2019-12-31": "2953.04800", "2018-12-31": "1890.85000", "2017-12-31": "1213.40300", "2016-12-31": "761.68300", "2015-12-31": "694.58100", "2014-12-31": "555.52300", "2013-12-31": "196.30500", "2012-12-31": "163.57700"}}, "balance sheet, quarterly": {"Cash On Hand": {"2020-09-30": "2556.92400", "2020-06-30": "2374.21700", "2020-03-31": "890.97800", "2019-12-31": "987.00500", "2019-09-30": "1301.43400", "2019-06-30": "714.45300", "2019-03-31": "805.66200", "2018-12-31": "963.73900", "2018-09-30": "518.69200", "2018-06-30": "575.38600", "2018-03-31": "582.05800", "2017-12-31": "619.99200", "2017-09-30": "610.42000", "2017-06-30": "255.86900", "2017-03-31": "276.68500", "2016-12-31": "348.58300", "2016-09-30": "292.81500", "2016-06-30": "303.01100", "2016-03-31": "309.45400", "2015-12-31": "386.07100", "2015-09-30": "325.34400", "2015-06-30": "287.99900", "2015-03-31": "280.29500", "2014-12-31": "415.85900", "2014-09-30": "130.36100", "2014-06-30": "152.79800", "2014-03-31": "", "2013-12-31": "", "2013-09-30": "", "2013-06-30": "", "2012-12-31": "100.87000"}, "Receivables": {"2020-09-30": "109.65200", "2020-06-30": "118.98400", "2020-03-31": "110.25900", "2019-12-31": "99.72000", "2019-09-30": "75.67700", "2019-06-30": "77.29500", "2019-03-31": "60.59600", "2018-12-31": "50.60300", "2018-09-30": "41.01300", "2018-06-30": "34.82300", "2018-03-31": "31.97700", "2017-12-31": "37.94800", "2017-09-30": "27.52100", "2017-06-30": "23.89000", "2017-03-31": "21.77000", "2016-12-31": "19.11300", "2016-09-30": "16.68900", "2016-06-30": "14.16300", "2016-03-31": "11.85400", "2015-12-31": "9.90600", "2015-09-30": "9.71900", "2015-06-30": "7.06400", "2015-03-31": "7.95800", "2014-12-31": "5.94900", "2014-09-30": "5.31400", "2014-06-30": "6.64700", "2014-03-31": "", "2013-12-31": "", "2013-09-30": "", "2013-06-30": "", "2012-12-31": "15.76000"}, "Inventory": {"2020-09-30": "54.24100", "2020-06-30": "42.84100", "2020-03-31": "56.57400", "2019-12-31": "61.69200", "2019-09-30": "68.62200", "2019-06-30": "45.61100", "2019-03-31": "43.64300", "2018-12-31": "46.16400", "2018-09-30": "35.72300", "2018-06-30": "30.71000", "2018-03-31": "34.55000", "2017-12-31": "28.04200", "2017-09-30": "18.61300", "2017-06-30": "14.61200", "2017-03-31": "14.45700", "2016-12-31": "18.55000", "2016-09-30": "19.18800", "2016-06-30": "17.39600", "2016-03-31": "17.76300", "2015-12-31": "19.90000", "2015-09-30": "22.55200", "2015-06-30": "21.32100", "2015-03-31": "20.01100", "2014-12-31": "19.79800", "2014-09-30": "21.11800", "2014-06-30": "19.80300", "2014-03-31": "", "2013-12-31": "", "2013-09-30": "", "2013-06-30": "", "2012-12-31": "7.90000"}, "Pre-Paid Expenses": {"2020-09-30": "322.64900", "2020-06-30": "342.98500", "2020-03-31": "220.40000", "2019-12-31": "228.72100", "2019-09-30": "224.96800", "2019-06-30": "219.54100", "2019-03-31": "207.93100", "2018-12-31": "195.43000", "2018-09-30": "167.75400", "2018-06-30": "153.04200", "2018-03-31": "148.29500", "2017-12-31": "130.83800", "2017-09-30": "120.04100", "2017-06-30": "122.87500", "2017-03-31": "119.45000", "2016-12-31": "90.84500", "2016-09-30": "87.41700", "2016-06-30": "88.11700", "2016-03-31": "85.17000", "2015-12-31": "76.44600", "2015-09-30": "75.48600", "2015-06-30": "65.25400", "2015-03-31": "60.98000", "2014-12-31": "45.26200", "2014-09-30": "37.83900", "2014-06-30": "38.32700", "2014-03-31": "", "2013-12-31": "", "2013-09-30": "", "2013-06-30": "", "2012-12-31": ""}, "Other Current Assets": {"2020-09-30": "", "2020-06-30": "", "2020-03-31": "", "2019-12-31": "", "2019-09-30": "", "2019-06-30": "", "2019-03-31": "", "2018-12-31": "", "2018-09-30": "", "2018-06-30": "", "2018-03-31": "", "2017-12-31": "", "2017-09-30": "", "2017-06-30": "", "2017-03-31": "", "2016-12-31": "", "2016-09-30": "", "2016-06-30": "", "2016-03-31": "", "2015-12-31": "", "2015-09-30": "", "2015-06-30": "", "2015-03-31": "", "2014-12-31": "", "2014-09-30": "", "2014-06-30": "", "2014-03-31": "", "2013-12-31": "", "2013-09-30": "", "2013-06-30": "", "2012-12-31": "15.57000"}, "Total Current Assets": {"2020-09-30": "3043.46600", "2020-06-30": "2879.02700", "2020-03-31": "1278.21100", "2019-12-31": "1377.13800", "2019-09-30": "1670.70100", "2019-06-30": "1056.90000", "2019-03-31": "1117.83200", "2018-12-31": "1255.93600", "2018-09-30": "763.18200", "2018-06-30": "793.96100", "2018-03-31": "796.88000", "2017-12-31": "816.82000", "2017-09-30": "776.59500", "2017-06-30": "417.24600", "2017-03-31": "432.36200", "2016-12-31": "477.09100", "2016-09-30": "416.10900", "2016-06-30": "422.68700", "2016-03-31": "424.24100", "2015-12-31": "492.32300", "2015-09-30": "433.10100", "2015-06-30": "381.63800", "2015-03-31": "369.24400", "2014-12-31": "486.86800", "2014-09-30": "194.63200", "2014-06-30": "217.57500", "2014-03-31": "", "2013-12-31": "", "2013-09-30": "", "2013-06-30": "", "2012-12-31": "140.12000"}, "Property, Plant, And Equipment": {"2020-09-30": "682.05700", "2020-06-30": "667.45600", "2020-03-31": "661.21600", "2019-12-31": "624.54400", "2019-09-30": "547.05600", "2019-06-30": "480.49200", "2019-03-31": "430.54800", "2018-12-31": "606.97700", "2018-09-30": "509.66100", "2018-06-30": "468.42200", "2018-03-31": "404.30900", "2017-12-31": "361.14100", "2017-09-30": "318.87300", "2017-06-30": "295.36800", "2017-03-31": "263.31500", "2016-12-31": "239.35400", "2016-09-30": "211.28500", "2016-06-30": "179.14200", "2016-03-31": "162.59400", "2015-12-31": "112.32500", "2015-09-30": "88.64200", "2015-06-30": "76.36700", "2015-03-31": "74.98300", "2014-12-31": "60.63900", "2014-09-30": "50.02700", "2014-06-30": "44.14100", "2014-03-31": "", "2013-12-31": "", "2013-09-30": "", "2013-06-30": "", "2012-12-31": "38.67000"}, "Long-Term Investments": {"2020-09-30": "", "2020-06-30": "", "2020-03-31": "", "2019-12-31": "155.69000", "2019-09-30": "", "2019-06-30": "", "2019-03-31": "", "2018-12-31": "6.52600", "2018-09-30": "6.52100", "2018-06-30": "9.76700", "2018-03-31": "10.96200", "2017-12-31": "21.56100", "2017-09-30": "29.80900", "2017-06-30": "26.79800", "2017-03-31": "33.24200", "2016-12-31": "30.96700", "2016-09-30": "41.71800", "2016-06-30": "50.52700", "2016-03-31": "70.31500", "2015-12-31": "79.88300", "2015-09-30": "74.46000", "2015-06-30": "78.73000", "2015-03-31": "79.30700", "2014-12-31": "", "2014-09-30": "", "2014-06-30": "", "2014-03-31": "", "2013-12-31": "", "2013-09-30": "", "2013-06-30": "", "2012-12-31": ""}, "Goodwill And Intangible Assets": {"2020-09-30": "17.60500", "2020-06-30": "18.00700", "2020-03-31": "18.40800", "2019-12-31": "18.80900", "2019-09-30": "19.21100", "2019-06-30": "0.56000", "2019-03-31": "0.70000", "2018-12-31": "2.58500", "2018-09-30": "2.72400", "2018-06-30": "2.91800", "2018-03-31": "3.21800", "2017-12-31": "3.10500", "2017-09-30": "3.38600", "2017-06-30": "3.66800", "2017-03-31": "3.94900", "2016-12-31": "4.23000", "2016-09-30": "4.53000", "2016-06-30": "3.30900", "2016-03-31": "3.50500", "2015-12-31": "3.70200", "2015-09-30": "3.89900", "2015-06-30": "5.87200", "2015-03-31": "6.11500", "2014-12-31": "6.47800", "2014-09-30": "7.72800", "2014-06-30": "8.58100", "2014-03-31": "0.00000", "2013-12-31": "", "2013-09-30": "0.00000", "2013-06-30": "0.00000", "2012-12-31": "4.20000"}, "Other Long-Term Assets": {"2020-09-30": "12.94300", "2020-06-30": "12.55000", "2020-03-31": "13.46800", "2019-12-31": "13.46700", "2019-09-30": "13.95100", "2019-06-30": "13.41700", "2019-03-31": "12.75200", "2018-12-31": "18.82600", "2018-09-30": "17.55000", "2018-06-30": "12.20000", "2018-03-31": "11.07700", "2017-12-31": "10.77600", "2017-09-30": "9.47700", "2017-06-30": "8.39800", "2017-03-31": "9.25500", "2016-12-31": "10.04100", "2016-09-30": "10.47700", "2016-06-30": "8.30300", "2016-03-31": "6.77200", "2015-12-31": "6.34800", "2015-09-30": "1.24200", "2015-06-30": "1.37800", "2015-03-31": "1.55900", "2014-12-31": "1.53800", "2014-09-30": "8.14100", "2014-06-30": "6.72100", "2014-03-31": "", "2013-12-31": "", "2013-09-30": "", "2013-06-30": "", "2012-12-31": "0.88000"}, "Total Long-Term Assets": {"2020-09-30": "1514.97400", "2020-06-30": "1500.46900", "2020-03-31": "1473.21000", "2019-12-31": "1575.91000", "2019-09-30": "1336.93400", "2019-06-30": "1125.20000", "2019-03-31": "996.03300", "2018-12-31": "634.91400", "2018-09-30": "536.45600", "2018-06-30": "493.30700", "2018-03-31": "429.56600", "2017-12-31": "396.58300", "2017-09-30": "361.54500", "2017-06-30": "334.23200", "2017-03-31": "309.76100", "2016-12-31": "284.59200", "2016-09-30": "268.01000", "2016-06-30": "241.28100", "2016-03-31": "243.18600", "2015-12-31": "202.25800", "2015-09-30": "168.24300", "2015-06-30": "162.34700", "2015-03-31": "161.96400", "2014-12-31": "68.65500", "2014-09-30": "65.89600", "2014-06-30": "59.44300", "2014-03-31": "", "2013-12-31": "", "2013-09-30": "", "2013-06-30": "", "2012-12-31": "43.75000"}, "Total Assets": {"2020-09-30": "4558.44000", "2020-06-30": "4379.49600", "2020-03-31": "2751.42100", "2019-12-31": "2953.04800", "2019-09-30": "3007.63500", "2019-06-30": "2182.10000", "2019-03-31": "2113.86500", "2018-12-31": "1890.85000", "2018-09-30": "1299.63800", "2018-06-30": "1287.26800", "2018-03-31": "1226.44600", "2017-12-31": "1213.40300", "2017-09-30": "1138.14000", "2017-06-30": "751.47800", "2017-03-31": "742.12300", "2016-12-31": "761.68300", "2016-09-30": "684.11900", "2016-06-30": "663.96800", "2016-03-31": "667.42700", "2015-12-31": "694.58100", "2015-09-30": "601.34400", "2015-06-30": "543.98500", "2015-03-31": "531.20800", "2014-12-31": "555.52300", "2014-09-30": "260.52800", "2014-06-30": "277.01800", "2014-03-31": "0.00000", "2013-12-31": "0.00000", "2013-09-30": "0.00000", "2013-06-30": "0.00000", "2012-12-31": "163.57000"}, "Total Current Liabilities": {"2020-09-30": "2217.35300", "2020-06-30": "2283.42100", "2020-03-31": "1493.92700", "2019-12-31": "1611.51900", "2019-09-30": "1433.65900", "2019-06-30": "1333.51100", "2019-03-31": "1229.81300", "2018-12-31": "1139.22300", "2018-09-30": "1002.31100", "2018-06-30": "890.29800", "2018-03-31": "799.65200", "2017-12-31": "739.75500", "2017-09-30": "650.24900", "2017-06-30": "598.54700", "2017-03-31": "566.58400", "2016-12-31": "557.22000", "2016-09-30": "472.99200", "2016-06-30": "425.14100", "2016-03-31": "388.12700", "2015-12-31": "397.02600", "2015-09-30": "313.73200", "2015-06-30": "252.45000", "2015-03-31": "220.20900", "2014-12-31": "232.59200", "2014-09-30": "156.58500", "2014-06-30": "148.86900", "2014-03-31": "", "2013-12-31": "", "2013-09-30": "", "2013-06-30": "", "2012-12-31": "98.09000"}, "Long Term Debt": {"2020-09-30": "2862.13500", "2020-06-30": "1988.21300", "2020-03-31": "1577.06900", "2019-12-31": "1456.19500", "2019-09-30": "1435.92700", "2019-06-30": "761.60400", "2019-03-31": "750.15600", "2018-12-31": "921.96000", "2018-09-30": "530.69600", "2018-06-30": "483.30600", "2018-03-31": "419.76600", "2017-12-31": "415.48500", "2017-09-30": "410.67500", "2017-06-30": "82.72500", "2017-03-31": "41.54200", "2016-12-31": "28.90000", "2016-09-30": "28.90000", "2016-06-30": "29.85600", "2016-03-31": "", "2015-12-31": "", "2015-09-30": "", "2015-06-30": "", "2015-03-31": "", "2014-12-31": "", "2014-09-30": "", "2014-06-30": "", "2014-03-31": "", "2013-12-31": "", "2013-09-30": "", "2013-06-30": "", "2012-12-31": ""}, "Other Non-Current Liabilities": {"2020-09-30": "70.82700", "2020-06-30": "32.11900", "2020-03-31": "12.92000", "2019-12-31": "6.94000", "2019-09-30": "6.61700", "2019-06-30": "6.85300", "2019-03-31": "5.41300", "2018-12-31": "160.38800", "2018-09-30": "78.85200", "2018-06-30": "109.14200", "2018-03-31": "134.23200", "2017-12-31": "106.49200", "2017-09-30": "74.18700", "2017-06-30": "58.26600", "2017-03-31": "97.53500", "2016-12-31": "96.17900", "2016-09-30": "71.72300", "2016-06-30": "46.88700", "2016-03-31": "74.29400", "2015-12-31": "55.01000", "2015-09-30": "32.91600", "2015-06-30": "24.68800", "2015-03-31": "28.42500", "2014-12-31": "17.39200", "2014-09-30": "12.85000", "2014-06-30": "12.88900", "2014-03-31": "", "2013-12-31": "", "2013-09-30": "", "2013-06-30": "", "2012-12-31": "0.47000"}, "Total Long Term Liabilities": {"2020-09-30": "3800.67300", "2020-06-30": "2883.46700", "2020-03-31": "2428.89500", "2019-12-31": "2285.73700", "2019-09-30": "2256.40500", "2019-06-30": "1453.94600", "2019-03-31": "1363.19900", "2018-12-31": "1082.34800", "2018-09-30": "609.54800", "2018-06-30": "592.44800", "2018-03-31": "553.99800", "2017-12-31": "521.97700", "2017-09-30": "484.86200", "2017-06-30": "140.99100", "2017-03-31": "139.07700", "2016-12-31": "125.07900", "2016-09-30": "100.62300", "2016-06-30": "76.74300", "2016-03-31": "74.29400", "2015-12-31": "55.01000", "2015-09-30": "32.91600", "2015-06-30": "24.68800", "2015-03-31": "28.42500", "2014-12-31": "17.39200", "2014-09-30": "12.85000", "2014-06-30": "12.88900", "2014-03-31": "", "2013-12-31": "", "2013-09-30": "", "2013-06-30": "", "2012-12-31": "0.47000"}, "Total Liabilities": {"2020-09-30": "6018.02600", "2020-06-30": "5166.88800", "2020-03-31": "3922.82200", "2019-12-31": "3897.25600", "2019-09-30": "3690.06400", "2019-06-30": "2787.45700", "2019-03-31": "2593.01200", "2018-12-31": "2221.57100", "2018-09-30": "1611.85900", "2018-06-30": "1482.74600", "2018-03-31": "1353.65000", "2017-12-31": "1261.73200", "2017-09-30": "1135.11100", "2017-06-30": "739.53800", "2017-03-31": "705.66100", "2016-12-31": "682.29900", "2016-09-30": "573.61500", "2016-06-30": "501.88400", "2016-03-31": "462.42100", "2015-12-31": "452.03600", "2015-09-30": "346.64800", "2015-06-30": "277.13800", "2015-03-31": "248.63400", "2014-12-31": "249.98400", "2014-09-30": "169.43500", "2014-06-30": "161.75800", "2014-03-31": "0.00000", "2013-12-31": "", "2013-09-30": "0.00000", "2013-06-30": "0.00000", "2012-12-31": "98.57000"}, "Common Stock Net": {"2020-09-30": "0.09600", "2020-06-30": "0.09500", "2020-03-31": "0.09400", "2019-12-31": "0.09400", "2019-09-30": "0.09300", "2019-06-30": "0.09300", "2019-03-31": "0.09200", "2018-12-31": "0.09100", "2018-09-30": "0.09000", "2018-06-30": "0.08900", "2018-03-31": "0.08900", "2017-12-31": "0.08800", "2017-09-30": "0.08700", "2017-06-30": "0.08700", "2017-03-31": "0.08600", "2016-12-31": "0.08600", "2016-09-30": "0.08500", "2016-06-30": "0.08500", "2016-03-31": "0.08500", "2015-12-31": "0.08400", "2015-09-30": "0.08400", "2015-06-30": "0.08400", "2015-03-31": "0.08300", "2014-12-31": "0.08300", "2014-09-30": "", "2014-06-30": "", "2014-03-31": "0.00000", "2013-12-31": "", "2013-09-30": "0.00000", "2013-06-30": "0.00000", "2012-12-31": "0.00000"}, "Retained Earnings (Accumulated Deficit)": {"2020-09-30": "-1909.76800", "2020-06-30": "-2082.93400", "2020-03-31": "-2356.81100", "2019-12-31": "-2065.42300", "2019-09-30": "-1735.20100", "2019-06-30": "-1463.16600", "2019-03-31": "-1281.22800", "2018-12-31": "-1082.68900", "2018-09-30": "-938.84400", "2018-06-30": "-787.11800", "2018-03-31": "-686.38400", "2017-12-31": "-583.26600", "2017-09-30": "-510.49500", "2017-06-30": "-434.06600", "2017-03-31": "-395.19100", "2016-12-31": "-329.94000", "2016-09-30": "-285.98400", "2016-06-30": "-225.04400", "2016-03-31": "-176.77000", "2015-12-31": "-135.56500", "2015-09-30": "-120.07000", "2015-06-30": "-104.59200", "2015-03-31": "-85.25800", "2014-12-31": "-58.12200", "2014-09-30": "-305.98300", "2014-06-30": "-277.13400", "2014-03-31": "", "2013-12-31": "", "2013-09-30": "", "2013-06-30": "", "2012-12-31": "-150.85000"}, "Comprehensive Income": {"2020-09-30": "-2.02500", "2020-06-30": "-0.52400", "2020-03-31": "0.64200", "2019-12-31": "-1.42700", "2019-09-30": "-1.45600", "2019-06-30": "-1.37600", "2019-03-31": "-0.98400", "2018-12-31": "-1.78000", "2018-09-30": "-2.06700", "2018-06-30": "-1.90900", "2018-03-31": "-3.25800", "2017-12-31": "-2.36300", "2017-09-30": "-1.94300", "2017-06-30": "-1.04700", "2017-03-31": "-0.24500", "2016-12-31": "0.01300", "2016-09-30": "-0.54600", "2016-06-30": "-0.14300", "2016-03-31": "0.02800", "2015-12-31": "-0.13600", "2015-09-30": "-0.11200", "2015-06-30": "-0.41600", "2015-03-31": "-0.17600", "2014-12-31": "-0.36600", "2014-09-30": "-0.38700", "2014-06-30": "-0.32100", "2014-03-31": "", "2013-12-31": "", "2013-09-30": "", "2013-06-30": "", "2012-12-31": ""}, "Other Share Holders Equity": {"2020-09-30": "", "2020-06-30": "", "2020-03-31": "", "2019-12-31": "", "2019-09-30": "", "2019-06-30": "", "2019-03-31": "", "2018-12-31": "", "2018-09-30": "", "2018-06-30": "", "2018-03-31": "", "2017-12-31": "", "2017-09-30": "", "2017-06-30": "", "2017-03-31": "", "2016-12-31": "", "2016-09-30": "", "2016-06-30": "", "2016-03-31": "", "2015-12-31": "", "2015-09-30": "", "2015-06-30": "", "2015-03-31": "", "2014-12-31": "", "2014-09-30": "", "2014-06-30": "", "2014-03-31": "0.00000", "2013-12-31": "", "2013-09-30": "0.00000", "2013-06-30": "0.00000", "2012-12-31": "0.06000"}, "Share Holder Equity": {"2020-09-30": "-1459.58600", "2020-06-30": "-787.39200", "2020-03-31": "-1171.40100", "2019-12-31": "-944.20800", "2019-09-30": "-682.42900", "2019-06-30": "-605.35700", "2019-03-31": "-479.14700", "2018-12-31": "-330.72100", "2018-09-30": "-312.22100", "2018-06-30": "-195.47800", "2018-03-31": "-127.20400", "2017-12-31": "-48.32900", "2017-09-30": "3.02900", "2017-06-30": "11.94000", "2017-03-31": "36.46200", "2016-12-31": "79.38400", "2016-09-30": "110.50400", "2016-06-30": "162.08400", "2016-03-31": "205.00600", "2015-12-31": "242.54500", "2015-09-30": "254.69600", "2015-06-30": "266.84700", "2015-03-31": "282.57400", "2014-12-31": "305.53900", "2014-09-30": "91.09300", "2014-06-30": "115.26000", "2014-03-31": "0.00000", "2013-12-31": "", "2013-09-30": "0.00000", "2013-06-30": "0.00000", "2012-12-31": "65.00000"}, "Total Liabilities And Share Holders Equity": {"2020-09-30": "4558.44000", "2020-06-30": "4379.49600", "2020-03-31": "2751.42100", "2019-12-31": "2953.04800", "2019-09-30": "3007.63500", "2019-06-30": "2182.10000", "2019-03-31": "2113.86500", "2018-12-31": "1890.85000", "2018-09-30": "1299.63800", "2018-06-30": "1287.26800", "2018-03-31": "1226.44600", "2017-12-31": "1213.40300", "2017-09-30": "1138.14000", "2017-06-30": "751.47800", "2017-03-31": "742.12300", "2016-12-31": "761.68300", "2016-09-30": "684.11900", "2016-06-30": "663.96800", "2016-03-31": "667.42700", "2015-12-31": "694.58100", "2015-09-30": "601.34400", "2015-06-30": "543.98500", "2015-03-31": "531.20800", "2014-12-31": "555.52300", "2014-09-30": "260.52800", "2014-06-30": "277.01800", "2014-03-31": "0.00000", "2013-12-31": "", "2013-09-30": "0.00000", "2013-06-30": "0.00000", "2012-12-31": "163.57000"}}, "cash flow statement": {"Net Income/Loss": {"2019-12-31": "-984.58400", "2018-12-31": "-504.08000", "2017-12-31": "-244.61400", "2016-12-31": "-194.37500", "2015-12-31": "-77.44300", "2014-12-31": "-148.09800", "2013-12-31": "-15.52600", "2012-12-31": "-21.05500"}, "Total Depreciation And Amortization - Cash Flow": {"2019-12-31": "254.53000", "2018-12-31": "146.12700", "2017-12-31": "92.85000", "2016-12-31": "55.57200", "2015-12-31": "32.44600", "2014-12-31": "22.00300", "2013-12-31": "13.09100", "2012-12-31": "9.33500"}, "Other Non-Cash Items": {"2019-12-31": "225.76000", "2018-12-31": "127.50800", "2017-12-31": "69.03800", "2016-12-31": "49.73300", "2015-12-31": "31.04500", "2014-12-31": "61.37900", "2013-12-31": "0.12100", "2012-12-31": "0.11000"}, "Total Non-Cash Items": {"2019-12-31": "480.29000", "2018-12-31": "273.63500", "2017-12-31": "161.88800", "2016-12-31": "105.30500", "2015-12-31": "63.49100", "2014-12-31": "83.38200", "2013-12-31": "13.21200", "2012-12-31": "9.44500"}, "Change In Accounts Receivable": {"2019-12-31": "-49.18700", "2018-12-31": "-12.79200", "2017-12-31": "-18.17200", "2016-12-31": "-9.21700", "2015-12-31": "-4.03300", "2014-12-31": "1.74100", "2013-12-31": "8.11200", "2012-12-31": "-8.23400"}, "Change In Inventories": {"2019-12-31": "-15.63100", "2018-12-31": "-18.31900", "2017-12-31": "-9.45400", "2016-12-31": "1.35100", "2015-12-31": "-0.13100", "2014-12-31": "-4.83500", "2013-12-31": "-6.63000", "2012-12-31": "-2.49700"}, "Change In Accounts Payable": {"2019-12-31": "", "2018-12-31": "", "2017-12-31": "", "2016-12-31": "", "2015-12-31": "", "2014-12-31": "", "2013-12-31": "", "2012-12-31": ""}, "Change In Assets/Liabilities": {"2019-12-31": "41.96900", "2018-12-31": "61.35300", "2017-12-31": "39.80200", "2016-12-31": "33.73700", "2015-12-31": "17.38200", "2014-12-31": "12.41400", "2013-12-31": "-5.60800", "2012-12-31": "0.34700"}, "Total Change In Assets/Liabilities": {"2019-12-31": "307.47600", "2018-12-31": "315.30600", "2017-12-31": "116.36000", "2016-12-31": "151.88400", "2015-12-31": "149.07300", "2014-12-31": "68.84100", "2013-12-31": "36.72700", "2012-12-31": "15.55500"}, "Cash Flow From Operating Activities": {"2019-12-31": "-196.81800", "2018-12-31": "84.86100", "2017-12-31": "33.63400", "2016-12-31": "62.81400", "2015-12-31": "135.12100", "2014-12-31": "4.12500", "2013-12-31": "34.41300", "2012-12-31": "3.94500"}, "Net Change In Property, Plant, And Equipment": {"2019-12-31": "-271.74200", "2018-12-31": "-159.20500", "2017-12-31": "-100.45100", "2016-12-31": "-96.70700", "2015-12-31": "-44.64800", "2014-12-31": "-31.85500", "2013-12-31": "-6.73900", "2012-12-31": "-8.03100"}, "Net Change In Intangible Assets": {"2019-12-31": "", "2018-12-31": "", "2017-12-31": "", "2016-12-31": "", "2015-12-31": "", "2014-12-31": "", "2013-12-31": "", "2012-12-31": ""}, "Net Acquisitions/Divestitures": {"2019-12-31": "", "2018-12-31": "", "2017-12-31": "", "2016-12-31": "", "2015-12-31": "", "2014-12-31": "", "2013-12-31": "-3.74100", "2012-12-31": ""}, "Net Change In Short-term Investments": {"2019-12-31": "-438.39000", "2018-12-31": "-37.93400", "2017-12-31": "16.54400", "2016-12-31": "31.69800", "2015-12-31": "-73.70700", "2014-12-31": "-9.98100", "2013-12-31": "-27.00200", "2012-12-31": "-8.00000"}, "Net Change In Long-Term Investments": {"2019-12-31": "", "2018-12-31": "", "2017-12-31": "", "2016-12-31": "", "2015-12-31": "", "2014-12-31": "", "2013-12-31": "", "2012-12-31": ""}, "Net Change In Investments - Total": {"2019-12-31": "-438.39000", "2018-12-31": "-37.93400", "2017-12-31": "16.54400", "2016-12-31": "31.69800", "2015-12-31": "-73.70700", "2014-12-31": "-9.98100", "2013-12-31": "-27.00200", "2012-12-31": "-8.00000"}, "Investing Activities - Other": {"2019-12-31": "-144.70500", "2018-12-31": "-63.14800", "2017-12-31": "-46.42800", "2016-12-31": "-30.87100", "2015-12-31": "-19.37300", "2014-12-31": "-13.59900", "2013-12-31": "-9.50900", "2012-12-31": "-7.04900"}, "Cash Flow From Investing Activities": {"2019-12-31": "-854.83700", "2018-12-31": "-260.28700", "2017-12-31": "-130.33500", "2016-12-31": "-95.88000", "2015-12-31": "-137.72800", "2014-12-31": "-55.43500", "2013-12-31": "-46.99100", "2012-12-31": "-23.08000"}, "Net Long-Term Debt": {"2019-12-31": "935.14600", "2018-12-31": "562.04700", "2017-12-31": "420.44900", "2016-12-31": "", "2015-12-31": "", "2014-12-31": "", "2013-12-31": "", "2012-12-31": ""}, "Net Current Debt": {"2019-12-31": "", "2018-12-31": "", "2017-12-31": "", "2016-12-31": "", "2015-12-31": "", "2014-12-31": "", "2013-12-31": "", "2012-12-31": ""}, "Debt Issuance/Retirement Net - Total": {"2019-12-31": "935.14600", "2018-12-31": "562.04700", "2017-12-31": "420.44900", "2016-12-31": "", "2015-12-31": "", "2014-12-31": "", "2013-12-31": "", "2012-12-31": ""}, "Net Common Equity Issued/Repurchased": {"2019-12-31": "0.11300", "2018-12-31": "0.13800", "2017-12-31": "0.24400", "2016-12-31": "0.20900", "2015-12-31": "0.49500", "2014-12-31": "-23.48800", "2013-12-31": "", "2012-12-31": ""}, "Net Total Equity Issued/Repurchased": {"2019-12-31": "0.11300", "2018-12-31": "0.13800", "2017-12-31": "0.24400", "2016-12-31": "0.20900", "2015-12-31": "0.49500", "2014-12-31": "131.28600", "2013-12-31": "", "2012-12-31": "44.24400"}, "Total Common And Preferred Stock Dividends Paid": {"2019-12-31": "", "2018-12-31": "", "2017-12-31": "", "2016-12-31": "", "2015-12-31": "", "2014-12-31": "-39.51600", "2013-12-31": "", "2012-12-31": ""}, "Financial Activities - Other": {"2019-12-31": "-148.75500", "2018-12-31": "-94.72200", "2017-12-31": "-45.72200", "2016-12-31": "-21.09200", "2015-12-31": "-19.11100", "2014-12-31": "249.38000", "2013-12-31": "", "2012-12-31": "0.70000"}, "Cash Flow From Financial Activities": {"2019-12-31": "786.50400", "2018-12-31": "467.46300", "2017-12-31": "374.97100", "2016-12-31": "-20.88300", "2015-12-31": "-18.61600", "2014-12-31": "341.15000", "2013-12-31": "", "2012-12-31": "44.94400"}, "Net Cash Flow": {"2019-12-31": "-266.70800", "2018-12-31": "290.50100", "2017-12-31": "279.12000", "2016-12-31": "-54.33600", "2015-12-31": "-21.68300", "2014-12-31": "290.57000", "2013-12-31": "-12.57200", "2012-12-31": "25.83400"}, "Stock-Based Compensation": {"2019-12-31": "227.45100", "2018-12-31": "127.56400", "2017-12-31": "67.84000", "2016-12-31": "49.40200", "2015-12-31": "31.01500", "2014-12-31": "60.80900", "2013-12-31": "", "2012-12-31": ""}, "Common Stock Dividends Paid": {"2019-12-31": "", "2018-12-31": "", "2017-12-31": "", "2016-12-31": "", "2015-12-31": "", "2014-12-31": "", "2013-12-31": "", "2012-12-31": ""}}, "cash flow statement, quarterly": {"Net Income/Loss": {"2020-09-30": 173.166, "2020-06-30": 273.877, "2020-03-31": "-285.86500", "2019-12-31": -330.222, "2019-09-30": -272.035, "2019-06-30": -181.938, "2019-03-31": "-200.38900", "2018-12-31": -143.845, "2018-09-30": -151.726, "2018-06-30": -100.734, "2018-03-31": "-107.77500", "2017-12-31": -72.771, "2017-09-30": -76.429, "2017-06-30": -38.875, "2017-03-31": "-56.53900", "2016-12-31": -43.956, "2016-09-30": -60.94, "2016-06-30": -48.274, "2016-03-31": "-41.20500", "2015-12-31": -15.495, "2015-09-30": -15.478, "2015-06-30": -19.334, "2015-03-31": "-27.13600", "2014-12-31": -72.554, "2014-09-30": -24.143, "2014-06-30": -23.375, "2014-03-31": "-28.02600", "2013-12-31": -4.151, "2013-09-30": -3.031, "2013-06-30": 12.712, "2012-12-31": -21.05}, "Total Depreciation And Amortization - Cash Flow": {"2020-09-30": 104.312, "2020-06-30": 96.075, "2020-03-31": "86.37000", "2019-12-31": 79.621, "2019-09-30": 67.972, "2019-06-30": 54.898, "2019-03-31": "52.03900", "2018-12-31": 45.002, "2018-09-30": 36.89, "2018-06-30": 33.992, "2018-03-31": "30.24300", "2017-12-31": 29.388, "2017-09-30": 23.787, "2017-06-30": 19.323, "2017-03-31": "20.35200", "2016-12-31": 17.044, "2016-09-30": 15.463, "2016-06-30": 12.578, "2016-03-31": "10.48700", "2015-12-31": 9.095, "2015-09-30": 9.207, "2015-06-30": 7.4, "2015-03-31": "6.74400", "2014-12-31": 7.565, "2014-09-30": 5.547, "2014-06-30": 4.693, "2014-03-31": "4.19800", "2013-12-31": 3.738, "2013-09-30": 3.489, "2013-06-30": -3.467, "2012-12-31": 9.33}, "Other Non-Cash Items": {"2020-09-30": 82.714, "2020-06-30": 67.734, "2020-03-31": "58.81600", "2019-12-31": 65.405, "2019-09-30": 61.703, "2019-06-30": 52.966, "2019-03-31": "45.68600", "2018-12-31": 39.183, "2018-09-30": 33.979, "2018-06-30": 29.835, "2018-03-31": "24.51100", "2017-12-31": 21.385, "2017-09-30": 18.323, "2017-06-30": 15.947, "2017-03-31": "13.38300", "2016-12-31": 14.679, "2016-09-30": 14.184, "2016-06-30": 11.311, "2016-03-31": "9.55900", "2015-12-31": 10.906, "2015-09-30": 5.156, "2015-06-30": 7.11, "2015-03-31": "7.87300", "2014-12-31": 54.963, "2014-09-30": 0.769, "2014-06-30": 1.018, "2014-03-31": "4.62900", "2013-12-31": -0.011, "2013-09-30": 0, "2013-06-30": 0.011, "2012-12-31": 0}, "Total Non-Cash Items": {"2020-09-30": 187.026, "2020-06-30": 163.809, "2020-03-31": "145.18600", "2019-12-31": 145.026, "2019-09-30": 129.675, "2019-06-30": 107.864, "2019-03-31": "97.72500", "2018-12-31": 84.185, "2018-09-30": 70.869, "2018-06-30": 63.827, "2018-03-31": "54.75400", "2017-12-31": 50.773, "2017-09-30": 42.11, "2017-06-30": 35.27, "2017-03-31": "33.73500", "2016-12-31": 31.723, "2016-09-30": 29.647, "2016-06-30": 23.889, "2016-03-31": "20.04600", "2015-12-31": 20.001, "2015-09-30": 14.363, "2015-06-30": 14.51, "2015-03-31": "14.61700", "2014-12-31": 62.528, "2014-09-30": 6.316, "2014-06-30": 5.711, "2014-03-31": "8.82700", "2013-12-31": 3.727, "2013-09-30": 3.489, "2013-06-30": -3.456, "2012-12-31": 9.33}, "Change In Accounts Receivable": {"2020-09-30": 9.802, "2020-06-30": -8.477, "2020-03-31": "-16.21600", "2019-12-31": -23.878, "2019-09-30": 2.344, "2019-06-30": -16.083, "2019-03-31": "-11.57000", "2018-12-31": -9.635, "2018-09-30": -6.215, "2018-06-30": -2.952, "2018-03-31": "6.01000", "2017-12-31": -9.475, "2017-09-30": -3.974, "2017-06-30": -2.072, "2017-03-31": "-2.65100", "2016-12-31": -2.444, "2016-09-30": -2.555, "2016-06-30": -2.277, "2016-03-31": "-1.94100", "2015-12-31": -0.201, "2015-09-30": -2.633, "2015-06-30": 0.929, "2015-03-31": "-2.12800", "2014-12-31": -0.635, "2014-09-30": 1.336, "2014-06-30": -0.701, "2014-03-31": "1.74100", "2013-12-31": 6.84, "2013-09-30": -11.316, "2013-06-30": 4.476, "2012-12-31": 0}, "Change In Inventories": {"2020-09-30": -11.226, "2020-06-30": 13.805, "2020-03-31": "5.02300", "2019-12-31": 7.085, "2019-09-30": -23.256, "2019-06-30": -1.887, "2019-03-31": "2.42700", "2018-12-31": -10.562, "2018-09-30": -5.016, "2018-06-30": 3.75, "2018-03-31": "-6.49100", "2017-12-31": -9.416, "2017-09-30": -3.987, "2017-06-30": -0.145, "2017-03-31": "4.09400", "2016-12-31": 0.635, "2016-09-30": -1.792, "2016-06-30": 0.366, "2016-03-31": "2.14200", "2015-12-31": 2.647, "2015-09-30": -1.23, "2015-06-30": -1.308, "2015-03-31": "-0.24000", "2014-12-31": 1.32, "2014-09-30": -1.315, "2014-06-30": -4.21, "2014-03-31": "-0.63000", "2013-12-31": 8.115, "2013-09-30": -3.877, "2013-06-30": -4.238, "2012-12-31": 0}, "Change In Accounts Payable": {"2020-09-30": 0, "2020-06-30": 0, "2020-03-31": "", "2019-12-31": 0, "2019-09-30": 0, "2019-06-30": 0, "2019-03-31": "", "2018-12-31": 0, "2018-09-30": 0, "2018-06-30": 0, "2018-03-31": "", "2017-12-31": 0, "2017-09-30": 0, "2017-06-30": 0, "2017-03-31": "", "2016-12-31": 0, "2016-09-30": 0, "2016-06-30": 0, "2016-03-31": "", "2015-12-31": 0, "2015-09-30": 0, "2015-06-30": 0, "2015-03-31": "", "2014-12-31": 0, "2014-09-30": 0, "2014-06-30": 0, "2014-03-31": "", "2013-12-31": 0, "2013-09-30": 0, "2013-06-30": 0, "2012-12-31": 0}, "Change In Assets/Liabilities": {"2020-09-30": -14.29, "2020-06-30": 207.948, "2020-03-31": "10.20500", "2019-12-31": 51.155, "2019-09-30": -0.344, "2019-06-30": 7.33, "2019-03-31": "-16.17200", "2018-12-31": 25.056, "2018-09-30": 7.902, "2018-06-30": 22.028, "2018-03-31": "6.36700", "2017-12-31": 18.276, "2017-09-30": 22.203, "2017-06-30": 1.648, "2017-03-31": "-2.32500", "2016-12-31": 14.966, "2016-09-30": 7.566, "2016-06-30": 12.354, "2016-03-31": "-1.14900", "2015-12-31": 7.899, "2015-09-30": -1.42, "2015-06-30": 14.418, "2015-03-31": "-3.51500", "2014-12-31": 3.674, "2014-09-30": 4.542, "2014-06-30": 4.064, "2014-03-31": "0.13400", "2013-12-31": -1.441, "2013-09-30": 1.936, "2013-06-30": -0.495, "2012-12-31": 0}, "Total Change In Assets/Liabilities": {"2020-09-30": -29.165, "2020-06-30": 697.565, "2020-03-31": "-115.61100", "2019-12-31": 148.901, "2019-09-30": 65.919, "2019-06-30": 71.34, "2019-03-31": "21.31600", "2018-12-31": 102.19, "2018-09-30": 88.661, "2018-06-30": 84.511, "2018-03-31": "39.94400", "2017-12-31": 58.877, "2017-09-30": 59.071, "2017-06-30": 21.706, "2017-03-31": "-23.29400", "2016-12-31": 85.727, "2016-09-30": 46.914, "2016-06-30": 49.288, "2016-03-31": "-30.04500", "2015-12-31": 85.86, "2015-09-30": 52.619, "2015-06-30": 33.277, "2015-03-31": "-22.68300", "2014-12-31": 64.988, "2014-09-30": 6.761, "2014-06-30": 2.325, "2014-03-31": "-5.23300", "2013-12-31": 41.139, "2013-09-30": -0.976, "2013-06-30": -18.993, "2012-12-31": 15.55}, "Cash Flow From Operating Activities": {"2020-09-30": 331.027, "2020-06-30": 1135.251, "2020-03-31": "-256.29000", "2019-12-31": -36.295, "2019-09-30": -76.441, "2019-06-30": -2.734, "2019-03-31": "-81.34800", "2018-12-31": 42.53, "2018-09-30": 7.804, "2018-06-30": 47.604, "2018-03-31": "-13.07700", "2017-12-31": 36.879, "2017-09-30": 24.752, "2017-06-30": 18.101, "2017-03-31": "-46.09800", "2016-12-31": 73.494, "2016-09-30": 15.621, "2016-06-30": 24.903, "2016-03-31": "-51.20400", "2015-12-31": 90.366, "2015-09-30": 51.504, "2015-06-30": 28.453, "2015-03-31": "-35.20200", "2014-12-31": 54.962, "2014-09-30": -11.066, "2014-06-30": -15.339, "2014-03-31": "-24.43200", "2013-12-31": 40.835, "2013-09-30": -0.518, "2013-06-30": -9.847, "2012-12-31": 3.94}, "Net Change In Property, Plant, And Equipment": {"2020-09-30": -41.493, "2020-06-30": -44.846, "2020-03-31": "-59.96400", "2019-12-31": -87.774, "2019-09-30": -68.628, "2019-06-30": -54.714, "2019-03-31": "-60.62600", "2018-12-31": -48.701, "2018-09-30": -49.411, "2018-06-30": -39.73, "2018-03-31": "-21.36300", "2017-12-31": -23.923, "2017-09-30": -30.98, "2017-06-30": -33.596, "2017-03-31": "-11.95200", "2016-12-31": -14.863, "2016-09-30": -20.408, "2016-06-30": -37.509, "2016-03-31": "-23.92700", "2015-12-31": -7.953, "2015-09-30": -11.491, "2015-06-30": -13.153, "2015-03-31": "-12.05100", "2014-12-31": -0.687, "2014-09-30": -6.837, "2014-06-30": -12.974, "2014-03-31": "-11.35700", "2013-12-31": -2.309, "2013-09-30": -1.12, "2013-06-30": 4.729, "2012-12-31": -8.03}, "Net Change In Intangible Assets": {"2020-09-30": 0, "2020-06-30": 0, "2020-03-31": "", "2019-12-31": 0, "2019-09-30": 0, "2019-06-30": 0, "2019-03-31": "", "2018-12-31": 0, "2018-09-30": 0, "2018-06-30": 0, "2018-03-31": "", "2017-12-31": 0, "2017-09-30": 0, "2017-06-30": 0, "2017-03-31": "", "2016-12-31": 0, "2016-09-30": 0, "2016-06-30": 0, "2016-03-31": "", "2015-12-31": 0, "2015-09-30": 0, "2015-06-30": 0, "2015-03-31": "", "2014-12-31": 0, "2014-09-30": 0, "2014-06-30": 0, "2014-03-31": "", "2013-12-31": 0, "2013-09-30": 0, "2013-06-30": 0, "2012-12-31": 0}, "Net Acquisitions/Divestitures": {"2020-09-30": 0, "2020-06-30": 0, "2020-03-31": "", "2019-12-31": 0, "2019-09-30": 0, "2019-06-30": 0, "2019-03-31": "", "2018-12-31": 0, "2018-09-30": 0, "2018-06-30": 0, "2018-03-31": "", "2017-12-31": 0, "2017-09-30": 0, "2017-06-30": 0, "2017-03-31": "", "2016-12-31": 0, "2016-09-30": 0, "2016-06-30": 0, "2016-03-31": "", "2015-12-31": 0, "2015-09-30": 0, "2015-06-30": 0, "2015-03-31": "", "2014-12-31": 0, "2014-09-30": 0, "2014-06-30": 0, "2014-03-31": "", "2013-12-31": 0.001, "2013-09-30": -3.741, "2013-06-30": 0, "2012-12-31": 0}, "Net Change In Short-term Investments": {"2020-09-30": -19.994, "2020-06-30": 0, "2020-03-31": "", "2019-12-31": -438.39, "2019-09-30": 0, "2019-06-30": 0, "2019-03-31": "", "2018-12-31": -83.889, "2018-09-30": 19.309, "2018-06-30": 15.256, "2018-03-31": "11.39000", "2017-12-31": 3.643, "2017-09-30": -7.8, "2017-06-30": 18.651, "2017-03-31": "2.05000", "2016-12-31": 26.096, "2016-09-30": 6.762, "2016-06-30": -2.291, "2016-03-31": "1.13100", "2015-12-31": -11.113, "2015-09-30": 8.717, "2015-06-30": 22.922, "2015-03-31": "-94.23300", "2014-12-31": 40.055, "2014-09-30": -35.038, "2014-06-30": -14.977, "2014-03-31": "-0.02100", "2013-12-31": 17.037, "2013-09-30": -0.034, "2013-06-30": -17.003, "2012-12-31": 0}, "Net Change In Long-Term Investments": {"2020-09-30": 98, "2020-06-30": 73.5, "2020-03-31": "294.81000", "2019-12-31": -115.468, "2019-09-30": 33.304, "2019-06-30": 44.228, "2019-03-31": "37.93600", "2018-12-31": 0, "2018-09-30": 0, "2018-06-30": 0, "2018-03-31": "", "2017-12-31": 0, "2017-09-30": 0, "2017-06-30": 0, "2017-03-31": "", "2016-12-31": 0, "2016-09-30": 0, "2016-06-30": 0, "2016-03-31": "", "2015-12-31": 0, "2015-09-30": 0, "2015-06-30": 0, "2015-03-31": "", "2014-12-31": 0, "2014-09-30": 0, "2014-06-30": 0, "2014-03-31": "", "2013-12-31": 0, "2013-09-30": 0, "2013-06-30": 0, "2012-12-31": 0}, "Net Change In Investments - Total": {"2020-09-30": 78.006, "2020-06-30": 73.5, "2020-03-31": "294.81000", "2019-12-31": -553.858, "2019-09-30": 33.304, "2019-06-30": 44.228, "2019-03-31": "37.93600", "2018-12-31": -83.889, "2018-09-30": 19.309, "2018-06-30": 15.256, "2018-03-31": "11.39000", "2017-12-31": 3.643, "2017-09-30": -7.8, "2017-06-30": 18.651, "2017-03-31": "2.05000", "2016-12-31": 26.096, "2016-09-30": 6.762, "2016-06-30": -2.291, "2016-03-31": "1.13100", "2015-12-31": -11.113, "2015-09-30": 8.717, "2015-06-30": 22.922, "2015-03-31": "-94.23300", "2014-12-31": 40.055, "2014-09-30": -35.038, "2014-06-30": -14.977, "2014-03-31": "-0.02100", "2013-12-31": -9.963, "2013-09-30": -0.034, "2013-06-30": -9.003, "2012-12-31": -8}, "Investing Activities - Other": {"2020-09-30": -34.506, "2020-06-30": -36.803, "2020-03-31": "-38.49300", "2019-12-31": -34.031, "2019-09-30": -54.581, "2019-06-30": -34.088, "2019-03-31": "-22.00500", "2018-12-31": -16.98, "2018-09-30": -17.328, "2018-06-30": -15.419, "2018-03-31": "-13.42100", "2017-12-31": -11.543, "2017-09-30": -12.235, "2017-06-30": -11.73, "2017-03-31": "-10.92000", "2016-12-31": -9.935, "2016-09-30": -8.673, "2016-06-30": -6.812, "2016-03-31": "-5.45100", "2015-12-31": -9.428, "2015-09-30": -1.821, "2015-06-30": -4.311, "2015-03-31": "-3.81300", "2014-12-31": 0.059, "2014-09-30": -4.498, "2014-06-30": -3.036, "2014-03-31": "-6.12400", "2013-12-31": -3.002, "2013-09-30": -2.431, "2013-06-30": 2.973, "2012-12-31": -7.04}, "Cash Flow From Investing Activities": {"2020-09-30": 2.007, "2020-06-30": -8.149, "2020-03-31": "196.35300", "2019-12-31": -675.663, "2019-09-30": -89.905, "2019-06-30": -44.574, "2019-03-31": "-44.69500", "2018-12-31": -149.57, "2018-09-30": -47.43, "2018-06-30": -39.893, "2018-03-31": "-23.39400", "2017-12-31": -31.823, "2017-09-30": -51.015, "2017-06-30": -26.675, "2017-03-31": "-20.82200", "2016-12-31": 1.298, "2016-09-30": -22.319, "2016-06-30": -46.612, "2016-03-31": "-28.24700", "2015-12-31": -28.494, "2015-09-30": -4.595, "2015-06-30": 5.458, "2015-03-31": "-110.09700", "2014-12-31": 39.427, "2014-09-30": -46.373, "2014-06-30": -30.987, "2014-03-31": "-17.50200", "2013-12-31": -15.293, "2013-09-30": -7.326, "2013-06-30": -1.291, "2012-12-31": -23.08}, "Net Long-Term Debt": {"2020-09-30": 459.9861, "2020-06-30": 427.423, "2020-03-31": "100.00000", "2019-12-31": 0, "2019-09-30": 935.146, "2019-06-30": 0, "2019-03-31": "", "2018-12-31": 562.047, "2018-09-30": 0, "2018-06-30": 0, "2018-03-31": "", "2017-12-31": 0, "2017-09-30": 420.449, "2017-06-30": 0, "2017-03-31": "", "2016-12-31": 0, "2016-09-30": 0, "2016-06-30": 0, "2016-03-31": "", "2015-12-31": 0, "2015-09-30": 0, "2015-06-30": 0, "2015-03-31": "", "2014-12-31": 0, "2014-09-30": 0, "2014-06-30": 0, "2014-03-31": "", "2013-12-31": 0, "2013-09-30": 0, "2013-06-30": 0, "2012-12-31": 0}, "Net Current Debt": {"2020-09-30": 0, "2020-06-30": 0, "2020-03-31": "", "2019-12-31": 0, "2019-09-30": 0, "2019-06-30": 0, "2019-03-31": "", "2018-12-31": 0, "2018-09-30": 0, "2018-06-30": 0, "2018-03-31": "", "2017-12-31": 0, "2017-09-30": 0, "2017-06-30": 0, "2017-03-31": "", "2016-12-31": 0, "2016-09-30": 0, "2016-06-30": 0, "2016-03-31": "", "2015-12-31": 0, "2015-09-30": 0, "2015-06-30": 0, "2015-03-31": "", "2014-12-31": 0, "2014-09-30": 0, "2014-06-30": 0, "2014-03-31": "", "2013-12-31": 0, "2013-09-30": 0, "2013-06-30": 0, "2012-12-31": 0}, "Debt Issuance/Retirement Net - Total": {"2020-09-30": 459.9861, "2020-06-30": 427.423, "2020-03-31": "100.00000", "2019-12-31": 0, "2019-09-30": 935.146, "2019-06-30": 0, "2019-03-31": "", "2018-12-31": 562.047, "2018-09-30": 0, "2018-06-30": 0, "2018-03-31": "", "2017-12-31": 0, "2017-09-30": 420.449, "2017-06-30": 0, "2017-03-31": "", "2016-12-31": 0, "2016-09-30": 0, "2016-06-30": 0, "2016-03-31": "", "2015-12-31": 0, "2015-09-30": 0, "2015-06-30": 0, "2015-03-31": "", "2014-12-31": 0, "2014-09-30": 0, "2014-06-30": 0, "2014-03-31": "", "2013-12-31": 0, "2013-09-30": 0, "2013-06-30": 0, "2012-12-31": 0}, "Net Common Equity Issued/Repurchased": {"2020-09-30": -280.456, "2020-06-30": 0.095, "2020-03-31": "0.12500", "2019-12-31": 0.113, "2019-09-30": -0.08, "2019-06-30": 0.013, "2019-03-31": "0.06700", "2018-12-31": 0.034, "2018-09-30": 0.03, "2018-06-30": 0.045, "2018-03-31": "0.02900", "2017-12-31": 0.031, "2017-09-30": 0.051, "2017-06-30": 0.108, "2017-03-31": "0.05400", "2016-12-31": 0.043, "2016-09-30": 0.166, "2016-06-30": -0.051, "2016-03-31": "0.05100", "2015-12-31": 0.121, "2015-09-30": 0.102, "2015-06-30": 0.257, "2015-03-31": "0.01500", "2014-12-31": 0.012, "2014-09-30": 0, "2014-06-30": 0, "2014-03-31": "-23.50000", "2013-12-31": 0, "2013-09-30": 0, "2013-06-30": 0, "2012-12-31": 0}, "Net Total Equity Issued/Repurchased": {"2020-09-30": -280.456, "2020-06-30": 0.095, "2020-03-31": "0.12500", "2019-12-31": 0.113, "2019-09-30": -0.08, "2019-06-30": 0.013, "2019-03-31": "0.06700", "2018-12-31": 0.034, "2018-09-30": 0.03, "2018-06-30": 0.045, "2018-03-31": "0.02900", "2017-12-31": 0.031, "2017-09-30": 0.051, "2017-06-30": 0.108, "2017-03-31": "0.05400", "2016-12-31": 0.043, "2016-09-30": 0.036, "2016-06-30": 0.079, "2016-03-31": "0.05100", "2015-12-31": 0.121, "2015-09-30": 0.102, "2015-06-30": 0.257, "2015-03-31": "0.01500", "2014-12-31": 0.012, "2014-09-30": 0, "2014-06-30": 0, "2014-03-31": "131.27400", "2013-12-31": 0, "2013-09-30": 0, "2013-06-30": -44.24, "2012-12-31": 44.24}, "Total Common And Preferred Stock Dividends Paid": {"2020-09-30": 0, "2020-06-30": 0, "2020-03-31": "", "2019-12-31": 0, "2019-09-30": 0, "2019-06-30": 0, "2019-03-31": "", "2018-12-31": 0, "2018-09-30": 0, "2018-06-30": 0, "2018-03-31": "", "2017-12-31": 0, "2017-09-30": 0, "2017-06-30": 0, "2017-03-31": "", "2016-12-31": 0, "2016-09-30": 0, "2016-06-30": 0, "2016-03-31": "", "2015-12-31": 0, "2015-09-30": 0, "2015-06-30": 0, "2015-03-31": "", "2014-12-31": -24.516, "2014-09-30": 0, "2014-06-30": 0, "2014-03-31": "-15.00000", "2013-12-31": 0, "2013-09-30": 0, "2013-06-30": 0, "2012-12-31": 0}, "Financial Activities - Other": {"2020-09-30": -254.644, "2020-06-30": 0, "2020-03-31": "", "2019-12-31": -0.816, "2019-09-30": -146.724, "2019-06-30": -0.259, "2019-03-31": "-0.95600", "2018-12-31": -93.625, "2018-09-30": -0.462, "2018-06-30": -0.244, "2018-03-31": "-0.39100", "2017-12-31": -0.285, "2017-09-30": -44.185, "2017-06-30": -0.66, "2017-03-31": "-0.59200", "2016-12-31": -2.666, "2016-09-30": -6.052, "2016-06-30": -5.753, "2016-03-31": "-6.62100", "2015-12-31": -6.212, "2015-09-30": -5.062, "2015-06-30": -3.586, "2015-03-31": "-4.25100", "2014-12-31": 254.908, "2014-09-30": 0, "2014-06-30": -0.974, "2014-03-31": "-4.55400", "2013-12-31": 0, "2013-09-30": 0, "2013-06-30": -0.7, "2012-12-31": 0.7}, "Cash Flow From Financial Activities": {"2020-09-30": -75.114, "2020-06-30": 427.518, "2020-03-31": "100.12500", "2019-12-31": -0.703, "2019-09-30": 788.342, "2019-06-30": -0.246, "2019-03-31": "-0.88900", "2018-12-31": 468.456, "2018-09-30": -0.432, "2018-06-30": -0.199, "2018-03-31": "-0.36200", "2017-12-31": -0.254, "2017-09-30": 376.315, "2017-06-30": -0.552, "2017-03-31": "-0.53800", "2016-12-31": -2.623, "2016-09-30": -6.016, "2016-06-30": -5.674, "2016-03-31": "-6.57000", "2015-12-31": -6.091, "2015-09-30": -4.96, "2015-06-30": -3.329, "2015-03-31": "-4.23600", "2014-12-31": 230.404, "2014-09-30": 0, "2014-06-30": -0.974, "2014-03-31": "111.72000", "2013-12-31": 0, "2013-09-30": 0, "2013-06-30": -44.94, "2012-12-31": 44.94}, "Net Cash Flow": {"2020-09-30": 261.468, "2020-06-30": 1556.99, "2020-03-31": "41.72800", "2019-12-31": -712.632, "2019-09-30": 620.274, "2019-06-30": -47.249, "2019-03-31": "-127.10100", "2018-12-31": 360.825, "2018-09-30": -40.816, "2018-06-30": 7.426, "2018-03-31": "-36.93400", "2017-12-31": 5.239, "2017-09-30": 349.911, "2017-06-30": -8.598, "2017-03-31": "-67.43200", "2016-12-31": 71.496, "2016-09-30": -11.955, "2016-06-30": -28.499, "2016-03-31": "-85.37800", "2015-12-31": 55.486, "2015-09-30": 42.116, "2015-06-30": 30.492, "2015-03-31": "-149.77700", "2014-12-31": 325.552, "2014-09-30": -57.474, "2014-06-30": -47.314, "2014-03-31": "69.80600", "2013-12-31": 25.547, "2013-09-30": -7.774, "2013-06-30": -56.173, "2012-12-31": 25.83}, "Stock-Based Compensation": {"2020-09-30": 70.118, "2020-06-30": 67.632, "2020-03-31": "59.44900", "2019-12-31": 65.437, "2019-09-30": 61.767, "2019-06-30": 53.187, "2019-03-31": "47.06000", "2018-12-31": 39.416, "2018-09-30": 33.935, "2018-06-30": 29.813, "2018-03-31": "24.40000", "2017-12-31": 21.1, "2017-09-30": 18.278, "2017-06-30": 14.833, "2017-03-31": "13.62900", "2016-12-31": 14.214, "2016-09-30": 14.726, "2016-06-30": 10.747, "2016-03-31": "9.71500", "2015-12-31": 9.274, "2015-09-30": 7.507, "2015-06-30": 6.592, "2015-03-31": "7.64200", "2014-12-31": 55.281, "2014-09-30": 0, "2014-06-30": 0.974, "2014-03-31": "4.55400", "2013-12-31": 0, "2013-09-30": 0, "2013-06-30": 0, "2012-12-31": 0}, "Common Stock Dividends Paid": {"2020-09-30": 0, "2020-06-30": 0, "2020-03-31": "", "2019-12-31": 0, "2019-09-30": 0, "2019-06-30": 0, "2019-03-31": "", "2018-12-31": 0, "2018-09-30": 0, "2018-06-30": 0, "2018-03-31": "", "2017-12-31": 0, "2017-09-30": 0, "2017-06-30": 0, "2017-03-31": "", "2016-12-31": 0, "2016-09-30": 0, "2016-06-30": 0, "2016-03-31": "", "2015-12-31": 0, "2015-09-30": 0, "2015-06-30": 0, "2015-03-31": "", "2014-12-31": 0, "2014-09-30": 0, "2014-06-30": 0, "2014-03-31": "", "2013-12-31": 0, "2013-09-30": 0, "2013-06-30": 0, "2012-12-31": 0}}, "financial ratios": {"Current Ratio": {"2019-12-31": "0.85460", "2018-12-31": "1.10250", "2017-12-31": "1.10420", "2016-12-31": "0.85620", "2015-12-31": "1.24000", "2014-12-31": "2.09320", "2013-12-31": "1.12300", "2012-12-31": "1.42850"}, "Long-term Debt / Capital": {"2019-12-31": "2.84420", "2018-12-31": "1.55940", "2017-12-31": "1.13160", "2016-12-31": "0.26690", "2015-12-31": "", "2014-12-31": "", "2013-12-31": "", "2012-12-31": ""}, "Debt/Equity Ratio": {"2019-12-31": "-1.54220", "2018-12-31": "-2.78770", "2017-12-31": "-8.59700", "2016-12-31": "0.36410", "2015-12-31": "", "2014-12-31": "", "2013-12-31": "", "2012-12-31": ""}, "Gross Margin": {"2019-12-31": "23.52710", "2018-12-31": "23.40590", "2017-12-31": "23.69940", "2016-12-31": "23.89720", "2015-12-31": "24.03340", "2014-12-31": "23.58680", "2013-12-31": "24.48470", "2012-12-31": "24.15010"}, "Operating Margin": {"2019-12-31": "-10.18880", "2018-12-31": "-6.98140", "2017-12-31": "-4.98750", "2016-12-31": "-5.80460", "2015-12-31": "-3.61570", "2014-12-31": "-11.20470", "2013-12-31": "-1.74910", "2012-12-31": "-3.55960"}, "EBIT Margin": {"2019-12-31": "-10.18880", "2018-12-31": "-6.98140", "2017-12-31": "-4.98750", "2016-12-31": "-5.80460", "2015-12-31": "-3.61570", "2014-12-31": "-11.20470", "2013-12-31": "-1.74910", "2012-12-31": "-3.55960"}, "EBITDA Margin": {"2019-12-31": "-7.40010", "2018-12-31": "-4.82580", "2017-12-31": "-3.02070", "2016-12-31": "-4.16070", "2015-12-31": "-2.17360", "2014-12-31": "-9.53640", "2013-12-31": "-0.31970", "2012-12-31": "-2.00640"}, "Pre-Tax Profit Margin": {"2019-12-31": "-10.75460", "2018-12-31": "-7.40570", "2017-12-31": "-5.17120", "2016-12-31": "-5.73210", "2015-12-31": "-3.43790", "2014-12-31": "-11.21520", "2013-12-31": "-1.69020", "2012-12-31": "-3.49480"}, "Net Profit Margin": {"2019-12-31": "-10.78750", "2018-12-31": "-7.43570", "2017-12-31": "-5.18150", "2016-12-31": "-5.75010", "2015-12-31": "-3.44210", "2014-12-31": "-11.38550", "2013-12-31": "-4.46740", "2012-12-31": "-5.52540"}, "Asset Turnover": {"2019-12-31": "3.09070", "2018-12-31": "3.58530", "2017-12-31": "3.89060", "2016-12-31": "4.43800", "2015-12-31": "3.23920", "2014-12-31": "2.37430", "2013-12-31": "4.66540", "2012-12-31": "3.67430"}, "Inventory Turnover Ratio": {"2019-12-31": "113.13830", "2018-12-31": "112.47840", "2017-12-31": "128.45270", "2016-12-31": "138.68190", "2015-12-31": "85.88750", "2014-12-31": "50.90680", "2013-12-31": "46.22080", "2012-12-31": "57.64050"}, "Receiveable Turnover": {"2019-12-31": "91.52680", "2018-12-31": "133.96780", "2017-12-31": "124.40430", "2016-12-31": "176.86180", "2015-12-31": "227.12350", "2014-12-31": "221.70970", "2013-12-31": "119.11080", "2012-12-31": "38.12180"}, "Days Sales In Receivables": {"2019-12-31": "3.98790", "2018-12-31": "2.72450", "2017-12-31": "2.93400", "2016-12-31": "2.06380", "2015-12-31": "1.60710", "2014-12-31": "1.64630", "2013-12-31": "3.06440", "2012-12-31": "9.57460"}, "ROE - Return On Equity": {"2019-12-31": "104.27620", "2018-12-31": "152.41850", "2017-12-31": "506.14330", "2016-12-31": "-244.85410", "2015-12-31": "-31.92930", "2014-12-31": "-48.47110", "2013-12-31": "8.12120", "2012-12-31": "13.96300"}, "Return On Tangible Equity": {"2019-12-31": "102.23950", "2018-12-31": "151.23640", "2017-12-31": "475.58720", "2016-12-31": "-258.63570", "2015-12-31": "-32.42420", "2014-12-31": "-49.52100", "2013-12-31": "-37.93860", "2012-12-31": "-34.62600"}, "ROA - Return On Assets": {"2019-12-31": "-33.34130", "2018-12-31": "-26.65890", "2017-12-31": "-20.15930", "2016-12-31": "-25.51920", "2015-12-31": "-11.14960", "2014-12-31": "-26.65920", "2013-12-31": "-7.90910", "2012-12-31": "-12.87160"}, "ROI - Return On Investment": {"2019-12-31": "-192.30650", "2018-12-31": "-85.25830", "2017-12-31": "-66.62400", "2016-12-31": "-179.50480", "2015-12-31": "-31.92930", "2014-12-31": "-48.47110", "2013-12-31": "-31.04700", "2012-12-31": "-32.38880"}, "Book Value Per Share": {"2019-12-31": "-10.08760", "2018-12-31": "-3.64440", "2017-12-31": "-0.54790", "2016-12-31": "0.92490", "2015-12-31": "2.87680", "2014-12-31": "3.67310", "2013-12-31": "1.11370", "2012-12-31": "1.45040"}, "Operating Cash Flow Per Share": {"2019-12-31": -3.0832, "2018-12-31": 0.5618, "2017-12-31": -0.3525, "2016-12-31": -0.8746, "2015-12-31": 1.5323, "2014-12-31": -0.7511, "2013-12-31": 0.737, "2012-12-31": 0.0956}, "Free Cash Flow Per Share": {"2019-12-31": -4.2511, "2018-12-31": -0.0627, "2017-12-31": -0.3694, "2016-12-31": -1.4794, "2015-12-31": 1.6282, "2014-12-31": -1.2172, "2013-12-31": 0.7686, "2012-12-31": -0.099}}, "financial ratios, quarterly": {"Current Ratio": {"2020-09-30": "1.37260", "2020-06-30": "1.26080", "2020-03-31": "0.85560", "2019-12-31": "0.85460", "2019-09-30": "1.16530", "2019-06-30": "0.79260", "2019-03-31": "0.90890", "2018-12-31": "1.10250", "2018-09-30": "0.76140", "2018-06-30": "0.89180", "2018-03-31": "0.99650", "2017-12-31": "1.10420", "2017-09-30": "1.19430", "2017-06-30": "0.69710", "2017-03-31": "0.76310", "2016-12-31": "0.85620", "2016-09-30": "0.87970", "2016-06-30": "0.99420", "2016-03-31": "1.09300", "2015-12-31": "1.24000", "2015-09-30": "1.38050", "2015-06-30": "1.51170", "2015-03-31": "1.67680", "2014-12-31": "2.09320", "2014-09-30": "1.24300", "2014-06-30": "1.46150", "2014-03-31": "", "2013-12-31": "", "2013-09-30": "", "2013-06-30": "", "2012-12-31": ""}, "Long-term Debt / Capital": {"2020-09-30": "2.04070", "2020-06-30": "1.65570", "2020-03-31": "3.88760", "2019-12-31": "2.84420", "2019-09-30": "1.90570", "2019-06-30": "4.87440", "2019-03-31": "2.76800", "2018-12-31": "1.55940", "2018-09-30": "2.42910", "2018-06-30": "1.67910", "2018-03-31": "1.43480", "2017-12-31": "1.13160", "2017-09-30": "0.99270", "2017-06-30": "0.87390", "2017-03-31": "0.53260", "2016-12-31": "0.26690", "2016-09-30": "0.20730", "2016-06-30": "0.15550", "2016-03-31": "", "2015-12-31": "", "2015-09-30": "", "2015-06-30": "", "2015-03-31": "", "2014-12-31": "", "2014-09-30": "", "2014-06-30": "", "2014-03-31": "", "2013-12-31": "", "2013-09-30": "", "2013-06-30": "", "2012-12-31": ""}, "Debt/Equity Ratio": {"2020-09-30": "-1.96090", "2020-06-30": "-2.52510", "2020-03-31": "-1.34630", "2019-12-31": "-1.54220", "2019-09-30": "-2.10410", "2019-06-30": "-1.25810", "2019-03-31": "-1.56560", "2018-12-31": "-2.78770", "2018-09-30": "-1.69970", "2018-06-30": "-2.47240", "2018-03-31": "-3.29990", "2017-12-31": "-8.59700", "2017-09-30": "135.58110", "2017-06-30": "6.92840", "2017-03-31": "1.13930", "2016-12-31": "0.36410", "2016-09-30": "0.26150", "2016-06-30": "0.18420", "2016-03-31": "", "2015-12-31": "", "2015-09-30": "", "2015-06-30": "", "2015-03-31": "", "2014-12-31": "", "2014-09-30": "", "2014-06-30": "", "2014-03-31": "", "2013-12-31": "", "2013-09-30": "", "2013-06-30": "", "2012-12-31": ""}, "Gross Margin": {"2020-09-30": "29.88430", "2020-06-30": "30.68830", "2020-03-31": "24.85440", "2019-12-31": "22.78890", "2019-09-30": "23.41900", "2019-06-30": "23.88140", "2019-03-31": "24.19010", "2018-12-31": "24.08740", "2018-09-30": "23.02770", "2018-06-30": "23.25970", "2018-03-31": "23.06000", "2017-12-31": "23.08280", "2017-09-30": "23.39420", "2017-06-30": "23.99830", "2017-03-31": "24.65410", "2016-12-31": "24.23220", "2016-09-30": "23.40740", "2016-06-30": "23.95570", "2016-03-31": "23.95890", "2015-12-31": "23.75030", "2015-09-30": "23.80350", "2015-06-30": "24.56540", "2015-03-31": "24.23230", "2014-12-31": "24.08360", "2014-09-30": "23.50680", "2014-06-30": "23.17040", "2014-03-31": "23.39630", "2013-12-31": "", "2013-09-30": "24.71370", "2013-06-30": "", "2012-12-31": ""}, "Operating Margin": {"2020-09-30": "5.77810", "2020-06-30": "6.96910", "2020-03-31": "-11.24720", "2019-12-31": "-12.05540", "2019-09-30": "-11.26480", "2019-06-30": "-7.30510", "2019-03-31": "-9.95630", "2018-12-31": "-6.43520", "2018-09-30": "-8.51680", "2018-06-30": "-5.75980", "2018-03-31": "-7.33970", "2017-12-31": "-4.70720", "2017-09-30": "-6.17240", "2017-06-30": "-3.34430", "2017-03-31": "-5.84980", "2016-12-31": "-4.44440", "2016-09-30": "-7.15240", "2016-06-30": "-6.19240", "2016-03-31": "-5.63450", "2015-12-31": "-2.16190", "2015-09-30": "-3.13770", "2015-06-30": "-3.95990", "2015-03-31": "-6.42030", "2014-12-31": "-17.74240", "2014-09-30": "-7.09840", "2014-06-30": "-7.87510", "2014-03-31": "-10.10200", "2013-12-31": "", "2013-09-30": "-1.54660", "2013-06-30": "", "2012-12-31": ""}, "EBIT Margin": {"2020-09-30": "5.77810", "2020-06-30": "6.96910", "2020-03-31": "-11.24720", "2019-12-31": "-12.05540", "2019-09-30": "-11.26480", "2019-06-30": "-7.30510", "2019-03-31": "-9.95630", "2018-12-31": "-6.43520", "2018-09-30": "-8.51680", "2018-06-30": "-5.75980", "2018-03-31": "-7.33970", "2017-12-31": "-4.70730", "2017-09-30": "-6.17240", "2017-06-30": "-3.34430", "2017-03-31": "-5.84980", "2016-12-31": "-4.44440", "2016-09-30": "-7.15240", "2016-06-30": "-6.19240", "2016-03-31": "-5.63450", "2015-12-31": "-2.16190", "2015-09-30": "-3.13770", "2015-06-30": "-3.95990", "2015-03-31": "-6.42030", "2014-12-31": "-17.74240", "2014-09-30": "-7.09840", "2014-06-30": "-7.87510", "2014-03-31": "-10.10200", "2013-12-31": "", "2013-09-30": "-1.54660", "2013-06-30": "", "2012-12-31": ""}, "EBITDA Margin": {"2020-09-30": "", "2020-06-30": "", "2020-03-31": "", "2019-12-31": "", "2019-09-30": "", "2019-06-30": "", "2019-03-31": "", "2018-12-31": "", "2018-09-30": "", "2018-06-30": "", "2018-03-31": "", "2017-12-31": "", "2017-09-30": "", "2017-06-30": "", "2017-03-31": "", "2016-12-31": "", "2016-09-30": "", "2016-06-30": "", "2016-03-31": "", "2015-12-31": "", "2015-09-30": "", "2015-06-30": "", "2015-03-31": "", "2014-12-31": "", "2014-09-30": "", "2014-06-30": "", "2014-03-31": "", "2013-12-31": "", "2013-09-30": "", "2013-06-30": "", "2012-12-31": ""}, "Pre-Tax Profit Margin": {"2020-09-30": "4.47850", "2020-06-30": "6.36910", "2020-03-31": "-12.21130", "2019-12-31": "-12.97480", "2019-09-30": "-11.79620", "2019-06-30": "-7.72890", "2019-03-31": "-10.27310", "2018-12-31": "-7.08840", "2018-09-30": "-8.86930", "2018-06-30": "-6.06970", "2018-03-31": "-7.65770", "2017-12-31": "-5.06990", "2017-09-30": "-6.35890", "2017-06-30": "-3.44220", "2017-03-31": "-5.86260", "2016-12-31": "-4.45920", "2016-09-30": "-7.08310", "2016-06-30": "-6.09370", "2016-03-31": "-5.47110", "2015-12-31": "-2.08590", "2015-09-30": "-2.62070", "2015-06-30": "-3.91680", "2015-03-31": "-6.38360", "2014-12-31": "-17.73170", "2014-09-30": "-7.16380", "2014-06-30": "-7.91130", "2014-03-31": "-10.05030", "2013-12-31": "", "2013-09-30": "-1.27690", "2013-06-30": "", "2012-12-31": ""}, "Net Profit Margin": {"2020-09-30": "4.51000", "2020-06-30": "6.36230", "2020-03-31": "-12.26860", "2019-12-31": "-13.03430", "2019-09-30": "-11.79950", "2019-06-30": "-7.76430", "2019-03-31": "-10.30370", "2018-12-31": "-7.14220", "2018-09-30": "-8.89550", "2018-06-30": "-6.08570", "2018-03-31": "-7.67480", "2017-12-31": "-5.05700", "2017-09-30": "-6.37870", "2017-06-30": "-3.46220", "2017-03-31": "-5.88440", "2016-12-31": "-4.46450", "2016-09-30": "-7.07350", "2016-06-30": "-6.13450", "2016-03-31": "-5.51350", "2015-12-31": "-2.09450", "2015-09-30": "-2.60580", "2015-06-30": "-3.93170", "2015-03-31": "-6.39440", "2014-12-31": "-14.22400", "2014-09-30": "-8.59370", "2014-06-30": "-9.47070", "2014-03-31": "-12.62110", "2013-12-31": "", "2013-09-30": "-3.24650", "2013-06-30": "", "2012-12-31": ""}, "Asset Turnover": {"2020-09-30": "0.84230", "2020-06-30": "0.98290", "2020-03-31": "0.84690", "2019-12-31": "0.85790", "2019-09-30": "0.76650", "2019-06-30": "1.07390", "2019-03-31": "0.92000", "2018-12-31": "1.06510", "2018-09-30": "1.31240", "2018-06-30": "1.28590", "2018-03-31": "1.14500", "2017-12-31": "1.18590", "2017-09-30": "1.05280", "2017-06-30": "1.49420", "2017-03-31": "1.29470", "2016-12-31": "1.29260", "2016-09-30": "1.25930", "2016-06-30": "1.18520", "2016-03-31": "1.11970", "2015-12-31": "1.06510", "2015-09-30": "0.98770", "2015-06-30": "0.90400", "2015-03-31": "0.79890", "2014-12-31": "0.73560", "2014-09-30": "1.29040", "2014-06-30": "1.06650", "2014-03-31": "", "2013-12-31": "", "2013-09-30": "", "2013-06-30": "", "2012-12-31": ""}, "Inventory Turnover Ratio": {"2020-09-30": "49.63300", "2020-06-30": "69.64460", "2020-03-31": "30.94960", "2019-12-31": "31.70810", "2019-09-30": "25.72890", "2019-06-30": "39.10570", "2019-03-31": "33.78260", "2018-12-31": "33.11850", "2018-09-30": "36.75150", "2018-06-30": "41.36270", "2018-03-31": "31.27190", "2017-12-31": "39.47120", "2017-09-30": "49.31440", "2017-06-30": "58.40340", "2017-03-31": "50.07550", "2016-12-31": "40.21450", "2016-09-30": "34.38940", "2016-06-30": "34.39950", "2016-03-31": "31.99300", "2015-12-31": "28.34610", "2015-09-30": "20.06860", "2015-06-30": "17.39840", "2015-03-31": "16.06800", "2014-12-31": "15.66870", "2014-09-30": "12.17730", "2014-06-30": "11.46210", "2014-03-31": "", "2013-12-31": "", "2013-09-30": "", "2013-06-30": "", "2012-12-31": ""}, "Receiveable Turnover": {"2020-09-30": "35.01600", "2020-06-30": "36.17860", "2020-03-31": "21.13260", "2019-12-31": "25.40600", "2019-09-30": "30.46480", "2019-06-30": "30.31570", "2019-03-31": "32.09500", "2018-12-31": "39.80010", "2018-09-30": "41.58790", "2018-06-30": "47.53340", "2018-03-31": "43.91500", "2017-12-31": "37.92070", "2017-09-30": "43.53760", "2017-06-30": "47.00110", "2017-03-31": "44.13530", "2016-12-31": "51.51250", "2016-09-30": "51.62230", "2016-06-30": "55.56220", "2016-03-31": "63.04610", "2015-12-31": "74.68100", "2015-09-30": "61.11450", "2015-06-30": "69.61380", "2015-03-31": "53.32630", "2014-12-31": "68.68700", "2014-09-30": "63.26460", "2014-06-30": "44.44670", "2014-03-31": "", "2013-12-31": "", "2013-09-30": "", "2013-06-30": "", "2012-12-31": ""}, "Days Sales In Receivables": {"2020-09-30": "2.57030", "2020-06-30": "2.48770", "2020-03-31": "4.25880", "2019-12-31": "3.54250", "2019-09-30": "2.95420", "2019-06-30": "2.96880", "2019-03-31": "2.80420", "2018-12-31": "2.26130", "2018-09-30": "2.16410", "2018-06-30": "1.89340", "2018-03-31": "2.04940", "2017-12-31": "2.37340", "2017-09-30": "2.06720", "2017-06-30": "1.91480", "2017-03-31": "2.03920", "2016-12-31": "1.74710", "2016-09-30": "1.74340", "2016-06-30": "1.61980", "2016-03-31": "1.42750", "2015-12-31": "1.20510", "2015-09-30": "1.47260", "2015-06-30": "1.29280", "2015-03-31": "1.68770", "2014-12-31": "1.31030", "2014-09-30": "1.42260", "2014-06-30": "2.02490", "2014-03-31": "", "2013-12-31": "", "2013-09-30": "", "2013-06-30": "", "2012-12-31": ""}, "ROE - Return On Equity": {"2020-09-30": "-11.86410", "2020-06-30": "-34.78280", "2020-03-31": "24.40370", "2019-12-31": "34.97340", "2019-09-30": "39.86280", "2019-06-30": "30.05470", "2019-03-31": "41.82200", "2018-12-31": "43.49440", "2018-09-30": "48.59570", "2018-06-30": "51.53220", "2018-03-31": "84.72610", "2017-12-31": "150.57420", "2017-09-30": "-2523.25500", "2017-06-30": "-325.58630", "2017-03-31": "-155.06280", "2016-12-31": "-55.37140", "2016-09-30": "-55.14730", "2016-06-30": "-29.78330", "2016-03-31": "-20.09940", "2015-12-31": "-6.38850", "2015-09-30": "-6.07700", "2015-06-30": "-7.24540", "2015-03-31": "-9.60310", "2014-12-31": "-23.74620", "2014-09-30": "7.88030", "2014-06-30": "8.42480", "2014-03-31": "", "2013-12-31": "", "2013-09-30": "", "2013-06-30": "", "2012-12-31": ""}, "Return On Tangible Equity": {"2020-09-30": "-11.72270", "2020-06-30": "-34.00510", "2020-03-31": "24.02610", "2019-12-31": "34.29040", "2019-09-30": "38.77130", "2019-06-30": "30.02690", "2019-03-31": "41.76100", "2018-12-31": "43.15700", "2018-09-30": "48.17540", "2018-06-30": "50.77420", "2018-03-31": "82.63560", "2017-12-31": "141.48390", "2017-09-30": "21411.85000", "2017-06-30": "-469.95880", "2017-03-31": "-173.89670", "2016-12-31": "-58.48790", "2016-09-30": "-57.50470", "2016-06-30": "-30.40400", "2016-03-31": "-20.44900", "2015-12-31": "-6.48750", "2015-09-30": "-6.17150", "2015-06-30": "-7.40840", "2015-03-31": "-9.81560", "2014-12-31": "-24.26060", "2014-09-30": "-28.96060", "2014-06-30": "-21.91150", "2014-03-31": "", "2013-12-31": "", "2013-09-30": "", "2013-06-30": "", "2012-12-31": ""}, "ROA - Return On Assets": {"2020-09-30": "3.79880", "2020-06-30": "6.25360", "2020-03-31": "-10.38970", "2019-12-31": "-11.18240", "2019-09-30": "-9.04480", "2019-06-30": "-8.33770", "2019-03-31": "-9.47970", "2018-12-31": "-7.60740", "2018-09-30": "-11.67450", "2018-06-30": "-7.82540", "2018-03-31": "-8.78760", "2017-12-31": "-5.99730", "2017-09-30": "-6.71530", "2017-06-30": "-5.17310", "2017-03-31": "-7.61850", "2016-12-31": "-5.77090", "2016-09-30": "-8.90780", "2016-06-30": "-7.27050", "2016-03-31": "-6.17370", "2015-12-31": "-2.23080", "2015-09-30": "-2.57390", "2015-06-30": "-3.55410", "2015-03-31": "-5.10840", "2014-12-31": "-13.06050", "2014-09-30": "-9.26700", "2014-06-30": "-8.43810", "2014-03-31": "", "2013-12-31": "", "2013-09-30": "", "2013-06-30": "", "2012-12-31": ""}, "ROI - Return On Investment": {"2020-09-30": "12.34650", "2020-06-30": "22.80750", "2020-03-31": "-70.46780", "2019-12-31": "-64.49810", "2019-09-30": "-36.10300", "2019-06-30": "-116.44250", "2019-03-31": "-73.94180", "2018-12-31": "-24.32940", "2018-09-30": "-69.44780", "2018-06-30": "-34.99800", "2018-03-31": "-36.83840", "2017-12-31": "-19.82020", "2017-09-30": "-18.47430", "2017-06-30": "-41.06590", "2017-03-31": "-72.48220", "2016-12-31": "-40.59330", "2016-09-30": "-43.71470", "2016-06-30": "-25.15060", "2016-03-31": "-20.09940", "2015-12-31": "-6.38850", "2015-09-30": "-6.07700", "2015-06-30": "-7.24540", "2015-03-31": "-9.60310", "2014-12-31": "-23.74620", "2014-09-30": "-26.50370", "2014-06-30": "-20.28020", "2014-03-31": "", "2013-12-31": "", "2013-09-30": "", "2013-06-30": "", "2012-12-31": ""}, "Book Value Per Share": {"2020-09-30": "-15.26810", "2020-06-30": "-8.28270", "2020-03-31": "-12.41380", "2019-12-31": "-10.08760", "2019-09-30": "-7.34790", "2019-06-30": "-6.57300", "2019-03-31": "-5.24220", "2018-12-31": "-3.64440", "2018-09-30": "-3.46430", "2018-06-30": "-2.18470", "2018-03-31": "-1.43160", "2017-12-31": "-0.54790", "2017-09-30": "0.03460", "2017-06-30": "0.13720", "2017-03-31": "0.42180", "2016-12-31": "0.92490", "2016-09-30": "1.29390", "2016-06-30": "1.90900", "2016-03-31": "2.42240", "2015-12-31": "2.87680", "2015-09-30": "3.03070", "2015-06-30": "3.18630", "2015-03-31": "3.38550", "2014-12-31": "3.67310", "2014-09-30": "2.08050", "2014-06-30": "2.63250", "2014-03-31": "", "2013-12-31": "", "2013-09-30": "", "2013-06-30": "", "2012-12-31": ""}, "Operating Cash Flow Per Share": {"2020-09-30": 3.7517, "2020-06-30": 10.0527, "2020-03-31": "-2.72390", "2019-12-31": -0.4001, "2019-09-30": -0.8187, "2019-06-30": -0.023, "2019-03-31": "-0.89290", "2018-12-31": 0.4771, "2018-09-30": 0.0841, "2018-06-30": 0.5351, "2018-03-31": "-0.14780", "2017-12-31": 0.4239, "2017-09-30": 0.2857, "2017-06-30": 0.2129, "2017-03-31": "-0.53580", "2016-12-31": 0.8647, "2016-09-30": 0.1847, "2016-06-30": 0.2962, "2016-03-31": "-0.60640", "2015-12-31": 1.0803, "2015-09-30": 0.6142, "2015-06-30": 0.3424, "2015-03-31": "-0.42310", "2014-12-31": 1.3363, "2014-09-30": -0.2732, "2014-06-30": -0.3878, "2014-03-31": "-0.59380", "2013-12-31": 0.1553, "2013-09-30": -0.1553, "2013-06-30": 0, "2012-12-31": 0}, "Free Cash Flow Per Share": {"2020-09-30": 3.2858, "2020-06-30": 9.8161, "2020-03-31": "-3.36120", "2019-12-31": -1.3594, "2019-09-30": -1.5503, "2019-06-30": -0.6139, "2019-03-31": "-1.55840", "2018-12-31": -0.0717, "2018-09-30": -0.4612, "2018-06-30": 0.0913, "2018-03-31": "-0.38930", "2017-12-31": 0.1458, "2017-09-30": -0.0659, "2017-06-30": -0.1734, "2017-03-31": "-0.67470", "2016-12-31": 0.6884, "2016-09-30": -0.0524, "2016-06-30": -0.1451, "2016-03-31": "-0.88970", "2015-12-31": 0.9845, "2015-09-30": 0.4783, "2015-06-30": 0.1857, "2015-03-31": "-0.56790", "2014-12-31": 1.4766, "2014-09-30": -0.442, "2014-06-30": -0.7124, "2014-03-31": "-0.86980", "2013-12-31": 0.2622, "2013-09-30": -0.2622, "2013-06-30": 0, "2012-12-31": 0}}, "revenue": {"Wayfair Annual Revenue (Millions of US $)": {"2019": "$9,127", "2018": "$6,779", "2017": "$4,721", "2016": "$3,380", "2015": "$2,250", "2014": "$1,319", "2013": "$916", "2012": "$601"}, "Wayfair Quarterly Revenue (Millions of US $)": {"2020-09-30": "$3,840", "2020-06-30": "$4,305", "2020-03-31": "$2,330", "2019-12-31": "$2,533", "2019-09-30": "$2,305", "2019-06-30": "$2,343", "2019-03-31": "$1,945", "2018-12-31": "$2,014", "2018-09-30": "$1,706", "2018-06-30": "$1,655", "2018-03-31": "$1,404", "2017-12-31": "$1,439", "2017-09-30": "$1,198", "2017-06-30": "$1,123", "2017-03-31": "$961", "2016-12-31": "$985", "2016-09-30": "$862", "2016-06-30": "$787", "2016-03-31": "$747", "2015-12-31": "$740", "2015-09-30": "$594", "2015-06-30": "$492", "2015-03-31": "$424", "2014-12-31": "$409", "2014-09-30": "$336", "2014-06-30": "$295", "2014-03-31": "$279", "2013-12-31": "", "2013-09-30": "$237", "2013-06-30": "", "2012-12-31": ""}}, "gross-profit": {"Wayfair Annual Gross Profit (Millions of US $)": {"2019": "$2,147", "2018": "$1,587", "2017": "$1,119", "2016": "$808", "2015": "$541", "2014": "$311", "2013": "$224", "2012": "$145"}, "Wayfair Quarterly Gross Profit (Millions of US $)": {"2020-09-30": "$1,147", "2020-06-30": "$1,321", "2020-03-31": "$579", "2019-12-31": "$577", "2019-09-30": "$540", "2019-06-30": "$560", "2019-03-31": "$470", "2018-12-31": "$485", "2018-09-30": "$393", "2018-06-30": "$385", "2018-03-31": "$324", "2017-12-31": "$332", "2017-09-30": "$280", "2017-06-30": "$269", "2017-03-31": "$237", "2016-12-31": "$239", "2016-09-30": "$202", "2016-06-30": "$189", "2016-03-31": "$179", "2015-12-31": "$176", "2015-09-30": "$141", "2015-06-30": "$121", "2015-03-31": "$103", "2014-12-31": "$98", "2014-09-30": "$79", "2014-06-30": "$68", "2014-03-31": "$65", "2013-12-31": "", "2013-09-30": "$59", "2013-06-30": "", "2012-12-31": ""}}, "operating-income": {"Wayfair Annual Operating Income (Millions of US $)": {"2019": "$-930", "2018": "$-473", "2017": "$-235", "2016": "$-196", "2015": "$-81", "2014": "$-148", "2013": "$-16", "2012": "$-21"}, "Wayfair Quarterly Operating Income (Millions of US $)": {"2020-09-30": "$222", "2020-06-30": "$300", "2020-03-31": "$-262", "2019-12-31": "$-305", "2019-09-30": "$-260", "2019-06-30": "$-171", "2019-03-31": "$-194", "2018-12-31": "$-130", "2018-09-30": "$-145", "2018-06-30": "$-95", "2018-03-31": "$-103", "2017-12-31": "$-68", "2017-09-30": "$-74", "2017-06-30": "$-38", "2017-03-31": "$-56", "2016-12-31": "$-44", "2016-09-30": "$-62", "2016-06-30": "$-49", "2016-03-31": "$-42", "2015-12-31": "$-16", "2015-09-30": "$-19", "2015-06-30": "$-19", "2015-03-31": "$-27", "2014-12-31": "$-72", "2014-09-30": "$-24", "2014-06-30": "$-23", "2014-03-31": "$-28", "2013-12-31": "", "2013-09-30": "$-4", "2013-06-30": "", "2012-12-31": ""}}, "ebitda": {"Wayfair Annual EBITDA (Millions of US $)": {"2019": "$-675", "2018": "$-327", "2017": "$-143", "2016": "$-141", "2015": "$-49", "2014": "$-126", "2013": "$-3", "2012": "$-12"}, "Wayfair Quarterly EBITDA (Millions of US $)": {"2020-09-30": "$326", "2020-06-30": "$396", "2020-03-31": "$-176", "2019-12-31": "$-226", "2019-09-30": "$-192", "2019-06-30": "$-116", "2019-03-31": "$-142", "2018-12-31": "$-85", "2018-09-30": "$-108", "2018-06-30": "$-61", "2018-03-31": "$-73", "2017-12-31": "$-38", "2017-09-30": "$-50", "2017-06-30": "$-18", "2017-03-31": "$-36", "2016-12-31": "$-27", "2016-09-30": "$-46", "2016-06-30": "$-36", "2016-03-31": "$-32", "2015-12-31": "$-7", "2015-09-30": "$-9", "2015-06-30": "$-12", "2015-03-31": "$-21", "2014-12-31": "$-65", "2014-09-30": "$-18", "2014-06-30": "$-19", "2014-03-31": "$-24", "2013-12-31": "", "2013-09-30": "$-0", "2013-06-30": "", "2012-12-31": ""}}, "net-income": {"Wayfair Annual Net Income (Millions of US $)": {"2019": "$-985", "2018": "$-504", "2017": "$-245", "2016": "$-194", "2015": "$-77", "2014": "$-150", "2013": "$-41", "2012": "$-33"}, "Wayfair Quarterly Net Income (Millions of US $)": {"2020-09-30": "$173", "2020-06-30": "$274", "2020-03-31": "$-286", "2019-12-31": "$-330", "2019-09-30": "$-272", "2019-06-30": "$-182", "2019-03-31": "$-200", "2018-12-31": "$-144", "2018-09-30": "$-152", "2018-06-30": "$-101", "2018-03-31": "$-108", "2017-12-31": "$-73", "2017-09-30": "$-76", "2017-06-30": "$-39", "2017-03-31": "$-57", "2016-12-31": "$-44", "2016-09-30": "$-61", "2016-06-30": "$-48", "2016-03-31": "$-41", "2015-12-31": "$-15", "2015-09-30": "$-15", "2015-06-30": "$-19", "2015-03-31": "$-27", "2014-12-31": "$-58", "2014-09-30": "$-29", "2014-06-30": "$-28", "2014-03-31": "$-35", "2013-12-31": "", "2013-09-30": "$-8", "2013-06-30": "", "2012-12-31": ""}}, "eps-earnings-per-share-diluted": {"Wayfair Annual EPS": {"2019": "$-10.68", "2018": "$-5.63", "2017": "$-2.81", "2016": "$-2.29", "2015": "$-0.92", "2014": "$-2.97", "2013": "$-0.99", "2012": "$-0.80"}, "Wayfair Quarterly EPS": {"2020-09-30": "$1.67", "2020-06-30": "$2.54", "2020-03-31": "$-3.04", "2019-12-31": "$-3.56", "2019-09-30": "$-2.94", "2019-06-30": "$-1.98", "2019-03-31": "$-2.20", "2018-12-31": "$-1.59", "2018-09-30": "$-1.69", "2018-06-30": "$-1.13", "2018-03-31": "$-1.22", "2017-12-31": "$-0.82", "2017-09-30": "$-0.88", "2017-06-30": "$-0.45", "2017-03-31": "$-0.66", "2016-12-31": "$-0.51", "2016-09-30": "$-0.72", "2016-06-30": "$-0.57", "2016-03-31": "$-0.49", "2015-12-31": "$-0.18", "2015-09-30": "$-0.18", "2015-06-30": "$-0.23", "2015-03-31": "$-0.33", "2014-12-31": "$-0.72", "2014-09-30": "$-0.71", "2014-06-30": "$-0.69", "2014-03-31": "$-0.85", "2013-12-31": "$0.00", "2013-09-30": "$-0.19", "2013-06-30": "$0.00", "2012-12-31": "$0.00"}}, "shares-outstanding": {"Wayfair Annual Shares Outstanding (Millions of Shares)": {"2019": "92", "2018": "89", "2017": "87", "2016": "85", "2015": "84", "2014": "51", "2013": "41", "2012": "41"}, "Wayfair Quarterly Shares Outstanding (Millions of Shares)": {"2020-09-30": "109", "2020-06-30": "120", "2020-03-31": "94", "2019-12-31": "92", "2019-09-30": "93", "2019-06-30": "92", "2019-03-31": "91", "2018-12-31": "89", "2018-09-30": "90", "2018-06-30": "89", "2018-03-31": "88", "2017-12-31": "87", "2017-09-30": "87", "2017-06-30": "87", "2017-03-31": "86", "2016-12-31": "85", "2016-09-30": "85", "2016-06-30": "85", "2016-03-31": "84", "2015-12-31": "84", "2015-09-30": "84", "2015-06-30": "84", "2015-03-31": "83", "2014-12-31": "51", "2014-09-30": "41", "2014-06-30": "41", "2014-03-31": "41", "2013-12-31": "", "2013-09-30": "41", "2013-06-30": "", "2012-12-31": ""}}, "total-assets": {"Wayfair Annual Total Assets (Millions of US $)": {"2019": "$2,953", "2018": "$1,891", "2017": "$1,213", "2016": "$762", "2015": "$695", "2014": "$556", "2013": "$196", "2012": "$164"}, "Wayfair Quarterly Total Assets (Millions of US $)": {"2020-09-30": "$4,558", "2020-06-30": "$4,379", "2020-03-31": "$2,751", "2019-12-31": "$2,953", "2019-09-30": "$3,008", "2019-06-30": "$2,182", "2019-03-31": "$2,114", "2018-12-31": "$1,891", "2018-09-30": "$1,300", "2018-06-30": "$1,287", "2018-03-31": "$1,226", "2017-12-31": "$1,213", "2017-09-30": "$1,138", "2017-06-30": "$751", "2017-03-31": "$742", "2016-12-31": "$762", "2016-09-30": "$684", "2016-06-30": "$664", "2016-03-31": "$667", "2015-12-31": "$695", "2015-09-30": "$601", "2015-06-30": "$544", "2015-03-31": "$531", "2014-12-31": "$556", "2014-09-30": "$261", "2014-06-30": "$277", "2014-03-31": "$0", "2013-12-31": "$0", "2013-09-30": "$0", "2013-06-30": "$0", "2012-12-31": "$164"}}, "cash-on-hand": {"Wayfair Annual Cash on Hand (Millions of US $)": {"2019": "$987", "2018": "$964", "2017": "$620", "2016": "$349", "2015": "$386", "2014": "$416", "2013": "$115", "2012": "$101"}, "Wayfair Quarterly Cash on Hand (Millions of US $)": {"2020-09-30": "$2,557", "2020-06-30": "$2,374", "2020-03-31": "$891", "2019-12-31": "$987", "2019-09-30": "$1,301", "2019-06-30": "$714", "2019-03-31": "$806", "2018-12-31": "$964", "2018-09-30": "$519", "2018-06-30": "$575", "2018-03-31": "$582", "2017-12-31": "$620", "2017-09-30": "$610", "2017-06-30": "$256", "2017-03-31": "$277", "2016-12-31": "$349", "2016-09-30": "$293", "2016-06-30": "$303", "2016-03-31": "$309", "2015-12-31": "$386", "2015-09-30": "$325", "2015-06-30": "$288", "2015-03-31": "$280", "2014-12-31": "$416", "2014-09-30": "$130", "2014-06-30": "$153", "2014-03-31": "", "2013-12-31": "", "2013-09-30": "", "2013-06-30": "", "2012-12-31": "$101"}}, "long-term-debt": {"Wayfair Annual Long Term Debt (Millions of US $)": {"2019": "$1,456", "2018": "$922", "2017": "$415", "2016": "$29", "2015": "$", "2014": "$", "2013": "$", "2012": "$"}, "Wayfair Quarterly Long Term Debt (Millions of US $)": {"2020-09-30": "$2,862", "2020-06-30": "$1,988", "2020-03-31": "$1,577", "2019-12-31": "$1,456", "2019-09-30": "$1,436", "2019-06-30": "$762", "2019-03-31": "$750", "2018-12-31": "$922", "2018-09-30": "$531", "2018-06-30": "$483", "2018-03-31": "$420", "2017-12-31": "$415", "2017-09-30": "$411", "2017-06-30": "$83", "2017-03-31": "$42", "2016-12-31": "$29", "2016-09-30": "$29", "2016-06-30": "$30", "2016-03-31": "", "2015-12-31": "", "2015-09-30": "", "2015-06-30": "", "2015-03-31": "", "2014-12-31": "", "2014-09-30": "", "2014-06-30": "", "2014-03-31": "", "2013-12-31": "", "2013-09-30": "", "2013-06-30": "", "2012-12-31": ""}}, "total-liabilities": {"Wayfair Annual Total Liabilities (Millions of US $)": {"2019": "$3,897", "2018": "$2,222", "2017": "$1,262", "2016": "$682", "2015": "$452", "2014": "$250", "2013": "$146", "2012": "$99"}, "Wayfair Quarterly Total Liabilities (Millions of US $)": {"2020-09-30": "$6,018", "2020-06-30": "$5,167", "2020-03-31": "$3,923", "2019-12-31": "$3,897", "2019-09-30": "$3,690", "2019-06-30": "$2,787", "2019-03-31": "$2,593", "2018-12-31": "$2,222", "2018-09-30": "$1,612", "2018-06-30": "$1,483", "2018-03-31": "$1,354", "2017-12-31": "$1,262", "2017-09-30": "$1,135", "2017-06-30": "$740", "2017-03-31": "$706", "2016-12-31": "$682", "2016-09-30": "$574", "2016-06-30": "$502", "2016-03-31": "$462", "2015-12-31": "$452", "2015-09-30": "$347", "2015-06-30": "$277", "2015-03-31": "$249", "2014-12-31": "$250", "2014-09-30": "$169", "2014-06-30": "$162", "2014-03-31": "$0", "2013-12-31": "", "2013-09-30": "$0", "2013-06-30": "$0", "2012-12-31": "$99"}}, "total-share-holder-equity": {"Wayfair Annual Share Holder Equity (Millions of US $)": {"2019": "$-944", "2018": "$-331", "2017": "$-48", "2016": "$79", "2015": "$243", "2014": "$306", "2013": "$50", "2012": "$65"}, "Wayfair Quarterly Share Holder Equity (Millions of US $)": {"2020-09-30": "$-1,460", "2020-06-30": "$-787", "2020-03-31": "$-1,171", "2019-12-31": "$-944", "2019-09-30": "$-682", "2019-06-30": "$-605", "2019-03-31": "$-479", "2018-12-31": "$-331", "2018-09-30": "$-312", "2018-06-30": "$-195", "2018-03-31": "$-127", "2017-12-31": "$-48", "2017-09-30": "$3", "2017-06-30": "$12", "2017-03-31": "$36", "2016-12-31": "$79", "2016-09-30": "$111", "2016-06-30": "$162", "2016-03-31": "$205", "2015-12-31": "$243", "2015-09-30": "$255", "2015-06-30": "$267", "2015-03-31": "$283", "2014-12-31": "$306", "2014-09-30": "$91", "2014-06-30": "$115", "2014-03-31": "$0", "2013-12-31": "", "2013-09-30": "$0", "2013-06-30": "$0", "2012-12-31": "$65"}}, "profit-margins": {"current": "-1.3%"}, "gross margin": {"2020-09-30": "27.86%", "2020-06-30": "26.30%", "2020-03-31": "23.72%", "2019-12-31": "23.53%", "2019-09-30": "23.88%", "2019-06-30": "23.83%", "2019-03-31": "23.67%", "2018-12-31": "23.41%", "2018-09-30": "23.11%", "2018-06-30": "23.19%", "2018-03-31": "23.33%", "2017-12-31": "23.68%", "2017-09-30": "24.02%", "2017-06-30": "24.09%", "2017-03-31": "24.12%", "2016-12-31": "23.93%", "2016-09-30": "23.79%", "2016-06-30": "23.88%", "2016-03-31": "23.98%", "2015-12-31": "24.04%", "2015-09-30": "24.13%", "2015-06-30": "24.14%", "2015-03-31": "23.77%", "2014-12-31": "23.50%", "2014-06-30": "23.67%"}, "operating margin": {"2020-09-30": "-0.35%", "2020-06-30": "-4.59%", "2020-03-31": "-10.49%", "2019-12-31": "-10.19%", "2019-09-30": "-8.77%", "2019-06-30": "-7.99%", "2019-03-31": "-7.70%", "2018-12-31": "-6.98%", "2018-09-30": "-6.62%", "2018-06-30": "-5.97%", "2018-03-31": "-5.48%", "2017-12-31": "-5.00%", "2017-09-30": "-4.97%", "2017-06-30": "-5.09%", "2017-03-31": "-5.87%", "2016-12-31": "-5.83%", "2016-09-30": "-5.39%", "2016-06-30": "-4.39%", "2016-03-31": "-3.73%", "2015-12-31": "-3.60%", "2015-09-30": "-7.14%", "2015-06-30": "-8.55%", "2015-03-31": "-9.97%", "2014-12-31": "-11.14%", "2014-06-30": "-6.78%"}, "ebitda margin": {"2020-09-30": "2.46%", "2020-06-30": "-1.73%", "2020-03-31": "-7.47%", "2019-12-31": "-7.41%", "2019-09-30": "-6.22%", "2019-06-30": "-5.63%", "2019-03-31": "-5.41%", "2018-12-31": "-4.82%", "2018-09-30": "-4.51%", "2018-06-30": "-3.90%", "2018-03-31": "-3.47%", "2017-12-31": "-3.01%", "2017-09-30": "-3.07%", "2017-06-30": "-3.23%", "2017-03-31": "-4.03%", "2016-12-31": "-4.17%", "2016-09-30": "-3.86%", "2016-06-30": "-2.93%", "2016-03-31": "-2.33%", "2015-12-31": "-2.18%", "2015-09-30": "-5.58%", "2015-06-30": "-6.98%", "2015-03-31": "-8.40%", "2014-12-31": "-9.55%", "2014-06-30": "-5.30%"}, "pre tax profit margin": {"2020-09-30": "-1.29%", "2020-06-30": "-5.33%", "2020-03-31": "-11.22%", "2019-12-31": "-10.76%", "2019-09-30": "-9.25%", "2019-06-30": "-8.43%", "2019-03-31": "-8.11%", "2018-12-31": "-7.41%", "2018-09-30": "-6.96%", "2018-06-30": "-6.27%", "2018-03-31": "-5.73%", "2017-12-31": "-5.17%", "2017-09-30": "-5.04%", "2017-06-30": "-5.09%", "2017-03-31": "-5.81%", "2016-12-31": "-5.74%", "2016-09-30": "-5.26%", "2016-06-30": "-4.18%", "2016-03-31": "-3.54%", "2015-12-31": "-3.42%", "2015-09-30": "-6.98%", "2015-06-30": "-8.55%", "2015-03-31": "-9.97%", "2014-12-31": "-11.14%", "2014-06-30": "-6.66%"}, "net profit margin": {"2020-09-30": "-1.30%", "2020-06-30": "-5.35%", "2020-03-31": "-11.25%", "2019-12-31": "-10.78%", "2019-09-30": "-9.27%", "2019-06-30": "-8.47%", "2019-03-31": "-8.16%", "2018-12-31": "-7.45%", "2018-09-30": "-7.00%", "2018-06-30": "-6.29%", "2018-03-31": "-5.73%", "2017-12-31": "-5.19%", "2017-09-30": "-5.06%", "2017-06-30": "-5.11%", "2017-03-31": "-5.84%", "2016-12-31": "-5.74%", "2016-09-30": "-5.26%", "2016-06-30": "-4.15%", "2016-03-31": "-3.50%", "2015-12-31": "-3.38%", "2015-09-30": "-6.20%", "2015-06-30": "-8.01%", "2015-03-31": "-9.70%", "2014-12-31": "-11.37%", "2014-06-30": "-8.75%"}, "pe ratio": {"current": "0.00", "2021-02-05": "0.00", "2020-09-30": "0.00", "2020-06-30": "0.00", "2020-03-31": "0.00", "2019-12-31": "0.00", "2019-09-30": "0.00", "2019-06-30": "0.00", "2019-03-31": "0.00", "2018-12-31": "0.00", "2018-09-30": "0.00", "2018-06-30": "0.00", "2018-03-31": "0.00", "2017-12-31": "0.00", "2017-09-30": "0.00", "2017-06-30": "0.00", "2017-03-31": "0.00", "2016-12-31": "0.00", "2016-09-30": "0.00", "2016-06-30": "0.00", "2016-03-31": "0.00", "2015-12-31": "0.00", "2015-09-30": "0.00"}, "price sales": {"2021-02-05": "2.35", "2020-09-30": "2.36", "2020-06-30": "1.75", "2020-03-31": "0.52", "2019-12-31": "0.91", "2019-09-30": "1.19", "2019-06-30": "1.65", "2019-03-31": "1.82", "2018-12-31": "1.19", "2018-09-30": "2.11", "2018-06-30": "1.84", "2018-03-31": "1.14", "2017-12-31": "1.48", "2017-09-30": "1.36", "2017-06-30": "1.68", "2017-03-31": "0.96", "2016-12-31": "0.88", "2016-09-30": "1.06", "2016-06-30": "1.15", "2016-03-31": "1.41", "2015-12-31": "1.77", "2015-09-30": "1.34"}, "price book": {"current": "0.00", "2021-02-05": "0.00", "2020-09-30": "-19.06", "2020-06-30": "-23.86", "2020-03-31": "-4.30", "2019-12-31": "-8.96", "2019-09-30": "-15.26", "2019-06-30": "-22.21", "2019-03-31": "-28.32", "2018-12-31": "-24.72", "2018-09-30": "-42.63", "2018-06-30": "-54.36", "2018-03-31": "-47.17", "2017-12-31": "-146.50", "2017-09-30": "1947.98", "2017-06-30": "560.35", "2017-03-31": "95.99", "2016-12-31": "37.90", "2016-09-30": "30.43", "2016-06-30": "20.43", "2016-03-31": "17.84", "2015-12-31": "16.55", "2015-09-30": "11.57", "2015-06-30": "11.81", "2015-03-31": "9.49", "2014-12-31": "5.40"}, "price fcf": {"2021-02-05": "", "2020-09-30": "$8.38", "2020-06-30": "$3.55", "2020-03-31": "$-6.88", "2019-12-31": "$-5.08", "2019-09-30": "$-3.79", "2019-06-30": "$-2.71", "2019-03-31": "$-2.00", "2018-12-31": "$-0.83", "2018-09-30": "$-0.61", "2018-06-30": "$-0.22", "2018-03-31": "$-0.48", "2017-12-31": "$-0.77", "2017-09-30": "$-0.23", "2017-06-30": "$-0.21", "2017-03-31": "$-0.18", "2016-12-31": "$-0.40", "2016-09-30": "$-0.10", "2016-06-30": "$0.43", "2016-03-31": "$0.76", "2015-12-31": "$1.08", "2015-09-30": "$-0.45"}, "net worth": {"value": "$28.77B"}, "current ratio": {"current": "1.37", "2020-09-30": "1.37", "2020-06-30": "1.26", "2020-03-31": "0.86", "2019-12-31": "0.86", "2019-09-30": "1.17", "2019-06-30": "0.79", "2019-03-31": "0.91", "2018-12-31": "1.10", "2018-09-30": "0.76", "2018-06-30": "0.89", "2018-03-31": "1.00", "2017-12-31": "1.10", "2017-09-30": "1.19", "2017-06-30": "0.70", "2017-03-31": "0.76", "2016-12-31": "0.86", "2016-09-30": "0.88", "2016-06-30": "0.99", "2016-03-31": "1.09", "2015-12-31": "1.24", "2015-09-30": "1.38", "2015-06-30": "1.51", "2015-03-31": "1.68", "2014-12-31": "2.09", "2014-09-30": "1.24", "2014-06-30": "1.46", "2014-03-31": "0.00", "2013-12-31": "0.00", "2013-09-30": "0.00", "2013-06-30": "0.00", "2012-12-31": "1.43"}, "quick ratio": {"2020-09-30": "1.35", "2020-06-30": "1.24", "2020-03-31": "0.82", "2019-12-31": "0.82", "2019-09-30": "1.12", "2019-06-30": "0.76", "2019-03-31": "0.87", "2018-12-31": "1.06", "2018-09-30": "0.73", "2018-06-30": "0.86", "2018-03-31": "0.95", "2017-12-31": "1.07", "2017-09-30": "1.17", "2017-06-30": "0.67", "2017-03-31": "0.74", "2016-12-31": "0.82", "2016-09-30": "0.84", "2016-06-30": "0.95", "2016-03-31": "1.05", "2015-12-31": "1.19", "2015-09-30": "1.31", "2015-06-30": "1.43", "2015-03-31": "1.59", "2014-12-31": "2.01", "2014-09-30": "1.11", "2014-06-30": "1.33", "2014-03-31": "0.00", "2013-12-31": "0.00", "2013-09-30": "0.00", "2013-06-30": "0.00", "2012-12-31": "1.35"}, "debt equity ratio": {"current": "0.00", "2020-09-30": "-4.12", "2020-06-30": "-6.56", "2020-03-31": "-3.35", "2019-12-31": "-4.13", "2019-09-30": "-5.41", "2019-06-30": "-4.61", "2019-03-31": "-5.41", "2018-12-31": "-6.72", "2018-09-30": "-5.16", "2018-06-30": "-7.59", "2018-03-31": "-10.64", "2017-12-31": "-26.11", "2017-09-30": "374.75", "2017-06-30": "61.94", "2017-03-31": "19.35", "2016-12-31": "8.60", "2016-09-30": "5.19", "2016-06-30": "3.10", "2016-03-31": "2.26", "2015-12-31": "1.86", "2015-09-30": "1.36", "2015-06-30": "1.04", "2015-03-31": "0.88", "2014-12-31": "0.82", "2014-09-30": "1.86", "2014-06-30": "1.40", "2014-03-31": "0.00", "2013-12-31": "0.00", "2013-09-30": "0.00", "2013-06-30": "0.00", "2012-12-31": "1.52"}, "return on equity": {"2020-09-30": "15.50%", "2020-06-30": "68.53%", "2020-03-31": "125.81%", "2019-12-31": "145.24%", "2019-09-30": "152.22%", "2019-06-30": "157.04%", "2019-03-31": "181.32%", "2018-12-31": "209.33%", "2018-09-30": "254.55%", "2018-06-30": "390.19%", "2018-03-31": "740.00%", "2017-12-31": "-32666.67%", "2017-09-30": "-664.62%", "2017-06-30": "-337.82%", "2017-03-31": "-216.49%", "2016-12-31": "-139.32%", "2016-09-30": "-91.54%", "2016-06-30": "-55.03%", "2016-03-31": "-37.11%", "2015-12-31": "-29.01%", "2015-09-30": "-42.84%", "2015-06-30": "-56.18%", "2015-03-31": "-71.45%", "2014-12-31": "-117.19%", "2014-06-30": "-246.96%"}, "return on assets": {"2020-09-30": "-4.62%", "2020-06-30": "-18.76%", "2020-03-31": "-39.29%", "2019-12-31": "-38.37%", "2019-09-30": "-34.71%", "2019-06-30": "-36.22%", "2019-03-31": "-36.23%", "2018-12-31": "-35.41%", "2018-09-30": "-34.54%", "2018-06-30": "-29.44%", "2018-03-31": "-27.36%", "2017-12-31": "-25.49%", "2017-09-30": "-25.46%", "2017-06-30": "-27.36%", "2017-03-31": "-29.45%", "2016-12-31": "-27.94%", "2016-09-30": "-24.35%", "2016-06-30": "-18.12%", "2016-03-31": "-14.36%", "2015-12-31": "-12.82%", "2015-09-30": "-21.33%", "2015-06-30": "-28.12%", "2015-03-31": "-34.95%", "2014-12-31": "-54.84%", "2014-06-30": "-102.53%"}, "return on investments": {"2020-09-30": "-5.11%", "2020-06-30": "-73.40%", "2020-03-31": "-218.50%", "2019-12-31": "-219.86%", "2019-09-30": "-170.53%", "2019-06-30": "-207.12%", "2019-03-31": "-164.91%", "2018-12-31": "-136.12%", "2018-09-30": "-140.99%", "2018-06-30": "-99.85%", "2018-03-31": "-96.83%", "2017-12-31": "-98.95%", "2017-09-30": "-122.01%", "2017-06-30": "-190.48%", "2017-03-31": "-163.25%", "2016-12-31": "-179.50%", "2016-09-30": "-204.23%", "2016-06-30": "-262.50%", "2016-03-31": "inf%", "2015-12-31": "inf%", "2015-09-30": "inf%", "2015-06-30": "inf%", "2015-03-31": "inf%", "2014-12-31": "inf%", "2014-06-30": "inf%"}, "return on tangible equity": {"2020-09-30": "15.24%", "2020-06-30": "67.10%", "2020-03-31": "123.66%", "2019-12-31": "143.08%", "2019-09-30": "150.50%", "2019-06-30": "156.40%", "2019-03-31": "180.09%", "2018-12-31": "206.97%", "2018-09-30": "250.14%", "2018-06-30": "377.84%", "2018-03-31": "684.39%", "2017-12-31": "9800.00%", "2017-09-30": "-744.83%", "2017-06-30": "-362.16%", "2017-03-31": "-225.20%", "2016-12-31": "-143.17%", "2016-09-30": "-93.48%", "2016-06-30": "-55.93%", "2016-03-31": "-37.78%", "2015-12-31": "-29.60%", "2015-09-30": "-43.79%", "2015-06-30": "-57.89%", "2015-03-31": "-74.25%", "2014-12-31": "-122.70%", "2014-06-30": "-265.42%"}, "dividend yield history": {"last payout": "$0.00", "last yield": "0.00%"}}