{"ticker": "WBS", "price": {"title": "Webster Financial Historical Annual Stock Price Data", "value": 49.62, "historical": {"2021": {"Average Stock Price": "48.7050", "Year Open": "41.9300", "Year High": "52.2400", "Year Low": "41.9300", "Year Close": "49.6200", "Annual % Change": "17.72%"}, "2020": {"Average Stock Price": "32.5223", "Year Open": "53.3600", "Year High": "53.6000", "Year Low": "18.4200", "Year Close": "42.1500", "Annual % Change": "-21.01%"}, "2019": {"Average Stock Price": "49.7990", "Year Open": "50.1700", "Year High": "58.0300", "Year Low": "42.4100", "Year Close": "53.3600", "Annual % Change": "8.26%"}, "2018": {"Average Stock Price": "60.2741", "Year Open": "56.4200", "Year High": "69.0600", "Year Low": "45.5500", "Year Close": "49.2900", "Annual % Change": "-12.23%"}, "2017": {"Average Stock Price": "52.1496", "Year Open": "54.0400", "Year High": "58.3900", "Year Low": "44.5000", "Year Close": "56.1600", "Annual % Change": "3.46%"}, "2016": {"Average Stock Price": "38.3741", "Year Open": "36.0500", "Year High": "55.0900", "Year Low": "30.3500", "Year Close": "54.2800", "Annual % Change": "45.95%"}, "2015": {"Average Stock Price": "36.6357", "Year Open": "32.3000", "Year High": "40.9600", "Year Low": "29.1100", "Year Close": "37.1900", "Annual % Change": "14.33%"}, "2014": {"Average Stock Price": "30.4607", "Year Open": "30.6400", "Year High": "33.0500", "Year Low": "27.6500", "Year Close": "32.5300", "Annual % Change": "4.33%"}, "2013": {"Average Stock Price": "25.3670", "Year Open": "21.2500", "Year High": "31.1800", "Year Low": "21.2500", "Year Close": "31.1800", "Annual % Change": "51.73%"}, "2012": {"Average Stock Price": "21.6692", "Year Open": "21.1900", "Year High": "24.6500", "Year Low": "19.1000", "Year Close": "20.5500", "Annual % Change": "0.78%"}, "2011": {"Average Stock Price": "19.9477", "Year Open": "19.7600", "Year High": "23.6500", "Year Low": "14.6000", "Year Close": "20.3900", "Annual % Change": "3.50%"}, "2010": {"Average Stock Price": "17.7019", "Year Open": "12.5000", "Year High": "21.6700", "Year Low": "12.3600", "Year Close": "19.7000", "Annual % Change": "65.96%"}, "2009": {"Average Stock Price": "9.0158", "Year Open": "13.8600", "Year High": "14.1200", "Year Low": "2.9700", "Year Close": "11.8700", "Annual % Change": "-13.86%"}, "2008": {"Average Stock Price": "22.8382", "Year Open": "31.6200", "Year High": "34.5000", "Year Low": "11.5900", "Year Close": "13.7800", "Annual % Change": "-56.90%"}, "2007": {"Average Stock Price": "42.9892", "Year Open": "48.7600", "Year High": "51.1300", "Year Low": "30.9300", "Year Close": "31.9700", "Annual % Change": "-34.38%"}, "2006": {"Average Stock Price": "47.5390", "Year Open": "47.4000", "Year High": "49.3800", "Year Low": "45.3600", "Year Close": "48.7200", "Annual % Change": "3.88%"}, "2005": {"Average Stock Price": "46.3368", "Year Open": "49.7000", "Year High": "49.7000", "Year Low": "43.6700", "Year Close": "46.9000", "Annual % Change": "-7.39%"}, "2004": {"Average Stock Price": "48.1178", "Year Open": "45.4500", "Year High": "51.6500", "Year Low": "42.5600", "Year Close": "50.6400", "Annual % Change": "10.42%"}, "2003": {"Average Stock Price": "38.9402", "Year Open": "35.7500", "Year High": "46.5000", "Year Low": "33.9300", "Year Close": "45.8600", "Annual % Change": "31.78%"}, "2002": {"Average Stock Price": "35.4901", "Year Open": "31.7100", "Year High": "39.9600", "Year Low": "30.6500", "Year Close": "34.8000", "Annual % Change": "10.37%"}, "2001": {"Average Stock Price": "31.1051", "Year Open": "27.6900", "Year High": "37.0600", "Year Low": "26.4400", "Year Close": "31.5300", "Annual % Change": "11.37%"}, "2000": {"Average Stock Price": "23.1635", "Year Open": "23.0000", "Year High": "29.6200", "Year Low": "20.1200", "Year Close": "28.3100", "Annual % Change": "20.16%"}, "1999": {"Average Stock Price": "27.6785", "Year Open": "27.6200", "Year High": "32.0000", "Year Low": "21.8800", "Year Close": "23.5600", "Annual % Change": "-14.14%"}, "1998": {"Average Stock Price": "29.6510", "Year Open": "33.4400", "Year High": "36.2500", "Year Low": "18.8800", "Year Close": "27.4400", "Annual % Change": "-17.47%"}, "1997": {"Average Stock Price": "24.0564", "Year Open": "18.2500", "Year High": "33.3750", "Year Low": "17.5600", "Year Close": "33.2500", "Annual % Change": "80.95%"}, "1996": {"Average Stock Price": "15.5005", "Year Open": "14.6900", "Year High": "19.0950", "Year Low": "13.3750", "Year Close": "18.3750", "Annual % Change": "24.58%"}, "1995": {"Average Stock Price": "12.1050", "Year Open": "9.2500", "Year High": "15.2500", "Year Low": "9.2500", "Year Close": "14.7500", "Annual % Change": "59.46%"}, "1994": {"Average Stock Price": "10.8378", "Year Open": "11.1250", "Year High": "12.7500", "Year Low": "8.6250", "Year Close": "9.2500", "Annual % Change": "-19.14%"}, "1993": {"Average Stock Price": "9.9262", "Year Open": "9.2500", "Year High": "12.5000", "Year Low": "8.4350", "Year Close": "11.4400", "Annual % Change": "20.42%"}, "1992": {"Average Stock Price": "7.2515", "Year Open": "5.9400", "Year High": "9.5000", "Year Low": "5.7500", "Year Close": "9.5000", "Annual % Change": "59.93%"}, "1991": {"Average Stock Price": "4.2364", "Year Open": "2.7500", "Year High": "5.9400", "Year Low": "2.5000", "Year Close": "5.9400", "Annual % Change": "116.00%"}, "1990": {"Average Stock Price": "3.8092", "Year Open": "4.7500", "Year High": "5.3750", "Year Low": "2.1250", "Year Close": "2.7500", "Annual % Change": "-39.76%"}, "1989": {"Average Stock Price": "6.0940", "Year Open": "5.2500", "Year High": "6.8100", "Year Low": "4.5650", "Year Close": "4.5650", "Annual % Change": "-15.07%"}, "1988": {"Average Stock Price": "5.4687", "Year Open": "4.1250", "Year High": "6.2500", "Year Low": "4.1250", "Year Close": "5.3750", "Annual % Change": "32.39%"}, "1987": {"Average Stock Price": "5.8161", "Year Open": "5.7500", "Year High": "8.1250", "Year Low": "3.8150", "Year Close": "4.0600", "Annual % Change": "-29.39%"}}}, "market cap": {"value": "$4.48B"}, "income statement": {"Revenue": {"2020-12-31": "1287.32600", "2019-12-31": "1439.89800", "2018-12-31": "1337.73500", "2017-12-31": "1173.08300", "2016-12-31": "1086.39100", "2015-12-31": "997.81700", "2014-12-31": "921.04900", "2013-12-31": "878.69000", "2012-12-31": "886.26000", "2011-12-31": "876.76500", "2010-12-31": "909.87190", "2009-12-31": "930.48500", "2008-12-31": "841.22100", "2007-12-31": "1197.90700", "2006-12-31": "1146.34300", "2005-12-31": "1048.34200"}, "Cost Of Goods Sold": {"2020-12-31": "110.65600", "2019-12-31": "199.45600", "2018-12-31": "148.48600", "2017-12-31": "117.31800", "2016-12-31": "103.40000", "2015-12-31": "95.41500", "2014-12-31": "90.50000", "2013-12-31": "90.91200", "2012-12-31": "114.59400", "2011-12-31": "135.95500", "2010-12-31": "171.37600", "2009-12-31": "250.70400", "2008-12-31": "363.48200", "2007-12-31": "487.40300", "2006-12-31": "506.18800", "2005-12-31": "354.50600"}, "Gross Profit": {"2020-12-31": "1176.67000", "2019-12-31": "1240.44200", "2018-12-31": "1189.24900", "2017-12-31": "1055.76500", "2016-12-31": "982.99100", "2015-12-31": "902.40200", "2014-12-31": "830.54900", "2013-12-31": "787.77800", "2012-12-31": "771.66600", "2011-12-31": "740.81000", "2010-12-31": "738.49600", "2009-12-31": "679.78110", "2008-12-31": "477.73900", "2007-12-31": "710.50400", "2006-12-31": "640.15500", "2005-12-31": "693.83610"}, "Research And Development Expenses": {"2020-12-31": "", "2019-12-31": "", "2018-12-31": "", "2017-12-31": "", "2016-12-31": "", "2015-12-31": "", "2014-12-31": "", "2013-12-31": "", "2012-12-31": "", "2011-12-31": "", "2010-12-31": "", "2009-12-31": "", "2008-12-31": "", "2007-12-31": "", "2006-12-31": "", "2005-12-31": ""}, "SG&A Expenses": {"2020-12-31": "892.53590", "2019-12-31": "749.90300", "2018-12-31": "743.76900", "2017-12-31": "697.91300", "2016-12-31": "673.88900", "2015-12-31": "598.30100", "2014-12-31": "536.16500", "2013-12-31": "526.29000", "2012-12-31": "517.88400", "2011-12-31": "527.88800", "2010-12-31": "648.38600", "2009-12-31": "804.65100", "2008-12-31": "657.15100", "2007-12-31": "540.47000", "2006-12-31": "430.51900", "2005-12-31": "406.96500"}, "Other Operating Income Or Expenses": {"2020-12-31": "", "2019-12-31": "", "2018-12-31": "", "2017-12-31": "", "2016-12-31": "", "2015-12-31": "", "2014-12-31": "", "2013-12-31": "", "2012-12-31": "", "2011-12-31": "", "2010-12-31": "", "2009-12-31": "", "2008-12-31": "", "2007-12-31": "", "2006-12-31": "", "2005-12-31": ""}, "Operating Expenses": {"2020-12-31": "1007.35200", "2019-12-31": "953.20590", "2018-12-31": "896.10210", "2017-12-31": "819.29300", "2016-12-31": "782.94100", "2015-12-31": "700.05600", "2014-12-31": "629.35000", "2013-12-31": "622.12100", "2012-12-31": "637.89800", "2011-12-31": "669.43100", "2010-12-31": "825.35000", "2009-12-31": "1061.09800", "2008-12-31": "1224.95100", "2007-12-31": "1038.24700", "2006-12-31": "950.57200", "2005-12-31": "780.77300"}, "Operating Income": {"2020-12-31": "279.97410", "2019-12-31": "486.69200", "2018-12-31": "441.63290", "2017-12-31": "353.79000", "2016-12-31": "303.45000", "2015-12-31": "297.76100", "2014-12-31": "291.69890", "2013-12-31": "256.56900", "2012-12-31": "248.36200", "2011-12-31": "207.33400", "2010-12-31": "84.52200", "2009-12-31": "-130.61300", "2008-12-31": "-383.72990", "2007-12-31": "159.66000", "2006-12-31": "195.77110", "2005-12-31": "267.56900"}, "Total Non-Operating Income/Expense": {"2020-12-31": "", "2019-12-31": "", "2018-12-31": "", "2017-12-31": "", "2016-12-31": "", "2015-12-31": "", "2014-12-31": "", "2013-12-31": "", "2012-12-31": "", "2011-12-31": "", "2010-12-31": "", "2009-12-31": "", "2008-12-31": "", "2007-12-31": "", "2006-12-31": "-2.95100", "2005-12-31": ""}, "Pre-Tax Income": {"2020-12-31": "279.97400", "2019-12-31": "486.69200", "2018-12-31": "441.63300", "2017-12-31": "353.79000", "2016-12-31": "303.45000", "2015-12-31": "297.76100", "2014-12-31": "291.69900", "2013-12-31": "256.56900", "2012-12-31": "248.36200", "2011-12-31": "207.33400", "2010-12-31": "84.52200", "2009-12-31": "-130.61300", "2008-12-31": "-383.73000", "2007-12-31": "159.66000", "2006-12-31": "192.82000", "2005-12-31": "267.56900"}, "Income Taxes": {"2020-12-31": "59.35300", "2019-12-31": "103.96900", "2018-12-31": "81.21500", "2017-12-31": "98.35100", "2016-12-31": "96.32300", "2015-12-31": "93.03200", "2014-12-31": "91.97300", "2013-12-31": "77.11300", "2012-12-31": "74.66500", "2011-12-31": "57.95100", "2010-12-31": "12.35800", "2009-12-31": "-53.42400", "2008-12-31": "-65.84000", "2007-12-31": "48.08800", "2006-12-31": "59.14000", "2005-12-31": "85.03700"}, "Income After Taxes": {"2020-12-31": "220.62100", "2019-12-31": "382.72300", "2018-12-31": "360.41800", "2017-12-31": "255.43900", "2016-12-31": "207.12700", "2015-12-31": "204.72900", "2014-12-31": "199.72600", "2013-12-31": "179.45600", "2012-12-31": "173.69700", "2011-12-31": "149.38300", "2010-12-31": "72.16400", "2009-12-31": "-77.18900", "2008-12-31": "-317.89000", "2007-12-31": "111.57200", "2006-12-31": "133.68000", "2005-12-31": "182.53200"}, "Other Income": {"2020-12-31": "", "2019-12-31": "", "2018-12-31": "", "2017-12-31": "", "2016-12-31": "", "2015-12-31": "", "2014-12-31": "", "2013-12-31": "", "2012-12-31": "", "2011-12-31": "", "2010-12-31": "", "2009-12-31": "", "2008-12-31": "", "2007-12-31": "", "2006-12-31": "", "2005-12-31": ""}, "Income From Continuous Operations": {"2020-12-31": "220.62100", "2019-12-31": "382.72300", "2018-12-31": "360.41800", "2017-12-31": "255.43900", "2016-12-31": "207.12700", "2015-12-31": "204.72900", "2014-12-31": "199.72600", "2013-12-31": "179.45600", "2012-12-31": "173.69700", "2011-12-31": "149.38300", "2010-12-31": "72.16400", "2009-12-31": "-77.18900", "2008-12-31": "-317.89000", "2007-12-31": "111.57200", "2006-12-31": "133.68000", "2005-12-31": "182.53200"}, "Income From Discontinued Operations": {"2020-12-31": "", "2019-12-31": "", "2018-12-31": "", "2017-12-31": "", "2016-12-31": "", "2015-12-31": "", "2014-12-31": "", "2013-12-31": "", "2012-12-31": "", "2011-12-31": "1.99500", "2010-12-31": "0.09400", "2009-12-31": "0.30200", "2008-12-31": "-3.07300", "2007-12-31": "-13.92300", "2006-12-31": "0.11000", "2005-12-31": "2.66100"}, "Net Income": {"2020-12-31": "211.47400", "2019-12-31": "372.98500", "2018-12-31": "351.70300", "2017-12-31": "246.83100", "2016-12-31": "198.42300", "2015-12-31": "195.36100", "2014-12-31": "188.49600", "2013-12-31": "168.03600", "2012-12-31": "171.23700", "2011-12-31": "148.09300", "2010-12-31": "47.33900", "2009-12-31": "-86.52900", "2008-12-31": "-333.91700", "2007-12-31": "96.77300", "2006-12-31": "133.79000", "2005-12-31": "185.19300"}, "EBITDA": {"2020-12-31": "", "2019-12-31": "", "2018-12-31": "", "2017-12-31": "", "2016-12-31": "", "2015-12-31": "", "2014-12-31": "", "2013-12-31": "", "2012-12-31": "", "2011-12-31": "", "2010-12-31": "", "2009-12-31": "", "2008-12-31": "", "2007-12-31": "", "2006-12-31": "", "2005-12-31": ""}, "EBIT": {"2020-12-31": "", "2019-12-31": "", "2018-12-31": "", "2017-12-31": "", "2016-12-31": "", "2015-12-31": "", "2014-12-31": "", "2013-12-31": "", "2012-12-31": "", "2011-12-31": "", "2010-12-31": "", "2009-12-31": "", "2008-12-31": "", "2007-12-31": "", "2006-12-31": "", "2005-12-31": ""}, "Basic Shares Outstanding": {"2020-12-31": "89.98890", "2019-12-31": "91.55900", "2018-12-31": "91.93000", "2017-12-31": "91.96500", "2016-12-31": "91.36700", "2015-12-31": "90.96800", "2014-12-31": "89.89900", "2013-12-31": "88.71300", "2012-12-31": "87.21100", "2011-12-31": "87.00700", "2010-12-31": "78.17500", "2009-12-31": "60.94300", "2008-12-31": "52.02000", "2007-12-31": "54.76800", "2006-12-31": "53.43500", "2005-12-31": "53.57700"}, "Shares Outstanding": {"2020-12-31": "90.15100", "2019-12-31": "91.88200", "2018-12-31": "92.22700", "2017-12-31": "92.35600", "2016-12-31": "91.85600", "2015-12-31": "91.53300", "2014-12-31": "90.62000", "2013-12-31": "90.26100", "2012-12-31": "91.64900", "2011-12-31": "91.68800", "2010-12-31": "82.17200", "2009-12-31": "63.91600", "2008-12-31": "52.02000", "2007-12-31": "55.19900", "2006-12-31": "54.06500", "2005-12-31": "54.23600"}, "Basic EPS": {"2020-12-31": "2.35000", "2019-12-31": "4.07000", "2018-12-31": "3.83000", "2017-12-31": "2.68000", "2016-12-31": "2.17000", "2015-12-31": "2.15000", "2014-12-31": "2.10000", "2013-12-31": "1.90000", "2012-12-31": "1.96000", "2011-12-31": "1.69000", "2010-12-31": "0.60000", "2009-12-31": "-1.42000", "2008-12-31": "-6.43000", "2007-12-31": "1.77000", "2006-12-31": "2.50000", "2005-12-31": "3.46000"}, "EPS - Earnings Per Share": {"2020-12-31": "2.35000", "2019-12-31": "4.06000", "2018-12-31": "3.81000", "2017-12-31": "2.67000", "2016-12-31": "2.16000", "2015-12-31": "2.13000", "2014-12-31": "2.08000", "2013-12-31": "1.86000", "2012-12-31": "1.86000", "2011-12-31": "1.61000", "2010-12-31": "0.57000", "2009-12-31": "-2.16000", "2008-12-31": "-6.43000", "2007-12-31": "1.76000", "2006-12-31": "2.47000", "2005-12-31": "3.42000"}}, "income statement, quarterly": {"Revenue": {"2020-12-31": "312.82800", "2020-09-30": "314.29900", "2020-06-30": "312.35100", "2020-03-31": "347.84800", "2019-12-31": "352.91890", "2019-09-30": "364.06700", "2019-06-30": "368.11000", "2019-03-31": "354.80200", "2018-12-31": "353.55500", "2018-09-30": "340.64700", "2018-06-30": "328.86500", "2018-03-31": "314.66800", "2017-12-31": "302.15400", "2017-09-30": "296.86700", "2017-06-30": "291.34000", "2017-03-31": "282.72200", "2016-12-31": "282.04900", "2016-09-30": "272.12700", "2016-06-30": "267.50600", "2016-03-31": "264.70900", "2015-12-31": "257.51000", "2015-09-30": "253.29000", "2015-06-30": "246.21500", "2015-03-31": "240.80200", "2014-12-31": "237.52600", "2014-09-30": "230.82300", "2014-06-30": "225.09300", "2014-03-31": "227.60700", "2013-12-31": "219.97500", "2013-09-30": "218.01000", "2013-06-30": "222.34400", "2013-03-31": "218.36100", "2012-12-31": "225.48600", "2012-09-30": "220.69500", "2012-06-30": "221.98600", "2012-03-31": "218.09300", "2011-12-31": "215.09900", "2011-09-30": "219.25300", "2011-06-30": "222.28800", "2011-03-31": "220.12500", "2010-12-31": "217.91100", "2010-09-30": "223.57100", "2010-06-30": "243.55400", "2010-03-31": "224.83600", "2009-12-31": "232.95410", "2009-09-30": "229.11500", "2009-06-30": "222.54300", "2009-03-31": "245.87300", "2008-12-31": "122.75000", "2008-09-30": "230.37600", "2008-06-30": "208.24400", "2008-03-31": "279.85100", "2007-12-31": "293.00600", "2007-09-30": "303.03300", "2007-06-30": "305.82100", "2007-03-31": "296.04700", "2006-12-31": "276.82700", "2006-09-30": "267.19000", "2006-06-30": "306.61600", "2006-03-31": "295.71000", "2005-12-31": "247.51210", "2005-09-30": "279.12100", "2005-06-30": "266.26300", "2005-03-31": "255.44600"}, "Cost Of Goods Sold": {"2020-12-31": "19.13600", "2020-09-30": "19.98300", "2020-06-30": "27.86800", "2020-03-31": "43.66900", "2019-12-31": "50.75000", "2019-09-30": "53.59700", "2019-06-30": "50.47000", "2019-03-31": "44.63900", "2018-12-31": "43.26100", "2018-09-30": "37.99100", "2018-06-30": "35.48100", "2018-03-31": "31.75300", "2017-12-31": "31.18300", "2017-09-30": "30.11700", "2017-06-30": "29.00200", "2017-03-31": "27.01600", "2016-12-31": "26.17300", "2016-09-30": "25.51800", "2016-06-30": "25.52600", "2016-03-31": "26.18300", "2015-12-31": "24.82000", "2015-09-30": "23.98800", "2015-06-30": "23.45900", "2015-03-31": "23.14800", "2014-12-31": "23.10300", "2014-09-30": "22.54400", "2014-06-30": "22.37500", "2014-03-31": "22.47800", "2013-12-31": "21.82700", "2013-09-30": "21.76600", "2013-06-30": "23.03200", "2013-03-31": "24.28700", "2012-12-31": "26.27400", "2012-09-30": "27.32600", "2012-06-30": "30.25500", "2012-03-31": "30.73900", "2011-12-31": "31.84400", "2011-09-30": "32.87700", "2011-06-30": "35.18600", "2011-03-31": "36.04800", "2010-12-31": "37.67900", "2010-09-30": "41.56900", "2010-06-30": "45.69200", "2010-03-31": "46.43600", "2009-12-31": "50.98100", "2009-09-30": "58.28500", "2009-06-30": "67.87700", "2009-03-31": "73.56100", "2008-12-31": "82.58100", "2008-09-30": "85.44600", "2008-06-30": "88.30700", "2008-03-31": "107.14800", "2007-12-31": "122.25800", "2007-09-30": "124.56700", "2007-06-30": "119.96600", "2007-03-31": "120.61200", "2006-12-31": "135.18900", "2006-09-30": "137.90700", "2006-06-30": "122.74300", "2006-03-31": "110.34900", "2005-12-31": "104.01100", "2005-09-30": "93.52900", "2005-06-30": "82.78000", "2005-03-31": "74.18600"}, "Gross Profit": {"2020-12-31": "293.69200", "2020-09-30": "294.31600", "2020-06-30": "284.48300", "2020-03-31": "304.17900", "2019-12-31": "302.16890", "2019-09-30": "310.47000", "2019-06-30": "317.64000", "2019-03-31": "310.16300", "2018-12-31": "310.29400", "2018-09-30": "302.65600", "2018-06-30": "293.38400", "2018-03-31": "282.91500", "2017-12-31": "270.97100", "2017-09-30": "266.75000", "2017-06-30": "262.33800", "2017-03-31": "255.70600", "2016-12-31": "255.87600", "2016-09-30": "246.60900", "2016-06-30": "241.98000", "2016-03-31": "238.52600", "2015-12-31": "232.69000", "2015-09-30": "229.30200", "2015-06-30": "222.75600", "2015-03-31": "217.65400", "2014-12-31": "214.42300", "2014-09-30": "208.27900", "2014-06-30": "202.71800", "2014-03-31": "205.12900", "2013-12-31": "198.14800", "2013-09-30": "196.24400", "2013-06-30": "199.31200", "2013-03-31": "194.07400", "2012-12-31": "199.21200", "2012-09-30": "193.36900", "2012-06-30": "191.73100", "2012-03-31": "187.35400", "2011-12-31": "183.25500", "2011-09-30": "186.37600", "2011-06-30": "187.10200", "2011-03-31": "184.07700", "2010-12-31": "180.23200", "2010-09-30": "182.00200", "2010-06-30": "197.86200", "2010-03-31": "178.40000", "2009-12-31": "181.97310", "2009-09-30": "170.83000", "2009-06-30": "154.66600", "2009-03-31": "172.31200", "2008-12-31": "40.16900", "2008-09-30": "144.93000", "2008-06-30": "119.93700", "2008-03-31": "172.70300", "2007-12-31": "170.74800", "2007-09-30": "178.46600", "2007-06-30": "185.85500", "2007-03-31": "175.43500", "2006-12-31": "141.63800", "2006-09-30": "129.28300", "2006-06-30": "183.87300", "2006-03-31": "185.36100", "2005-12-31": "143.50100", "2005-09-30": "185.59200", "2005-06-30": "183.48300", "2005-03-31": "181.26000"}, "Research And Development Expenses": {"2020-12-31": "", "2020-09-30": "", "2020-06-30": "", "2020-03-31": "", "2019-12-31": "", "2019-09-30": "", "2019-06-30": "", "2019-03-31": "", "2018-12-31": "", "2018-09-30": "", "2018-06-30": "", "2018-03-31": "", "2017-12-31": "", "2017-09-30": "", "2017-06-30": "", "2017-03-31": "", "2016-12-31": "", "2016-09-30": "", "2016-06-30": "", "2016-03-31": "", "2015-12-31": "", "2015-09-30": "", "2015-06-30": "", "2015-03-31": "", "2014-12-31": "", "2014-09-30": "", "2014-06-30": "", "2014-03-31": "", "2013-12-31": "", "2013-09-30": "", "2013-06-30": "", "2013-03-31": "", "2012-12-31": "", "2012-09-30": "", "2012-06-30": "", "2012-03-31": "", "2011-12-31": "", "2011-09-30": "", "2011-06-30": "", "2011-03-31": "", "2010-12-31": "", "2010-09-30": "", "2010-06-30": "", "2010-03-31": "", "2009-12-31": "", "2009-09-30": "", "2009-06-30": "", "2009-03-31": "", "2008-12-31": "", "2008-09-30": "", "2008-06-30": "", "2008-03-31": "", "2007-12-31": "", "2007-09-30": "", "2007-06-30": "", "2007-03-31": "", "2006-12-31": "", "2006-09-30": "", "2006-06-30": "", "2006-03-31": "", "2005-12-31": "", "2005-09-30": "", "2005-06-30": "", "2005-03-31": ""}, "SG&A Expenses": {"2020-12-31": "217.38300", "2020-09-30": "205.65700", "2020-06-30": "215.62200", "2020-03-31": "253.87400", "2019-12-31": "184.76800", "2019-09-30": "190.23300", "2019-06-30": "191.57800", "2019-03-31": "183.32400", "2018-12-31": "183.79700", "2018-09-30": "188.32200", "2018-06-30": "189.99700", "2018-03-31": "181.65300", "2017-12-31": "183.07200", "2017-09-30": "170.97100", "2017-06-30": "170.64100", "2017-03-31": "173.22900", "2016-12-31": "173.28900", "2016-09-30": "168.85400", "2016-06-30": "165.25500", "2016-03-31": "166.49100", "2015-12-31": "155.98900", "2015-09-30": "151.31600", "2015-06-30": "148.44400", "2015-03-31": "142.55200", "2014-12-31": "139.24800", "2014-09-30": "133.56600", "2014-06-30": "131.05600", "2014-03-31": "132.29500", "2013-12-31": "134.09600", "2013-09-30": "129.53900", "2013-06-30": "130.86200", "2013-03-31": "131.79300", "2012-12-31": "129.18300", "2012-09-30": "127.50300", "2012-06-30": "130.78200", "2012-03-31": "130.41600", "2011-12-31": "127.67500", "2011-09-30": "126.82100", "2011-06-30": "135.66400", "2011-03-31": "137.72800", "2010-12-31": "141.56500", "2010-09-30": "153.32400", "2010-06-30": "178.27000", "2010-03-31": "175.22700", "2009-12-31": "197.80500", "2009-09-30": "210.66500", "2009-06-30": "213.62700", "2009-03-31": "182.55400", "2008-12-31": "216.79900", "2008-09-30": "158.37000", "2008-06-30": "152.05900", "2008-03-31": "129.92300", "2007-12-31": "161.29700", "2007-09-30": "126.77600", "2007-06-30": "130.03800", "2007-03-31": "120.83900", "2006-12-31": "80.43800", "2006-09-30": "114.90300", "2006-06-30": "116.77400", "2006-03-31": "116.79400", "2005-12-31": "85.02300", "2005-09-30": "109.71400", "2005-06-30": "106.99000", "2005-03-31": "105.23800"}, "Other Operating Income Or Expenses": {"2020-12-31": "", "2020-09-30": "", "2020-06-30": "", "2020-03-31": "", "2019-12-31": "", "2019-09-30": "", "2019-06-30": "", "2019-03-31": "", "2018-12-31": "", "2018-09-30": "", "2018-06-30": "", "2018-03-31": "", "2017-12-31": "", "2017-09-30": "", "2017-06-30": "", "2017-03-31": "", "2016-12-31": "", "2016-09-30": "", "2016-06-30": "", "2016-03-31": "", "2015-12-31": "", "2015-09-30": "", "2015-06-30": "", "2015-03-31": "", "2014-12-31": "", "2014-09-30": "", "2014-06-30": "", "2014-03-31": "", "2013-12-31": "", "2013-09-30": "", "2013-06-30": "", "2013-03-31": "", "2012-12-31": "", "2012-09-30": "", "2012-06-30": "", "2012-03-31": "", "2011-12-31": "", "2011-09-30": "", "2011-06-30": "", "2011-03-31": "", "2010-12-31": "", "2010-09-30": "", "2010-06-30": "", "2010-03-31": "", "2009-12-31": "", "2009-09-30": "", "2009-06-30": "", "2009-03-31": "", "2008-12-31": "", "2008-09-30": "", "2008-06-30": "", "2008-03-31": "", "2007-12-31": "", "2007-09-30": "", "2007-06-30": "", "2007-03-31": "", "2006-12-31": "", "2006-09-30": "", "2006-06-30": "", "2006-03-31": "", "2005-12-31": "", "2005-09-30": "", "2005-06-30": "", "2005-03-31": ""}, "Operating Expenses": {"2020-12-31": "237.66600", "2020-09-30": "226.72900", "2020-06-30": "244.45200", "2020-03-31": "298.50500", "2019-12-31": "236.48000", "2019-09-30": "244.79100", "2019-06-30": "243.01000", "2019-03-31": "228.92500", "2018-12-31": "228.02000", "2018-09-30": "227.27400", "2018-06-30": "226.44000", "2018-03-31": "214.36800", "2017-12-31": "215.23200", "2017-09-30": "202.09000", "2017-06-30": "200.67100", "2017-03-31": "201.30000", "2016-12-31": "200.54400", "2016-09-30": "195.86500", "2016-06-30": "192.30400", "2016-03-31": "194.22800", "2015-12-31": "182.39700", "2015-09-30": "176.92500", "2015-06-30": "173.74600", "2015-03-31": "166.98800", "2014-12-31": "162.76700", "2014-09-30": "156.54200", "2014-06-30": "154.10000", "2014-03-31": "155.94100", "2013-12-31": "157.11600", "2013-09-30": "152.54700", "2013-06-30": "155.13600", "2013-03-31": "157.32200", "2012-12-31": "156.69900", "2012-09-30": "156.21300", "2012-06-30": "162.43400", "2012-03-31": "162.55200", "2011-12-31": "160.91600", "2011-09-30": "161.09500", "2011-06-30": "172.24700", "2011-03-31": "175.17300", "2010-12-31": "180.64100", "2010-09-30": "196.29000", "2010-06-30": "225.35900", "2010-03-31": "223.06000", "2009-12-31": "250.19400", "2009-09-30": "270.37100", "2009-06-30": "282.95400", "2009-03-31": "257.57900", "2008-12-31": "489.70900", "2008-09-30": "246.29300", "2008-06-30": "250.33000", "2008-03-31": "238.61900", "2007-12-31": "285.43600", "2007-09-30": "253.37000", "2007-06-30": "253.14800", "2007-03-31": "244.77300", "2006-12-31": "218.49200", "2006-09-30": "255.88900", "2006-06-30": "243.06100", "2006-03-31": "231.52000", "2005-12-31": "193.42400", "2005-09-30": "208.24400", "2005-06-30": "194.77900", "2005-03-31": "184.32600"}, "Operating Income": {"2020-12-31": "75.16200", "2020-09-30": "87.57000", "2020-06-30": "67.89900", "2020-03-31": "49.34300", "2019-12-31": "116.43890", "2019-09-30": "119.27600", "2019-06-30": "125.10000", "2019-03-31": "125.87700", "2018-12-31": "125.53500", "2018-09-30": "113.37300", "2018-06-30": "102.42500", "2018-03-31": "100.30000", "2017-12-31": "86.92200", "2017-09-30": "94.77700", "2017-06-30": "90.66900", "2017-03-31": "81.42200", "2016-12-31": "81.50500", "2016-09-30": "76.26200", "2016-06-30": "75.20200", "2016-03-31": "70.48100", "2015-12-31": "75.11300", "2015-09-30": "76.36500", "2015-06-30": "72.46900", "2015-03-31": "73.81400", "2014-12-31": "74.75900", "2014-09-30": "74.28100", "2014-06-30": "70.99300", "2014-03-31": "71.66600", "2013-12-31": "62.85900", "2013-09-30": "65.46300", "2013-06-30": "67.20800", "2013-03-31": "61.03900", "2012-12-31": "68.78700", "2012-09-30": "64.48200", "2012-06-30": "59.55200", "2012-03-31": "55.54100", "2011-12-31": "54.18300", "2011-09-30": "58.15800", "2011-06-30": "50.04100", "2011-03-31": "44.95200", "2010-12-31": "37.27000", "2010-09-30": "27.28100", "2010-06-30": "18.19500", "2010-03-31": "1.77600", "2009-12-31": "-17.24000", "2009-09-30": "-41.25600", "2009-06-30": "-60.41100", "2009-03-31": "-11.70600", "2008-12-31": "-366.95900", "2008-09-30": "-15.91700", "2008-06-30": "-42.08600", "2008-03-31": "41.23200", "2007-12-31": "7.57000", "2007-09-30": "49.66300", "2007-06-30": "52.67300", "2007-03-31": "51.27400", "2006-12-31": "58.33500", "2006-09-30": "11.30100", "2006-06-30": "63.55500", "2006-03-31": "64.19000", "2005-12-31": "54.08800", "2005-09-30": "70.87700", "2005-06-30": "71.48400", "2005-03-31": "71.12000"}, "Total Non-Operating Income/Expense": {"2020-12-31": "", "2020-09-30": "", "2020-06-30": "", "2020-03-31": "", "2019-12-31": "", "2019-09-30": "", "2019-06-30": "", "2019-03-31": "", "2018-12-31": "", "2018-09-30": "", "2018-06-30": "", "2018-03-31": "", "2017-12-31": "", "2017-09-30": "", "2017-06-30": "", "2017-03-31": "", "2016-12-31": "", "2016-09-30": "", "2016-06-30": "", "2016-03-31": "", "2015-12-31": "", "2015-09-30": "", "2015-06-30": "", "2015-03-31": "", "2014-12-31": "", "2014-09-30": "", "2014-06-30": "", "2014-03-31": "", "2013-12-31": "", "2013-09-30": "", "2013-06-30": "", "2013-03-31": "", "2012-12-31": "", "2012-09-30": "", "2012-06-30": "", "2012-03-31": "", "2011-12-31": "", "2011-09-30": "", "2011-06-30": "", "2011-03-31": "", "2010-12-31": "", "2010-09-30": "", "2010-06-30": "", "2010-03-31": "", "2009-12-31": "", "2009-09-30": "", "2009-06-30": "", "2009-03-31": "", "2008-12-31": "", "2008-09-30": "-1.96800", "2008-06-30": "-0.48400", "2008-03-31": "-0.23300", "2007-12-31": "", "2007-09-30": "", "2007-06-30": "", "2007-03-31": "", "2006-12-31": "-2.08300", "2006-09-30": "-0.86800", "2006-06-30": "", "2006-03-31": "", "2005-12-31": "", "2005-09-30": "-2.21700", "2005-06-30": "-3.50600", "2005-03-31": "-1.13400"}, "Pre-Tax Income": {"2020-12-31": "75.16200", "2020-09-30": "87.57000", "2020-06-30": "67.89900", "2020-03-31": "49.34300", "2019-12-31": "116.43900", "2019-09-30": "119.27600", "2019-06-30": "125.10000", "2019-03-31": "125.87700", "2018-12-31": "125.53500", "2018-09-30": "113.37300", "2018-06-30": "102.42500", "2018-03-31": "100.30000", "2017-12-31": "86.92200", "2017-09-30": "94.77700", "2017-06-30": "90.66900", "2017-03-31": "81.42200", "2016-12-31": "81.50500", "2016-09-30": "76.26200", "2016-06-30": "75.20200", "2016-03-31": "70.48100", "2015-12-31": "75.11300", "2015-09-30": "76.36500", "2015-06-30": "72.46900", "2015-03-31": "73.81400", "2014-12-31": "74.75900", "2014-09-30": "74.28100", "2014-06-30": "70.99300", "2014-03-31": "71.66600", "2013-12-31": "62.85900", "2013-09-30": "65.46300", "2013-06-30": "67.20800", "2013-03-31": "61.03900", "2012-12-31": "68.78700", "2012-09-30": "64.48200", "2012-06-30": "59.55200", "2012-03-31": "55.54100", "2011-12-31": "54.18300", "2011-09-30": "58.15800", "2011-06-30": "50.04100", "2011-03-31": "44.95200", "2010-12-31": "37.27000", "2010-09-30": "27.28100", "2010-06-30": "18.19500", "2010-03-31": "1.77600", "2009-12-31": "-17.24000", "2009-09-30": "-41.25600", "2009-06-30": "-60.41100", "2009-03-31": "-11.70600", "2008-12-31": "-364.27400", "2008-09-30": "-17.88500", "2008-06-30": "-42.57000", "2008-03-31": "40.99900", "2007-12-31": "6.05000", "2007-09-30": "49.66300", "2007-06-30": "52.67300", "2007-03-31": "51.27400", "2006-12-31": "54.64200", "2006-09-30": "10.43300", "2006-06-30": "63.55500", "2006-03-31": "64.19000", "2005-12-31": "60.94500", "2005-09-30": "68.66000", "2005-06-30": "67.97800", "2005-03-31": "69.98600"}, "Income Taxes": {"2020-12-31": "15.11800", "2020-09-30": "18.28900", "2020-06-30": "14.80200", "2020-03-31": "11.14400", "2019-12-31": "25.96600", "2019-09-30": "25.41100", "2019-06-30": "26.45100", "2019-03-31": "26.14100", "2018-12-31": "26.69700", "2018-09-30": "13.70000", "2018-06-30": "20.74300", "2018-03-31": "20.07500", "2017-12-31": "17.02900", "2017-09-30": "30.28100", "2017-06-30": "29.09000", "2017-03-31": "21.95100", "2016-12-31": "23.84500", "2016-09-30": "24.44500", "2016-06-30": "24.59900", "2016-03-31": "23.43400", "2015-12-31": "23.51900", "2015-09-30": "24.99500", "2015-06-30": "20.42600", "2015-03-31": "24.09200", "2014-12-31": "23.75300", "2014-09-30": "23.82400", "2014-06-30": "23.15900", "2014-03-31": "21.23700", "2013-12-31": "19.19800", "2013-09-30": "18.15800", "2013-06-30": "20.83500", "2013-03-31": "18.92200", "2012-12-31": "20.26100", "2012-09-30": "19.48900", "2012-06-30": "18.31200", "2012-03-31": "16.60300", "2011-12-31": "13.79900", "2011-09-30": "15.92700", "2011-06-30": "15.85700", "2011-03-31": "12.36800", "2010-12-31": "6.85600", "2010-09-30": "4.59700", "2010-06-30": "0.55000", "2010-03-31": "0.35500", "2009-12-31": "-2.28100", "2009-09-30": "-22.01400", "2009-06-30": "-28.53600", "2009-03-31": "-0.59300", "2008-12-31": "-63.98000", "2008-09-30": "-1.87800", "2008-06-30": "-14.28500", "2008-03-31": "14.30300", "2007-12-31": "0.00500", "2007-09-30": "15.08800", "2007-06-30": "16.80100", "2007-03-31": "16.19400", "2006-12-31": "16.95400", "2006-09-30": "1.43600", "2006-06-30": "20.41200", "2006-03-31": "20.33800", "2005-12-31": "18.76800", "2005-09-30": "22.05800", "2005-06-30": "21.72000", "2005-03-31": "22.49100"}, "Income After Taxes": {"2020-12-31": "60.04400", "2020-09-30": "69.28100", "2020-06-30": "53.09700", "2020-03-31": "38.19900", "2019-12-31": "90.47300", "2019-09-30": "93.86500", "2019-06-30": "98.64900", "2019-03-31": "99.73600", "2018-12-31": "98.83800", "2018-09-30": "99.67300", "2018-06-30": "81.68200", "2018-03-31": "80.22500", "2017-12-31": "69.89300", "2017-09-30": "64.49600", "2017-06-30": "61.57900", "2017-03-31": "59.47100", "2016-12-31": "57.66000", "2016-09-30": "51.81700", "2016-06-30": "50.60300", "2016-03-31": "47.04700", "2015-12-31": "51.59400", "2015-09-30": "51.37000", "2015-06-30": "52.04300", "2015-03-31": "49.72200", "2014-12-31": "51.00600", "2014-09-30": "50.45700", "2014-06-30": "47.83400", "2014-03-31": "50.42900", "2013-12-31": "43.66100", "2013-09-30": "47.30500", "2013-06-30": "46.37300", "2013-03-31": "42.11700", "2012-12-31": "48.52600", "2012-09-30": "44.99300", "2012-06-30": "41.24000", "2012-03-31": "38.93800", "2011-12-31": "40.38400", "2011-09-30": "42.23100", "2011-06-30": "34.18400", "2011-03-31": "32.58400", "2010-12-31": "30.41400", "2010-09-30": "22.68400", "2010-06-30": "17.64500", "2010-03-31": "1.42100", "2009-12-31": "-14.95900", "2009-09-30": "-19.24200", "2009-06-30": "-31.87500", "2009-03-31": "-11.11300", "2008-12-31": "-300.29400", "2008-09-30": "-16.00700", "2008-06-30": "-28.28500", "2008-03-31": "26.69600", "2007-12-31": "6.04500", "2007-09-30": "34.57500", "2007-06-30": "35.87200", "2007-03-31": "35.08000", "2006-12-31": "37.68800", "2006-09-30": "8.99700", "2006-06-30": "43.14300", "2006-03-31": "43.85200", "2005-12-31": "42.17700", "2005-09-30": "46.60200", "2005-06-30": "46.25800", "2005-03-31": "47.49500"}, "Other Income": {"2020-12-31": "", "2020-09-30": "", "2020-06-30": "", "2020-03-31": "", "2019-12-31": "", "2019-09-30": "", "2019-06-30": "", "2019-03-31": "", "2018-12-31": "", "2018-09-30": "", "2018-06-30": "", "2018-03-31": "", "2017-12-31": "", "2017-09-30": "", "2017-06-30": "", "2017-03-31": "", "2016-12-31": "", "2016-09-30": "", "2016-06-30": "", "2016-03-31": "", "2015-12-31": "", "2015-09-30": "", "2015-06-30": "", "2015-03-31": "", "2014-12-31": "", "2014-09-30": "", "2014-06-30": "", "2014-03-31": "", "2013-12-31": "", "2013-09-30": "", "2013-06-30": "", "2013-03-31": "", "2012-12-31": "", "2012-09-30": "", "2012-06-30": "", "2012-03-31": "", "2011-12-31": "", "2011-09-30": "", "2011-06-30": "", "2011-03-31": "", "2010-12-31": "", "2010-09-30": "", "2010-06-30": "", "2010-03-31": "", "2009-12-31": "", "2009-09-30": "", "2009-06-30": "", "2009-03-31": "", "2008-12-31": "", "2008-09-30": "", "2008-06-30": "", "2008-03-31": "", "2007-12-31": "", "2007-09-30": "", "2007-06-30": "", "2007-03-31": "", "2006-12-31": "", "2006-09-30": "", "2006-06-30": "", "2006-03-31": "", "2005-12-31": "", "2005-09-30": "", "2005-06-30": "", "2005-03-31": ""}, "Income From Continuous Operations": {"2020-12-31": "60.04400", "2020-09-30": "69.28100", "2020-06-30": "53.09700", "2020-03-31": "38.19900", "2019-12-31": "90.47300", "2019-09-30": "93.86500", "2019-06-30": "98.64900", "2019-03-31": "99.73600", "2018-12-31": "98.83800", "2018-09-30": "99.67300", "2018-06-30": "81.68200", "2018-03-31": "80.22500", "2017-12-31": "69.89300", "2017-09-30": "64.49600", "2017-06-30": "61.57900", "2017-03-31": "59.47100", "2016-12-31": "57.66000", "2016-09-30": "51.81700", "2016-06-30": "50.60300", "2016-03-31": "47.04700", "2015-12-31": "51.59400", "2015-09-30": "51.37000", "2015-06-30": "52.04300", "2015-03-31": "49.72200", "2014-12-31": "51.00600", "2014-09-30": "50.45700", "2014-06-30": "47.83400", "2014-03-31": "50.42900", "2013-12-31": "43.66100", "2013-09-30": "47.30500", "2013-06-30": "46.37300", "2013-03-31": "42.11700", "2012-12-31": "48.52600", "2012-09-30": "44.99300", "2012-06-30": "41.24000", "2012-03-31": "38.93800", "2011-12-31": "40.38400", "2011-09-30": "42.23100", "2011-06-30": "34.18400", "2011-03-31": "32.58400", "2010-12-31": "30.41400", "2010-09-30": "22.68400", "2010-06-30": "17.64500", "2010-03-31": "1.42100", "2009-12-31": "-14.95900", "2009-09-30": "-19.24200", "2009-06-30": "-31.87500", "2009-03-31": "-11.11300", "2008-12-31": "-300.29400", "2008-09-30": "-16.00700", "2008-06-30": "-28.28500", "2008-03-31": "26.69600", "2007-12-31": "6.04500", "2007-09-30": "34.57500", "2007-06-30": "35.87200", "2007-03-31": "35.08000", "2006-12-31": "37.68800", "2006-09-30": "8.99700", "2006-06-30": "43.14300", "2006-03-31": "43.85200", "2005-12-31": "42.17700", "2005-09-30": "46.60200", "2005-06-30": "46.25800", "2005-03-31": "47.49500"}, "Income From Discontinued Operations": {"2020-12-31": "", "2020-09-30": "", "2020-06-30": "", "2020-03-31": "", "2019-12-31": "", "2019-09-30": "", "2019-06-30": "", "2019-03-31": "", "2018-12-31": "", "2018-09-30": "", "2018-06-30": "", "2018-03-31": "", "2017-12-31": "", "2017-09-30": "", "2017-06-30": "", "2017-03-31": "", "2016-12-31": "", "2016-09-30": "", "2016-06-30": "", "2016-03-31": "", "2015-12-31": "", "2015-09-30": "", "2015-06-30": "", "2015-03-31": "", "2014-12-31": "", "2014-09-30": "", "2014-06-30": "", "2014-03-31": "", "2013-12-31": "", "2013-09-30": "", "2013-06-30": "", "2013-03-31": "", "2012-12-31": "", "2012-09-30": "", "2012-06-30": "", "2012-03-31": "", "2011-12-31": "", "2011-09-30": "", "2011-06-30": "", "2011-03-31": "1.99500", "2010-12-31": "", "2010-09-30": "", "2010-06-30": "", "2010-03-31": "0.00000", "2009-12-31": "-0.01100", "2009-09-30": "", "2009-06-30": "0.31300", "2009-03-31": "", "2008-12-31": "0.00800", "2008-09-30": "-0.51800", "2008-06-30": "-0.43900", "2008-03-31": "-2.12400", "2007-12-31": "-13.86700", "2007-09-30": "0.39300", "2007-06-30": "-0.40500", "2007-03-31": "-0.04400", "2006-12-31": "", "2006-09-30": "", "2006-06-30": "", "2006-03-31": "", "2005-12-31": "", "2005-09-30": "", "2005-06-30": "", "2005-03-31": ""}, "Net Income": {"2020-12-31": "57.71500", "2020-09-30": "66.89000", "2020-06-30": "50.72900", "2020-03-31": "36.02100", "2019-12-31": "87.80100", "2019-09-30": "91.44200", "2019-06-30": "96.19300", "2019-03-31": "97.54900", "2018-12-31": "96.67100", "2018-09-30": "97.46000", "2018-06-30": "79.48900", "2018-03-31": "78.08300", "2017-12-31": "67.57800", "2017-09-30": "62.42600", "2017-06-30": "59.48500", "2017-03-31": "57.34200", "2016-12-31": "55.47000", "2016-09-30": "49.63400", "2016-06-30": "48.39800", "2016-03-31": "44.92100", "2015-12-31": "49.42900", "2015-09-30": "49.17600", "2015-06-30": "49.81900", "2015-03-31": "46.93700", "2014-12-31": "48.05100", "2014-09-30": "47.64700", "2014-06-30": "45.00800", "2014-03-31": "47.79000", "2013-12-31": "40.55600", "2013-09-30": "44.66600", "2013-06-30": "43.73400", "2013-03-31": "39.08000", "2012-12-31": "48.09200", "2012-09-30": "44.37800", "2012-06-30": "40.62500", "2012-03-31": "38.14200", "2011-12-31": "39.78900", "2011-09-30": "41.40000", "2011-06-30": "33.15500", "2011-03-31": "33.74900", "2010-12-31": "22.89900", "2010-09-30": "17.77900", "2010-06-30": "12.73000", "2010-03-31": "-6.06900", "2009-12-31": "-55.67100", "2009-09-30": "-26.10000", "2009-06-30": "16.79900", "2009-03-31": "-21.55700", "2008-12-31": "-307.59400", "2008-09-30": "-21.74800", "2008-06-30": "-28.94000", "2008-03-31": "24.36500", "2007-12-31": "-8.69800", "2007-09-30": "34.96800", "2007-06-30": "35.46700", "2007-03-31": "35.03600", "2006-12-31": "37.79800", "2006-09-30": "8.99700", "2006-06-30": "43.14300", "2006-03-31": "43.85200", "2005-12-31": "44.83800", "2005-09-30": "46.60200", "2005-06-30": "46.25800", "2005-03-31": "47.49500"}, "EBITDA": {"2020-12-31": "", "2020-09-30": "", "2020-06-30": "", "2020-03-31": "", "2019-12-31": "", "2019-09-30": "", "2019-06-30": "", "2019-03-31": "", "2018-12-31": "", "2018-09-30": "", "2018-06-30": "", "2018-03-31": "", "2017-12-31": "", "2017-09-30": "", "2017-06-30": "", "2017-03-31": "", "2016-12-31": "", "2016-09-30": "", "2016-06-30": "", "2016-03-31": "", "2015-12-31": "", "2015-09-30": "", "2015-06-30": "", "2015-03-31": "", "2014-12-31": "", "2014-09-30": "", "2014-06-30": "", "2014-03-31": "", "2013-12-31": "", "2013-09-30": "", "2013-06-30": "", "2013-03-31": "", "2012-12-31": "", "2012-09-30": "", "2012-06-30": "", "2012-03-31": "", "2011-12-31": "", "2011-09-30": "", "2011-06-30": "", "2011-03-31": "", "2010-12-31": "", "2010-09-30": "", "2010-06-30": "", "2010-03-31": "", "2009-12-31": "", "2009-09-30": "", "2009-06-30": "", "2009-03-31": "", "2008-12-31": "", "2008-09-30": "", "2008-06-30": "", "2008-03-31": "", "2007-12-31": "", "2007-09-30": "", "2007-06-30": "", "2007-03-31": "", "2006-12-31": "", "2006-09-30": "", "2006-06-30": "", "2006-03-31": "", "2005-12-31": "", "2005-09-30": "", "2005-06-30": "", "2005-03-31": ""}, "EBIT": {"2020-12-31": "", "2020-09-30": "", "2020-06-30": "", "2020-03-31": "", "2019-12-31": "", "2019-09-30": "", "2019-06-30": "", "2019-03-31": "", "2018-12-31": "", "2018-09-30": "", "2018-06-30": "", "2018-03-31": "", "2017-12-31": "", "2017-09-30": "", "2017-06-30": "", "2017-03-31": "", "2016-12-31": "", "2016-09-30": "", "2016-06-30": "", "2016-03-31": "", "2015-12-31": "", "2015-09-30": "", "2015-06-30": "", "2015-03-31": "", "2014-12-31": "", "2014-09-30": "", "2014-06-30": "", "2014-03-31": "", "2013-12-31": "", "2013-09-30": "", "2013-06-30": "", "2013-03-31": "", "2012-12-31": "", "2012-09-30": "", "2012-06-30": "", "2012-03-31": "", "2011-12-31": "", "2011-09-30": "", "2011-06-30": "", "2011-03-31": "", "2010-12-31": "", "2010-09-30": "", "2010-06-30": "", "2010-03-31": "", "2009-12-31": "", "2009-09-30": "", "2009-06-30": "", "2009-03-31": "", "2008-12-31": "", "2008-09-30": "", "2008-06-30": "", "2008-03-31": "", "2007-12-31": "", "2007-09-30": "", "2007-06-30": "", "2007-03-31": "", "2006-12-31": "", "2006-09-30": "", "2006-06-30": "", "2006-03-31": "", "2005-12-31": "", "2005-09-30": "", "2005-06-30": "", "2005-03-31": ""}, "Basic Shares Outstanding": {"2020-12-31": "89.64500", "2020-09-30": "89.63000", "2020-06-30": "89.48500", "2020-03-31": "90.93600", "2019-12-31": "91.55900", "2019-09-30": "91.55900", "2019-06-30": "91.53400", "2019-03-31": "91.96200", "2018-12-31": "91.93000", "2018-09-30": "91.95900", "2018-06-30": "91.89300", "2018-03-31": "91.92100", "2017-12-31": "91.96500", "2017-09-30": "92.12500", "2017-06-30": "92.09200", "2017-03-31": "91.88600", "2016-12-31": "91.36700", "2016-09-30": "91.36500", "2016-06-30": "91.24400", "2016-03-31": "91.32800", "2015-12-31": "90.96800", "2015-09-30": "91.45800", "2015-06-30": "90.71300", "2015-03-31": "90.25100", "2014-12-31": "89.89900", "2014-09-30": "89.88800", "2014-06-30": "89.77600", "2014-03-31": "89.88000", "2013-12-31": "88.71300", "2013-09-30": "89.75900", "2013-06-30": "89.64500", "2013-03-31": "85.50100", "2012-12-31": "87.21100", "2012-09-30": "87.39400", "2012-06-30": "87.29100", "2012-03-31": "87.21600", "2011-12-31": "87.00700", "2011-09-30": "87.04600", "2011-06-30": "86.98600", "2011-03-31": "86.89600", "2010-12-31": "78.17500", "2010-09-30": "78.09700", "2010-06-30": "78.00400", "2010-03-31": "77.92200", "2009-12-31": "60.94300", "2009-09-30": "66.28100", "2009-06-30": "52.84600", "2009-03-31": "52.10200", "2008-12-31": "52.02000", "2008-09-30": "52.03200", "2008-06-30": "52.01700", "2008-03-31": "52.39000", "2007-12-31": "54.76800", "2007-09-30": "53.73500", "2007-06-30": "55.67700", "2007-03-31": "56.11300", "2006-12-31": "53.43500", "2006-09-30": "52.24100", "2006-06-30": "52.63700", "2006-03-31": "53.09400", "2005-12-31": "53.57700", "2005-09-30": "53.64800", "2005-06-30": "53.61800", "2005-03-31": "53.57100"}, "Shares Outstanding": {"2020-12-31": "89.91500", "2020-09-30": "89.73800", "2020-06-30": "89.57000", "2020-03-31": "91.20600", "2019-12-31": "91.88200", "2019-09-30": "91.87400", "2019-06-30": "91.85500", "2019-03-31": "92.22500", "2018-12-31": "92.22700", "2018-09-30": "92.20800", "2018-06-30": "92.17300", "2018-03-31": "92.25400", "2017-12-31": "92.35600", "2017-09-30": "92.50300", "2017-06-30": "92.49500", "2017-03-31": "92.34200", "2016-12-31": "91.85600", "2016-09-30": "91.85700", "2016-06-30": "91.74500", "2016-03-31": "91.80900", "2015-12-31": "91.53300", "2015-09-30": "92.00700", "2015-06-30": "91.30200", "2015-03-31": "90.84100", "2014-12-31": "90.62000", "2014-09-30": "90.61400", "2014-06-30": "90.52800", "2014-03-31": "90.65800", "2013-12-31": "90.26100", "2013-09-30": "90.42300", "2013-06-30": "90.08700", "2013-03-31": "89.66200", "2012-12-31": "91.64900", "2012-09-30": "91.88400", "2012-06-30": "91.54300", "2012-03-31": "91.78200", "2011-12-31": "91.68800", "2011-09-30": "91.20500", "2011-06-30": "92.18400", "2011-03-31": "92.55400", "2010-12-31": "82.17200", "2010-09-30": "82.12800", "2010-06-30": "82.72100", "2010-03-31": "77.92200", "2009-12-31": "63.91600", "2009-09-30": "66.28100", "2009-06-30": "58.48600", "2009-03-31": "52.10200", "2008-12-31": "52.02000", "2008-09-30": "52.03200", "2008-06-30": "52.01700", "2008-03-31": "52.51700", "2007-12-31": "55.19900", "2007-09-30": "54.25900", "2007-06-30": "56.24300", "2007-03-31": "56.76200", "2006-12-31": "54.06500", "2006-09-30": "52.87100", "2006-06-30": "53.25200", "2006-03-31": "53.70300", "2005-12-31": "54.23600", "2005-09-30": "54.31000", "2005-06-30": "54.27800", "2005-03-31": "54.21700"}, "Basic EPS": {"2020-12-31": "0.64000", "2020-09-30": "0.75000", "2020-06-30": "0.57000", "2020-03-31": "0.40000", "2019-12-31": "0.96000", "2019-09-30": "1.00000", "2019-06-30": "1.05000", "2019-03-31": "1.06000", "2018-12-31": "1.05000", "2018-09-30": "1.06000", "2018-06-30": "0.87000", "2018-03-31": "0.85000", "2017-12-31": "0.73000", "2017-09-30": "0.68000", "2017-06-30": "0.65000", "2017-03-31": "0.62000", "2016-12-31": "0.61000", "2016-09-30": "0.54000", "2016-06-30": "0.53000", "2016-03-31": "0.49000", "2015-12-31": "0.54000", "2015-09-30": "0.54000", "2015-06-30": "0.55000", "2015-03-31": "0.52000", "2014-12-31": "0.54000", "2014-09-30": "0.53000", "2014-06-30": "0.50000", "2014-03-31": "0.53000", "2013-12-31": "0.45000", "2013-09-30": "0.50000", "2013-06-30": "0.49000", "2013-03-31": "0.46000", "2012-12-31": "0.55000", "2012-09-30": "0.51000", "2012-06-30": "0.46000", "2012-03-31": "0.44000", "2011-12-31": "0.45000", "2011-09-30": "0.48000", "2011-06-30": "0.38000", "2011-03-31": "0.38000", "2010-12-31": "0.29000", "2010-09-30": "0.23000", "2010-06-30": "0.16000", "2010-03-31": "-0.08000", "2009-12-31": "-0.93000", "2009-09-30": "-0.39000", "2009-06-30": "0.31000", "2009-03-31": "-0.41000", "2008-12-31": "-5.91000", "2008-09-30": "-0.42000", "2008-06-30": "-0.56000", "2008-03-31": "0.46000", "2007-12-31": "-0.14000", "2007-09-30": "0.65000", "2007-06-30": "0.64000", "2007-03-31": "0.62000", "2006-12-31": "0.68000", "2006-09-30": "0.17000", "2006-06-30": "0.82000", "2006-03-31": "0.83000", "2005-12-31": "0.84000", "2005-09-30": "0.87000", "2005-06-30": "0.86000", "2005-03-31": "0.89000"}, "EPS - Earnings Per Share": {"2020-12-31": "0.64000", "2020-09-30": "0.75000", "2020-06-30": "0.57000", "2020-03-31": "0.39000", "2019-12-31": "0.95000", "2019-09-30": "1.00000", "2019-06-30": "1.05000", "2019-03-31": "1.06000", "2018-12-31": "1.04000", "2018-09-30": "1.06000", "2018-06-30": "0.86000", "2018-03-31": "0.85000", "2017-12-31": "0.74000", "2017-09-30": "0.67000", "2017-06-30": "0.64000", "2017-03-31": "0.62000", "2016-12-31": "0.60000", "2016-09-30": "0.54000", "2016-06-30": "0.53000", "2016-03-31": "0.49000", "2015-12-31": "0.53000", "2015-09-30": "0.53000", "2015-06-30": "0.55000", "2015-03-31": "0.52000", "2014-12-31": "0.52000", "2014-09-30": "0.53000", "2014-06-30": "0.50000", "2014-03-31": "0.53000", "2013-12-31": "0.45000", "2013-09-30": "0.49000", "2013-06-30": "0.48000", "2013-03-31": "0.44000", "2012-12-31": "0.52000", "2012-09-30": "0.48000", "2012-06-30": "0.44000", "2012-03-31": "0.42000", "2011-12-31": "0.44000", "2011-09-30": "0.45000", "2011-06-30": "0.36000", "2011-03-31": "0.36000", "2010-12-31": "0.28000", "2010-09-30": "0.22000", "2010-06-30": "0.15000", "2010-03-31": "-0.08000", "2009-12-31": "-0.71000", "2009-09-30": "-0.39000", "2009-06-30": "-0.65000", "2009-03-31": "-0.41000", "2008-12-31": "-5.91000", "2008-09-30": "-0.42000", "2008-06-30": "-0.56000", "2008-03-31": "0.46000", "2007-12-31": "-0.13000", "2007-09-30": "0.64000", "2007-06-30": "0.63000", "2007-03-31": "0.62000", "2006-12-31": "0.67000", "2006-09-30": "0.17000", "2006-06-30": "0.81000", "2006-03-31": "0.82000", "2005-12-31": "0.83000", "2005-09-30": "0.86000", "2005-06-30": "0.85000", "2005-03-31": "0.88000"}}, "balance sheet": {"Cash On Hand": {"2020-12-31": "263.10400", "2019-12-31": "257.89500", "2018-12-31": "329.49900", "2017-12-31": "256.78600", "2016-12-31": "220.12400", "2015-12-31": "355.60000", "2014-12-31": "394.23900", "2013-12-31": "247.29000", "2012-12-31": "350.48800", "2011-12-31": "292.01900", "2010-12-31": "224.21400", "2009-12-31": "561.49400", "2008-12-31": "281.36200", "2007-12-31": "314.10600", "2006-12-31": "492.37800", "2005-12-31": "332.26500"}, "Receivables": {"2020-12-31": "", "2019-12-31": "", "2018-12-31": "", "2017-12-31": "", "2016-12-31": "", "2015-12-31": "", "2014-12-31": "", "2013-12-31": "", "2012-12-31": "", "2011-12-31": "", "2010-12-31": "", "2009-12-31": "", "2008-12-31": "", "2007-12-31": "", "2006-12-31": "", "2005-12-31": ""}, "Inventory": {"2020-12-31": "", "2019-12-31": "", "2018-12-31": "", "2017-12-31": "", "2016-12-31": "", "2015-12-31": "", "2014-12-31": "", "2013-12-31": "", "2012-12-31": "", "2011-12-31": "", "2010-12-31": "", "2009-12-31": "", "2008-12-31": "", "2007-12-31": "", "2006-12-31": "", "2005-12-31": ""}, "Pre-Paid Expenses": {"2020-12-31": "", "2019-12-31": "", "2018-12-31": "", "2017-12-31": "", "2016-12-31": "", "2015-12-31": "", "2014-12-31": "", "2013-12-31": "", "2012-12-31": "", "2011-12-31": "", "2010-12-31": "", "2009-12-31": "", "2008-12-31": "", "2007-12-31": "", "2006-12-31": "", "2005-12-31": ""}, "Other Current Assets": {"2020-12-31": "", "2019-12-31": "", "2018-12-31": "", "2017-12-31": "", "2016-12-31": "", "2015-12-31": "", "2014-12-31": "", "2013-12-31": "", "2012-12-31": "", "2011-12-31": "", "2010-12-31": "", "2009-12-31": "", "2008-12-31": "", "2007-12-31": "", "2006-12-31": "", "2005-12-31": ""}, "Total Current Assets": {"2020-12-31": "22185.45000", "2019-12-31": "20577.22000", "2018-12-31": "18907.76000", "2017-12-31": "17888.21000", "2016-12-31": "17414.43000", "2015-12-31": "16233.29000", "2014-12-31": "14504.62000", "2013-12-31": "13075.98000", "2012-12-31": "12569.43000", "2011-12-31": "11578.37000", "2010-12-31": "11232.16000", "2009-12-31": "11587.78000", "2008-12-31": "12518.37000", "2007-12-31": "13004.24000", "2006-12-31": "13713.51000", "2005-12-31": "12824.76000"}, "Property, Plant, And Equipment": {"2020-12-31": "226.74300", "2019-12-31": "270.41300", "2018-12-31": "124.85000", "2017-12-31": "130.00100", "2016-12-31": "137.41300", "2015-12-31": "129.42600", "2014-12-31": "121.93300", "2013-12-31": "121.60500", "2012-12-31": "134.56200", "2011-12-31": "147.37900", "2010-12-31": "157.72400", "2009-12-31": "178.42200", "2008-12-31": "185.92800", "2007-12-31": "193.06300", "2006-12-31": "191.49200", "2005-12-31": "182.85600"}, "Long-Term Investments": {"2020-12-31": "8972.25900", "2019-12-31": "8368.79700", "2018-12-31": "7373.43600", "2017-12-31": "7276.99500", "2016-12-31": "7346.39500", "2015-12-31": "7096.03000", "2014-12-31": "6860.11800", "2013-12-31": "6624.53000", "2012-12-31": "6399.31900", "2011-12-31": "5992.36500", "2010-12-31": "5630.10300", "2009-12-31": "4925.78600", "2008-12-31": "3846.09000", "2007-12-31": "2857.55300", "2006-12-31": "1957.16000", "2005-12-31": "3698.32800"}, "Goodwill And Intangible Assets": {"2020-12-31": "560.75600", "2019-12-31": "560.29000", "2018-12-31": "564.13700", "2017-12-31": "567.98400", "2016-12-31": "572.04700", "2015-12-31": "577.69900", "2014-12-31": "532.55300", "2013-12-31": "535.23800", "2012-12-31": "540.15700", "2011-12-31": "545.57700", "2010-12-31": "551.16400", "2009-12-31": "556.75200", "2008-12-31": "563.92600", "2007-12-31": "768.01500", "2006-12-31": "777.65900", "2005-12-31": "698.56990"}, "Other Long-Term Assets": {"2020-12-31": "564.19500", "2019-12-31": "550.65100", "2018-12-31": "543.61600", "2017-12-31": "531.82000", "2016-12-31": "517.85200", "2015-12-31": "503.09300", "2014-12-31": "440.07300", "2013-12-31": "430.53500", "2012-12-31": "434.61600", "2011-12-31": "344.98500", "2010-12-31": "355.69700", "2009-12-31": "368.72700", "2008-12-31": "279.80700", "2007-12-31": "320.96900", "2006-12-31": "424.39500", "2005-12-31": "376.73200"}, "Total Long-Term Assets": {"2020-12-31": "10405.24000", "2019-12-31": "9812.12600", "2018-12-31": "8702.55500", "2017-12-31": "8599.43000", "2016-12-31": "8658.09800", "2015-12-31": "8407.82600", "2014-12-31": "8028.55100", "2013-12-31": "7777.01700", "2012-12-31": "7577.33500", "2011-12-31": "7135.97100", "2010-12-31": "6801.71600", "2009-12-31": "6151.42000", "2008-12-31": "5065.08800", "2007-12-31": "4197.72600", "2006-12-31": "3383.14600", "2005-12-31": "5011.79900"}, "Total Assets": {"2020-12-31": "32590.69000", "2019-12-31": "30389.34000", "2018-12-31": "27610.31000", "2017-12-31": "26487.64000", "2016-12-31": "26072.53000", "2015-12-31": "24641.12000", "2014-12-31": "22533.17000", "2013-12-31": "20853.00000", "2012-12-31": "20146.77000", "2011-12-31": "18714.34000", "2010-12-31": "18033.88000", "2009-12-31": "17739.20000", "2008-12-31": "17583.54000", "2007-12-31": "17201.96000", "2006-12-31": "17096.66000", "2005-12-31": "17836.56000"}, "Total Current Liabilities": {"2020-12-31": "28655.24000", "2019-12-31": "24518.34000", "2018-12-31": "22670.97000", "2017-12-31": "21882.81000", "2016-12-31": "20477.10000", "2015-12-31": "19337.76000", "2014-12-31": "17124.69000", "2013-12-31": "16363.03000", "2012-12-31": "15891.35000", "2011-12-31": "15063.37000", "2010-12-31": "14904.16000", "2009-12-31": "14648.09000", "2008-12-31": "13676.00000", "2007-12-31": "13743.62000", "2006-12-31": "13498.00000", "2005-12-31": "13315.70000"}, "Long Term Debt": {"2020-12-31": "700.82700", "2019-12-31": "2488.84000", "2018-12-31": "2052.82900", "2017-12-31": "1902.87200", "2016-12-31": "3068.42200", "2015-12-31": "2889.39900", "2014-12-31": "3085.66800", "2013-12-31": "2280.78600", "2012-12-31": "2161.88800", "2011-12-31": "1805.19800", "2010-12-31": "1350.84200", "2009-12-31": "1133.07000", "2008-12-31": "2023.79300", "2007-12-31": "1702.87100", "2006-12-31": "1696.86900", "2005-12-31": "2854.91600"}, "Other Non-Current Liabilities": {"2020-12-31": "", "2019-12-31": "", "2018-12-31": "", "2017-12-31": "", "2016-12-31": "", "2015-12-31": "", "2014-12-31": "", "2013-12-31": "", "2012-12-31": "", "2011-12-31": "", "2010-12-31": "", "2009-12-31": "", "2008-12-31": "", "2007-12-31": "9.26100", "2006-12-31": "18.08200", "2005-12-31": "9.14600"}, "Total Long Term Liabilities": {"2020-12-31": "700.82700", "2019-12-31": "2488.84000", "2018-12-31": "2052.82900", "2017-12-31": "1902.87200", "2016-12-31": "3068.42200", "2015-12-31": "2889.39900", "2014-12-31": "3085.66800", "2013-12-31": "2280.78600", "2012-12-31": "2161.88800", "2011-12-31": "1805.19800", "2010-12-31": "1350.84200", "2009-12-31": "1133.07000", "2008-12-31": "2023.79300", "2007-12-31": "1721.70900", "2006-12-31": "1724.52800", "2005-12-31": "2873.63900"}, "Total Liabilities": {"2020-12-31": "29356.06000", "2019-12-31": "27181.57000", "2018-12-31": "24723.80000", "2017-12-31": "23785.69000", "2016-12-31": "23545.52000", "2015-12-31": "22227.16000", "2014-12-31": "20210.36000", "2013-12-31": "18643.81000", "2012-12-31": "18053.23000", "2011-12-31": "16868.57000", "2010-12-31": "16255.00000", "2009-12-31": "15781.16000", "2008-12-31": "15699.80000", "2007-12-31": "15465.33000", "2006-12-31": "15222.53000", "2005-12-31": "16189.34000"}, "Common Stock Net": {"2020-12-31": "", "2019-12-31": "0.93700", "2018-12-31": "0.93700", "2017-12-31": "0.93700", "2016-12-31": "0.93700", "2015-12-31": "0.93700", "2014-12-31": "0.93600", "2013-12-31": "0.93400", "2012-12-31": "0.90700", "2011-12-31": "0.90700", "2010-12-31": "0.90700", "2009-12-31": "0.82000", "2008-12-31": "0.56600", "2007-12-31": "0.56600", "2006-12-31": "0.56400", "2005-12-31": "0.54100"}, "Retained Earnings (Accumulated Deficit)": {"2020-12-31": "", "2019-12-31": "2061.35200", "2018-12-31": "1828.30300", "2017-12-31": "1595.76200", "2016-12-31": "1425.32000", "2015-12-31": "1315.94800", "2014-12-31": "1202.25100", "2013-12-31": "1080.48800", "2012-12-31": "1000.42700", "2011-12-31": "865.42700", "2010-12-31": "741.87000", "2009-12-31": "708.02400", "2008-12-31": "783.87500", "2007-12-31": "1183.62100", "2006-12-31": "1150.00800", "2005-12-31": "1075.98400"}, "Comprehensive Income": {"2020-12-31": "", "2019-12-31": "-36.07200", "2018-12-31": "-130.65200", "2017-12-31": "-91.53100", "2016-12-31": "-76.99300", "2015-12-31": "-78.10600", "2014-12-31": "-56.26100", "2013-12-31": "-48.54900", "2012-12-31": "-32.26600", "2011-12-31": "-60.20400", "2010-12-31": "-13.70900", "2009-12-31": "-28.38900", "2008-12-31": "-105.91000", "2007-12-31": "-15.89600", "2006-12-31": "-3.32400", "2005-12-31": "-27.87800"}, "Other Share Holders Equity": {"2020-12-31": "", "2019-12-31": "", "2018-12-31": "", "2017-12-31": "", "2016-12-31": "", "2015-12-31": "", "2014-12-31": "", "2013-12-31": "", "2012-12-31": "", "2011-12-31": "", "2010-12-31": "", "2009-12-31": "", "2008-12-31": "", "2007-12-31": "", "2006-12-31": "", "2005-12-31": ""}, "Share Holder Equity": {"2020-12-31": "3234.62500", "2019-12-31": "3207.77000", "2018-12-31": "2886.51500", "2017-12-31": "2701.95800", "2016-12-31": "2527.01200", "2015-12-31": "2413.96000", "2014-12-31": "2322.81500", "2013-12-31": "2209.18800", "2012-12-31": "2093.53000", "2011-12-31": "1845.77400", "2010-12-31": "1778.87900", "2009-12-31": "1958.03400", "2008-12-31": "1883.73800", "2007-12-31": "1736.63200", "2006-12-31": "1874.13400", "2005-12-31": "1647.22600"}, "Total Liabilities And Share Holders Equity": {"2020-12-31": "32590.69000", "2019-12-31": "30389.34000", "2018-12-31": "27610.31000", "2017-12-31": "26487.64000", "2016-12-31": "26072.53000", "2015-12-31": "24641.12000", "2014-12-31": "22533.17000", "2013-12-31": "20853.00000", "2012-12-31": "20146.77000", "2011-12-31": "18714.34000", "2010-12-31": "18033.88000", "2009-12-31": "17739.20000", "2008-12-31": "17583.54000", "2007-12-31": "17201.96000", "2006-12-31": "17096.66000", "2005-12-31": "17836.56000"}}, "balance sheet, quarterly": {"Cash On Hand": {"2020-12-31": "263.10400", "2020-09-30": "241.80000", "2020-06-30": "303.12400", "2020-03-31": "267.94000", "2019-12-31": "257.89500", "2019-09-30": "302.83100", "2019-06-30": "217.48000", "2019-03-31": "220.65900", "2018-12-31": "329.49900", "2018-09-30": "321.98000", "2018-06-30": "299.28200", "2018-03-31": "210.82600", "2017-12-31": "256.78600", "2017-09-30": "242.23600", "2017-06-30": "265.47000", "2017-03-31": "222.19400", "2016-12-31": "220.12400", "2016-09-30": "221.92700", "2016-06-30": "263.05500", "2016-03-31": "225.97900", "2015-12-31": "355.60000", "2015-09-30": "271.15500", "2015-06-30": "347.73300", "2015-03-31": "353.26700", "2014-12-31": "394.23900", "2014-09-30": "312.52200", "2014-06-30": "306.53700", "2014-03-31": "281.77900", "2013-12-31": "247.29000", "2013-09-30": "284.93900", "2013-06-30": "211.66900", "2013-03-31": "170.00900", "2012-12-31": "350.48800", "2012-09-30": "244.31900", "2012-06-30": "270.82700", "2012-03-31": "250.94800", "2011-12-31": "292.01900", "2011-09-30": "256.01600", "2011-06-30": "254.04400", "2011-03-31": "275.67300", "2010-12-31": "224.21400", "2010-09-30": "250.21700", "2010-06-30": "228.31600", "2010-03-31": "320.25800", "2009-12-31": "561.49400", "2009-09-30": "534.05500", "2009-06-30": "262.85400", "2009-03-31": "228.80400", "2008-12-31": "281.36200", "2008-09-30": "228.84100", "2008-06-30": "328.75600", "2008-03-31": "279.41200", "2007-12-31": "314.10600", "2007-09-30": "345.83400", "2007-06-30": "307.38000", "2007-03-31": "289.29800", "2006-12-31": "492.37800", "2006-09-30": "255.84400", "2006-06-30": "389.98600", "2006-03-31": "280.47200", "2005-12-31": "332.26500", "2005-09-30": "280.98400", "2005-06-30": "336.87300", "2005-03-31": "346.80200"}, "Receivables": {"2020-12-31": "", "2020-09-30": "", "2020-06-30": "", "2020-03-31": "", "2019-12-31": "", "2019-09-30": "", "2019-06-30": "", "2019-03-31": "", "2018-12-31": "", "2018-09-30": "", "2018-06-30": "", "2018-03-31": "", "2017-12-31": "", "2017-09-30": "", "2017-06-30": "", "2017-03-31": "", "2016-12-31": "", "2016-09-30": "", "2016-06-30": "", "2016-03-31": "", "2015-12-31": "", "2015-09-30": "", "2015-06-30": "", "2015-03-31": "", "2014-12-31": "", "2014-09-30": "", "2014-06-30": "", "2014-03-31": "", "2013-12-31": "", "2013-09-30": "", "2013-06-30": "", "2013-03-31": "", "2012-12-31": "", "2012-09-30": "", "2012-06-30": "", "2012-03-31": "", "2011-12-31": "", "2011-09-30": "", "2011-06-30": "", "2011-03-31": "", "2010-12-31": "", "2010-09-30": "", "2010-06-30": "", "2010-03-31": "", "2009-12-31": "", "2009-09-30": "", "2009-06-30": "", "2009-03-31": "", "2008-12-31": "", "2008-09-30": "", "2008-06-30": "", "2008-03-31": "", "2007-12-31": "", "2007-09-30": "", "2007-06-30": "", "2007-03-31": "", "2006-12-31": "", "2006-09-30": "", "2006-06-30": "", "2006-03-31": "", "2005-12-31": "", "2005-09-30": "", "2005-06-30": "", "2005-03-31": ""}, "Inventory": {"2020-12-31": "", "2020-09-30": "", "2020-06-30": "", "2020-03-31": "", "2019-12-31": "", "2019-09-30": "", "2019-06-30": "", "2019-03-31": "", "2018-12-31": "", "2018-09-30": "", "2018-06-30": "", "2018-03-31": "", "2017-12-31": "", "2017-09-30": "", "2017-06-30": "", "2017-03-31": "", "2016-12-31": "", "2016-09-30": "", "2016-06-30": "", "2016-03-31": "", "2015-12-31": "", "2015-09-30": "", "2015-06-30": "", "2015-03-31": "", "2014-12-31": "", "2014-09-30": "", "2014-06-30": "", "2014-03-31": "", "2013-12-31": "", "2013-09-30": "", "2013-06-30": "", "2013-03-31": "", "2012-12-31": "", "2012-09-30": "", "2012-06-30": "", "2012-03-31": "", "2011-12-31": "", "2011-09-30": "", "2011-06-30": "", "2011-03-31": "", "2010-12-31": "", "2010-09-30": "", "2010-06-30": "", "2010-03-31": "", "2009-12-31": "", "2009-09-30": "", "2009-06-30": "", "2009-03-31": "", "2008-12-31": "", "2008-09-30": "", "2008-06-30": "", "2008-03-31": "", "2007-12-31": "", "2007-09-30": "", "2007-06-30": "", "2007-03-31": "", "2006-12-31": "", "2006-09-30": "", "2006-06-30": "", "2006-03-31": "", "2005-12-31": "", "2005-09-30": "", "2005-06-30": "", "2005-03-31": ""}, "Pre-Paid Expenses": {"2020-12-31": "", "2020-09-30": "", "2020-06-30": "", "2020-03-31": "", "2019-12-31": "", "2019-09-30": "", "2019-06-30": "", "2019-03-31": "", "2018-12-31": "", "2018-09-30": "", "2018-06-30": "", "2018-03-31": "", "2017-12-31": "", "2017-09-30": "", "2017-06-30": "", "2017-03-31": "", "2016-12-31": "", "2016-09-30": "", "2016-06-30": "", "2016-03-31": "", "2015-12-31": "", "2015-09-30": "", "2015-06-30": "", "2015-03-31": "", "2014-12-31": "", "2014-09-30": "", "2014-06-30": "", "2014-03-31": "", "2013-12-31": "", "2013-09-30": "", "2013-06-30": "", "2013-03-31": "", "2012-12-31": "", "2012-09-30": "", "2012-06-30": "", "2012-03-31": "", "2011-12-31": "", "2011-09-30": "", "2011-06-30": "", "2011-03-31": "", "2010-12-31": "", "2010-09-30": "", "2010-06-30": "", "2010-03-31": "", "2009-12-31": "", "2009-09-30": "", "2009-06-30": "", "2009-03-31": "", "2008-12-31": "", "2008-09-30": "", "2008-06-30": "", "2008-03-31": "", "2007-12-31": "", "2007-09-30": "", "2007-06-30": "", "2007-03-31": "", "2006-12-31": "", "2006-09-30": "", "2006-06-30": "", "2006-03-31": "", "2005-12-31": "", "2005-09-30": "", "2005-06-30": "", "2005-03-31": ""}, "Other Current Assets": {"2020-12-31": "", "2020-09-30": "", "2020-06-30": "", "2020-03-31": "", "2019-12-31": "", "2019-09-30": "", "2019-06-30": "", "2019-03-31": "", "2018-12-31": "", "2018-09-30": "", "2018-06-30": "", "2018-03-31": "", "2017-12-31": "", "2017-09-30": "", "2017-06-30": "", "2017-03-31": "", "2016-12-31": "", "2016-09-30": "", "2016-06-30": "", "2016-03-31": "", "2015-12-31": "", "2015-09-30": "", "2015-06-30": "", "2015-03-31": "", "2014-12-31": "", "2014-09-30": "", "2014-06-30": "", "2014-03-31": "", "2013-12-31": "", "2013-09-30": "", "2013-06-30": "", "2013-03-31": "", "2012-12-31": "", "2012-09-30": "", "2012-06-30": "", "2012-03-31": "", "2011-12-31": "", "2011-09-30": "", "2011-06-30": "", "2011-03-31": "", "2010-12-31": "", "2010-09-30": "", "2010-06-30": "", "2010-03-31": "", "2009-12-31": "", "2009-09-30": "", "2009-06-30": "", "2009-03-31": "", "2008-12-31": "", "2008-09-30": "", "2008-06-30": "", "2008-03-31": "", "2007-12-31": "", "2007-09-30": "", "2007-06-30": "", "2007-03-31": "", "2006-12-31": "", "2006-09-30": "", "2006-06-30": "", "2006-03-31": "", "2005-12-31": "", "2005-09-30": "", "2005-06-30": "", "2005-03-31": ""}, "Total Current Assets": {"2020-12-31": "22185.45000", "2020-09-30": "22427.34000", "2020-06-30": "22502.45000", "2020-03-31": "21548.72000", "2019-12-31": "20577.22000", "2019-09-30": "20175.31000", "2019-06-30": "19747.44000", "2019-03-31": "19208.55000", "2018-12-31": "18907.76000", "2018-09-30": "18729.73000", "2018-06-30": "18420.27000", "2018-03-31": "18116.18000", "2017-12-31": "17888.21000", "2017-09-30": "17815.02000", "2017-06-30": "17684.85000", "2017-03-31": "17426.41000", "2016-12-31": "17414.43000", "2016-09-30": "17088.49000", "2016-06-30": "16793.04000", "2016-03-31": "16356.11000", "2015-12-31": "16233.29000", "2015-09-30": "15677.92000", "2015-06-30": "15308.90000", "2015-03-31": "14811.44000", "2014-12-31": "14504.62000", "2014-09-30": "13987.28000", "2014-06-30": "13749.55000", "2014-03-31": "13407.91000", "2013-12-31": "13075.98000", "2013-09-30": "12893.93000", "2013-06-30": "12626.00000", "2013-03-31": "12362.87000", "2012-12-31": "12569.43000", "2012-09-30": "12137.19000", "2012-06-30": "11958.96000", "2012-03-31": "11658.02000", "2011-12-31": "11578.37000", "2011-09-30": "11338.17000", "2011-06-30": "11256.26000", "2011-03-31": "11261.67000", "2010-12-31": "11232.16000", "2010-09-30": "11115.68000", "2010-06-30": "11073.99000", "2010-03-31": "11389.88000", "2009-12-31": "11587.78000", "2009-09-30": "11887.04000", "2009-06-30": "11961.42000", "2009-03-31": "12362.15000", "2008-12-31": "12518.37000", "2008-09-30": "12985.14000", "2008-06-30": "12987.37000", "2008-03-31": "12785.89000", "2007-12-31": "13004.24000", "2007-09-30": "12910.17000", "2007-06-30": "13060.65000", "2007-03-31": "12990.09000", "2006-12-31": "13713.51000", "2006-09-30": "13533.10000", "2006-06-30": "13314.07000", "2006-03-31": "13020.54000", "2005-12-31": "12824.76000", "2005-09-30": "12643.79000", "2005-06-30": "12304.29000", "2005-03-31": "12311.54000"}, "Property, Plant, And Equipment": {"2020-12-31": "226.74300", "2020-09-30": "250.53500", "2020-06-30": "258.39200", "2020-03-31": "268.42000", "2019-12-31": "270.41300", "2019-09-30": "278.64200", "2019-06-30": "278.22700", "2019-03-31": "279.58000", "2018-12-31": "124.85000", "2018-09-30": "128.50700", "2018-06-30": "127.97300", "2018-03-31": "127.19600", "2017-12-31": "130.00100", "2017-09-30": "130.35800", "2017-06-30": "131.83300", "2017-03-31": "134.55100", "2016-12-31": "137.41300", "2016-09-30": "137.06700", "2016-06-30": "134.48200", "2016-03-31": "134.21200", "2015-12-31": "129.42600", "2015-09-30": "127.21600", "2015-06-30": "123.82800", "2015-03-31": "123.54800", "2014-12-31": "121.93300", "2014-09-30": "118.60800", "2014-06-30": "119.84000", "2014-03-31": "121.47300", "2013-12-31": "121.60500", "2013-09-30": "121.25000", "2013-06-30": "122.70400", "2013-03-31": "127.60900", "2012-12-31": "134.56200", "2012-09-30": "135.39400", "2012-06-30": "137.42000", "2012-03-31": "141.08800", "2011-12-31": "147.37900", "2011-09-30": "148.27400", "2011-06-30": "152.00900", "2011-03-31": "155.46400", "2010-12-31": "157.72400", "2010-09-30": "160.77400", "2010-06-30": "164.86500", "2010-03-31": "171.17800", "2009-12-31": "178.42200", "2009-09-30": "179.35300", "2009-06-30": "179.62500", "2009-03-31": "182.62900", "2008-12-31": "185.92800", "2008-09-30": "188.44300", "2008-06-30": "190.27300", "2008-03-31": "192.92800", "2007-12-31": "193.06300", "2007-09-30": "197.85200", "2007-06-30": "194.41200", "2007-03-31": "196.23200", "2006-12-31": "191.49200", "2006-09-30": "189.56200", "2006-06-30": "188.12500", "2006-03-31": "184.83100", "2005-12-31": "182.85600", "2005-09-30": "179.46300", "2005-06-30": "171.57900", "2005-03-31": "161.63500"}, "Long-Term Investments": {"2020-12-31": "8972.25900", "2020-09-30": "9116.95700", "2020-06-30": "8754.93700", "2020-03-31": "8643.85300", "2019-12-31": "8368.79700", "2019-09-30": "8270.60800", "2019-06-30": "7733.73500", "2019-03-31": "7564.15000", "2018-12-31": "7373.43600", "2018-09-30": "7290.15100", "2018-06-30": "7278.09300", "2018-03-31": "7307.15500", "2017-12-31": "7276.99500", "2017-09-30": "7224.81300", "2017-06-30": "7182.66900", "2017-03-31": "7272.66700", "2016-12-31": "7346.39500", "2016-09-30": "7247.54700", "2016-06-30": "7028.02800", "2016-03-31": "7281.10500", "2015-12-31": "7096.03000", "2015-09-30": "7150.90500", "2015-06-30": "7081.47000", "2015-03-31": "7084.58800", "2014-12-31": "6860.11800", "2014-09-30": "6687.03900", "2014-06-30": "6627.42900", "2014-03-31": "6623.18400", "2013-12-31": "6624.53000", "2013-09-30": "6558.64900", "2013-06-30": "6546.10200", "2013-03-31": "6588.28500", "2012-12-31": "6399.31900", "2012-09-30": "6405.10900", "2012-06-30": "6372.40100", "2012-03-31": "6367.11600", "2011-12-31": "5992.36500", "2011-09-30": "5750.03800", "2011-06-30": "5410.45600", "2011-03-31": "5550.03000", "2010-12-31": "5630.10300", "2010-09-30": "5499.76900", "2010-06-30": "5486.84100", "2010-03-31": "5422.75300", "2009-12-31": "4925.78600", "2009-09-30": "4756.03800", "2009-06-30": "4311.71100", "2009-03-31": "3661.99000", "2008-12-31": "3846.09000", "2008-09-30": "2990.65700", "2008-06-30": "3047.57200", "2008-03-31": "2969.63300", "2007-12-31": "2857.55300", "2007-09-30": "2506.78500", "2007-06-30": "2458.20000", "2007-03-31": "2462.43100", "2006-12-31": "1957.16000", "2006-09-30": "3314.12300", "2006-06-30": "3405.85100", "2006-03-31": "3589.08500", "2005-12-31": "3698.32800", "2005-09-30": "3829.73300", "2005-06-30": "3846.29800", "2005-03-31": "3804.20400"}, "Goodwill And Intangible Assets": {"2020-12-31": "560.75600", "2020-09-30": "561.90200", "2020-06-30": "558.36700", "2020-03-31": "559.32800", "2019-12-31": "560.29000", "2019-09-30": "561.25200", "2019-06-30": "562.21400", "2019-03-31": "563.17600", "2018-12-31": "564.13700", "2018-09-30": "565.09900", "2018-06-30": "566.06100", "2018-03-31": "567.02300", "2017-12-31": "567.98400", "2017-09-30": "568.96200", "2017-06-30": "569.96400", "2017-03-31": "570.99200", "2016-12-31": "572.04700", "2016-09-30": "573.12900", "2016-06-30": "574.62200", "2016-03-31": "576.14500", "2015-12-31": "577.69900", "2015-09-30": "579.28700", "2015-06-30": "580.90800", "2015-03-31": "582.75100", "2014-12-31": "532.55300", "2014-09-30": "532.96900", "2014-06-30": "533.40200", "2014-03-31": "534.07000", "2013-12-31": "535.23800", "2013-09-30": "536.43100", "2013-06-30": "537.67300", "2013-03-31": "538.91500", "2012-12-31": "540.15700", "2012-09-30": "541.39900", "2012-06-30": "542.78300", "2012-03-31": "544.18010", "2011-12-31": "545.57700", "2011-09-30": "546.97400", "2011-06-30": "548.37000", "2011-03-31": "549.76700", "2010-12-31": "551.16400", "2010-09-30": "552.56100", "2010-06-30": "553.95800", "2010-03-31": "555.35500", "2009-12-31": "556.75200", "2009-09-30": "559.59200", "2009-06-30": "561.01300", "2009-03-31": "562.46200", "2008-12-31": "563.92600", "2008-09-30": "754.02600", "2008-06-30": "756.50310", "2008-03-31": "766.46700", "2007-12-31": "768.01500", "2007-09-30": "816.47100", "2007-06-30": "818.42200", "2007-03-31": "823.20000", "2006-12-31": "777.65900", "2006-09-30": "692.38800", "2006-06-30": "695.01400", "2006-03-31": "698.55700", "2005-12-31": "698.56990", "2005-09-30": "703.74000", "2005-06-30": "708.38700", "2005-03-31": "714.49000"}, "Other Long-Term Assets": {"2020-12-31": "564.19500", "2020-09-30": "561.02100", "2020-06-30": "557.32500", "2020-03-31": "554.23100", "2019-12-31": "550.65100", "2019-09-30": "549.33500", "2019-06-30": "546.96300", "2019-03-31": "546.09400", "2018-12-31": "543.61600", "2018-09-30": "539.92300", "2018-06-30": "537.43100", "2018-03-31": "535.39100", "2017-12-31": "531.82000", "2017-09-30": "528.13600", "2017-06-30": "524.67400", "2017-03-31": "521.42700", "2016-12-31": "517.85200", "2016-09-30": "514.15300", "2016-06-30": "510.41000", "2016-03-31": "506.74600", "2015-12-31": "503.09300", "2015-09-30": "449.71100", "2015-06-30": "446.42300", "2015-03-31": "443.22500", "2014-12-31": "440.07300", "2014-09-30": "438.10000", "2014-06-30": "436.44500", "2014-03-31": "433.79300", "2013-12-31": "430.53500", "2013-09-30": "427.11300", "2013-06-30": "423.59800", "2013-03-31": "437.20600", "2012-12-31": "434.61600", "2012-09-30": "436.47000", "2012-06-30": "339.17900", "2012-03-31": "342.06300", "2011-12-31": "344.98500", "2011-09-30": "348.32500", "2011-06-30": "349.80400", "2011-03-31": "352.80400", "2010-12-31": "355.69700", "2010-09-30": "358.32900", "2010-06-30": "361.64400", "2010-03-31": "364.53800", "2009-12-31": "368.72700", "2009-09-30": "286.80600", "2009-06-30": "285.06400", "2009-03-31": "287.97000", "2008-12-31": "279.80700", "2008-09-30": "470.14500", "2008-06-30": "402.09100", "2008-03-31": "448.08000", "2007-12-31": "320.96900", "2007-09-30": "372.22400", "2007-06-30": "379.86600", "2007-03-31": "376.63900", "2006-12-31": "424.39500", "2006-09-30": "356.97000", "2006-06-30": "361.11800", "2006-03-31": "359.53100", "2005-12-31": "376.73200", "2005-09-30": "379.58000", "2005-06-30": "378.02400", "2005-03-31": "346.97500"}, "Total Long-Term Assets": {"2020-12-31": "10405.24000", "2020-09-30": "10567.11000", "2020-06-30": "10206.17000", "2020-03-31": "10106.15000", "2019-12-31": "9812.12600", "2019-09-30": "9719.79300", "2019-06-30": "9194.60200", "2019-03-31": "9029.57600", "2018-12-31": "8702.55500", "2018-09-30": "8616.59100", "2018-06-30": "8616.46900", "2018-03-31": "8635.96400", "2017-12-31": "8599.43000", "2017-09-30": "8535.16400", "2017-06-30": "8490.08200", "2017-03-31": "8576.50600", "2016-12-31": "8658.09800", "2016-09-30": "8545.12400", "2016-06-30": "8327.42800", "2016-03-31": "8579.39800", "2015-12-31": "8407.82600", "2015-09-30": "8391.86200", "2015-06-30": "8311.88600", "2015-03-31": "8295.24800", "2014-12-31": "8028.55100", "2014-09-30": "7839.60000", "2014-06-30": "7774.78700", "2014-03-31": "7767.83500", "2013-12-31": "7777.01700", "2013-09-30": "7715.62300", "2013-06-30": "7703.24300", "2013-03-31": "7747.67100", "2012-12-31": "7577.33500", "2012-09-30": "7592.47000", "2012-06-30": "7470.79500", "2012-03-31": "7476.12300", "2011-12-31": "7135.97100", "2011-09-30": "6889.92100", "2011-06-30": "6550.56400", "2011-03-31": "6703.27400", "2010-12-31": "6801.71600", "2010-09-30": "6684.57800", "2010-06-30": "6669.16300", "2010-03-31": "6634.83400", "2009-12-31": "6151.42000", "2009-09-30": "5921.24800", "2009-06-30": "5491.15800", "2009-03-31": "4894.58300", "2008-12-31": "5065.08800", "2008-09-30": "4530.89900", "2008-06-30": "4491.26200", "2008-03-31": "4457.67300", "2007-12-31": "4197.72600", "2007-09-30": "3935.23600", "2007-06-30": "3886.60900", "2007-03-31": "3889.11000", "2006-12-31": "3383.14600", "2006-09-30": "4605.71300", "2006-06-30": "4708.07100", "2006-03-31": "4886.64800", "2005-12-31": "5011.79900", "2005-09-30": "5163.26800", "2005-06-30": "5167.90400", "2005-03-31": "5101.28500"}, "Total Assets": {"2020-12-31": "32590.69000", "2020-09-30": "32994.44000", "2020-06-30": "32708.62000", "2020-03-31": "31654.87000", "2019-12-31": "30389.34000", "2019-09-30": "29895.10000", "2019-06-30": "28942.04000", "2019-03-31": "28238.13000", "2018-12-31": "27610.31000", "2018-09-30": "27346.32000", "2018-06-30": "27036.74000", "2018-03-31": "26752.15000", "2017-12-31": "26487.64000", "2017-09-30": "26350.18000", "2017-06-30": "26174.93000", "2017-03-31": "26002.92000", "2016-12-31": "26072.53000", "2016-09-30": "25633.62000", "2016-06-30": "25120.47000", "2016-03-31": "24935.51000", "2015-12-31": "24641.12000", "2015-09-30": "24069.78000", "2015-06-30": "23620.79000", "2015-03-31": "23106.69000", "2014-12-31": "22533.17000", "2014-09-30": "21826.88000", "2014-06-30": "21524.34000", "2014-03-31": "21175.74000", "2013-12-31": "20853.00000", "2013-09-30": "20609.55000", "2013-06-30": "20329.24000", "2013-03-31": "20110.54000", "2012-12-31": "20146.77000", "2012-09-30": "19729.66000", "2012-06-30": "19429.75000", "2012-03-31": "19134.14000", "2011-12-31": "18714.34000", "2011-09-30": "18228.09000", "2011-06-30": "17806.83000", "2011-03-31": "17964.95000", "2010-12-31": "18033.88000", "2010-09-30": "17800.26000", "2010-06-30": "17743.15000", "2010-03-31": "18024.71000", "2009-12-31": "17739.20000", "2009-09-30": "17808.29000", "2009-06-30": "17452.58000", "2009-03-31": "17256.73000", "2008-12-31": "17583.54000", "2008-09-30": "17516.04000", "2008-06-30": "17478.64000", "2008-03-31": "17243.56000", "2007-12-31": "17201.96000", "2007-09-30": "16845.41000", "2007-06-30": "16947.26000", "2007-03-31": "16879.20000", "2006-12-31": "17096.66000", "2006-09-30": "18138.81000", "2006-06-30": "18022.14000", "2006-03-31": "17907.19000", "2005-12-31": "17836.56000", "2005-09-30": "17807.06000", "2005-06-30": "17472.20000", "2005-03-31": "17412.83000"}, "Total Current Liabilities": {"2020-12-31": "28655.24000", "2020-09-30": "28607.45000", "2020-06-30": "28269.76000", "2020-03-31": "26042.96000", "2019-12-31": "24518.34000", "2019-09-30": "24800.70000", "2019-06-30": "23911.79000", "2019-03-31": "23795.84000", "2018-12-31": "22670.97000", "2018-09-30": "22862.28000", "2018-06-30": "22472.16000", "2018-03-31": "22608.15000", "2017-12-31": "21882.81000", "2017-09-30": "21978.01000", "2017-06-30": "21576.41000", "2017-03-31": "21294.15000", "2016-12-31": "20477.10000", "2016-09-30": "20308.55000", "2016-06-30": "19955.06000", "2016-03-31": "19909.09000", "2015-12-31": "19337.76000", "2015-09-30": "18831.70000", "2015-06-30": "18505.51000", "2015-03-31": "18940.49000", "2014-12-31": "17124.69000", "2014-09-30": "16999.62000", "2014-06-30": "16796.36000", "2014-03-31": "16356.10000", "2013-12-31": "16363.03000", "2013-09-30": "16610.28000", "2013-06-30": "16344.32000", "2013-03-31": "15849.13000", "2012-12-31": "15891.35000", "2012-09-30": "15957.65000", "2012-06-30": "15496.17000", "2012-03-31": "15412.42000", "2011-12-31": "15063.37000", "2011-09-30": "15062.73000", "2011-06-30": "14994.36000", "2011-03-31": "15166.38000", "2010-12-31": "14904.16000", "2010-09-30": "14835.52000", "2010-06-30": "14642.96000", "2010-03-31": "15006.08000", "2009-12-31": "14648.09000", "2009-09-30": "14658.10000", "2009-06-30": "14347.78000", "2009-03-31": "14058.35000", "2008-12-31": "13676.00000", "2008-09-30": "13676.96000", "2008-06-30": "13503.79000", "2008-03-31": "13970.99000", "2007-12-31": "13743.62000", "2007-09-30": "13726.63000", "2007-06-30": "13904.68000", "2007-03-31": "13678.52000", "2006-12-31": "13498.00000", "2006-09-30": "13933.78000", "2006-06-30": "13932.13000", "2006-03-31": "13232.59000", "2005-12-31": "13315.70000", "2005-09-30": "13422.64000", "2005-06-30": "13051.16000", "2005-03-31": "12845.70000"}, "Long Term Debt": {"2020-12-31": "700.82700", "2020-09-30": "1002.08900", "2020-06-30": "1093.35000", "2020-03-31": "2344.61100", "2019-12-31": "2488.84000", "2019-09-30": "1942.00700", "2019-06-30": "1965.03500", "2019-03-31": "1476.03300", "2018-12-31": "2052.82900", "2018-09-30": "1667.84100", "2018-06-30": "1802.85000", "2018-03-31": "1427.86000", "2017-12-31": "1902.87200", "2017-09-30": "1733.38500", "2017-06-30": "1993.39700", "2017-03-31": "2148.40900", "2016-12-31": "3068.42200", "2016-09-30": "2813.43300", "2016-06-30": "2688.44400", "2016-03-31": "2588.45400", "2015-12-31": "2889.39900", "2015-09-30": "2835.53900", "2015-06-30": "2735.58200", "2015-03-31": "1810.62400", "2014-12-31": "3085.66800", "2014-09-30": "2516.41200", "2014-06-30": "2443.50200", "2014-03-31": "2580.01800", "2013-12-31": "2280.78600", "2013-09-30": "1831.61500", "2013-06-30": "1857.44500", "2013-03-31": "2133.27200", "2012-12-31": "2161.88800", "2012-09-30": "1788.33800", "2012-06-30": "2002.03000", "2012-03-31": "1826.78400", "2011-12-31": "1805.19800", "2011-09-30": "1315.44200", "2011-06-30": "969.80800", "2011-03-31": "973.93400", "2010-12-31": "1350.84200", "2010-09-30": "1058.23900", "2010-06-30": "1216.44500", "2010-03-31": "1162.91800", "2009-12-31": "1133.07000", "2009-09-30": "1252.81000", "2009-06-30": "1253.64300", "2009-03-31": "1333.26200", "2008-12-31": "2023.79300", "2008-09-30": "2012.93500", "2008-06-30": "2073.56500", "2008-03-31": "1535.97000", "2007-12-31": "1702.87100", "2007-09-30": "1294.68100", "2007-06-30": "1187.57200", "2007-03-31": "1278.80000", "2006-12-31": "1696.86900", "2006-09-30": "2503.42100", "2006-06-30": "2426.40700", "2006-03-31": "3014.68600", "2005-12-31": "2854.91600", "2005-09-30": "2738.96200", "2005-06-30": "2800.55400", "2005-03-31": "2993.96200"}, "Other Non-Current Liabilities": {"2020-12-31": "", "2020-09-30": "", "2020-06-30": "", "2020-03-31": "", "2019-12-31": "", "2019-09-30": "", "2019-06-30": "", "2019-03-31": "", "2018-12-31": "", "2018-09-30": "", "2018-06-30": "", "2018-03-31": "", "2017-12-31": "", "2017-09-30": "", "2017-06-30": "", "2017-03-31": "", "2016-12-31": "", "2016-09-30": "", "2016-06-30": "", "2016-03-31": "", "2015-12-31": "", "2015-09-30": "", "2015-06-30": "", "2015-03-31": "", "2014-12-31": "", "2014-09-30": "", "2014-06-30": "", "2014-03-31": "", "2013-12-31": "", "2013-09-30": "", "2013-06-30": "", "2013-03-31": "", "2012-12-31": "", "2012-09-30": "", "2012-06-30": "", "2012-03-31": "", "2011-12-31": "", "2011-09-30": "", "2011-06-30": "", "2011-03-31": "", "2010-12-31": "", "2010-09-30": "", "2010-06-30": "", "2010-03-31": "", "2009-12-31": "", "2009-09-30": "", "2009-06-30": "", "2009-03-31": "", "2008-12-31": "", "2008-09-30": "", "2008-06-30": "", "2008-03-31": "10.30600", "2007-12-31": "9.26100", "2007-09-30": "9.47900", "2007-06-30": "7.77600", "2007-03-31": "7.29300", "2006-12-31": "18.08200", "2006-09-30": "8.88500", "2006-06-30": "9.07000", "2006-03-31": "9.57400", "2005-12-31": "9.14600", "2005-09-30": "", "2005-06-30": "", "2005-03-31": ""}, "Total Long Term Liabilities": {"2020-12-31": "700.82700", "2020-09-30": "1002.08900", "2020-06-30": "1093.35000", "2020-03-31": "2344.61100", "2019-12-31": "2488.84000", "2019-09-30": "1942.00700", "2019-06-30": "1965.03500", "2019-03-31": "1476.03300", "2018-12-31": "2052.82900", "2018-09-30": "1667.84100", "2018-06-30": "1802.85000", "2018-03-31": "1427.86000", "2017-12-31": "1902.87200", "2017-09-30": "1733.38500", "2017-06-30": "1993.39700", "2017-03-31": "2148.40900", "2016-12-31": "3068.42200", "2016-09-30": "2813.43300", "2016-06-30": "2688.44400", "2016-03-31": "2588.45400", "2015-12-31": "2889.39900", "2015-09-30": "2835.53900", "2015-06-30": "2735.58200", "2015-03-31": "1810.62400", "2014-12-31": "3085.66800", "2014-09-30": "2516.41200", "2014-06-30": "2443.50200", "2014-03-31": "2580.01800", "2013-12-31": "2280.78600", "2013-09-30": "1831.61500", "2013-06-30": "1857.44500", "2013-03-31": "2133.27200", "2012-12-31": "2161.88800", "2012-09-30": "1788.33800", "2012-06-30": "2002.03000", "2012-03-31": "1826.78400", "2011-12-31": "1805.19800", "2011-09-30": "1315.44200", "2011-06-30": "969.80800", "2011-03-31": "973.93400", "2010-12-31": "1350.84200", "2010-09-30": "1058.23900", "2010-06-30": "1216.44500", "2010-03-31": "1162.91800", "2009-12-31": "1133.07000", "2009-09-30": "1252.81000", "2009-06-30": "1253.64300", "2009-03-31": "1333.26200", "2008-12-31": "2023.79300", "2008-09-30": "2022.51200", "2008-06-30": "2083.14200", "2008-03-31": "1555.85300", "2007-12-31": "1721.70900", "2007-09-30": "1313.73700", "2007-06-30": "1204.92500", "2007-03-31": "1295.67000", "2006-12-31": "1724.52800", "2006-09-30": "2521.88300", "2006-06-30": "2445.05400", "2006-03-31": "3033.83700", "2005-12-31": "2873.63900", "2005-09-30": "2748.53900", "2005-06-30": "2810.13100", "2005-03-31": "3003.53900"}, "Total Liabilities": {"2020-12-31": "29356.06000", "2020-09-30": "29774.75000", "2020-06-30": "29533.84000", "2020-03-31": "28564.63000", "2019-12-31": "27181.57000", "2019-09-30": "26742.71000", "2019-06-30": "25876.83000", "2019-03-31": "25271.87000", "2018-12-31": "24723.80000", "2018-09-30": "24530.12000", "2018-06-30": "24275.01000", "2018-03-31": "24036.01000", "2017-12-31": "23785.69000", "2017-09-30": "23711.39000", "2017-06-30": "23569.80000", "2017-03-31": "23442.56000", "2016-12-31": "23545.52000", "2016-09-30": "23121.99000", "2016-06-30": "22643.50000", "2016-03-31": "22497.54000", "2015-12-31": "22227.16000", "2015-09-30": "21667.24000", "2015-06-30": "21241.09000", "2015-03-31": "20751.11000", "2014-12-31": "20210.36000", "2014-09-30": "19516.03000", "2014-06-30": "19239.86000", "2014-03-31": "18936.12000", "2013-12-31": "18643.81000", "2013-09-30": "18441.89000", "2013-06-30": "18201.76000", "2013-03-31": "17982.41000", "2012-12-31": "18053.23000", "2012-09-30": "17745.98000", "2012-06-30": "17498.20000", "2012-03-31": "17239.20000", "2011-12-31": "16868.57000", "2011-09-30": "16378.17000", "2011-06-30": "15964.17000", "2011-03-31": "16140.32000", "2010-12-31": "16255.00000", "2010-09-30": "15893.76000", "2010-06-30": "15859.41000", "2010-03-31": "16169.00000", "2009-12-31": "15781.16000", "2009-09-30": "15910.91000", "2009-06-30": "15601.43000", "2009-03-31": "15391.61000", "2008-12-31": "15699.80000", "2008-09-30": "15699.47000", "2008-06-30": "15586.93000", "2008-03-31": "15526.85000", "2007-12-31": "15465.33000", "2007-09-30": "15040.36000", "2007-06-30": "15109.61000", "2007-03-31": "14974.19000", "2006-12-31": "15222.53000", "2006-09-30": "16455.67000", "2006-06-30": "16377.19000", "2006-03-31": "16266.42000", "2005-12-31": "16189.34000", "2005-09-30": "16171.17000", "2005-06-30": "15861.29000", "2005-03-31": "15849.23000"}, "Common Stock Net": {"2020-12-31": "", "2020-09-30": "0.93700", "2020-06-30": "0.93700", "2020-03-31": "0.93700", "2019-12-31": "0.93700", "2019-09-30": "0.93700", "2019-06-30": "0.93700", "2019-03-31": "0.93700", "2018-12-31": "0.93700", "2018-09-30": "0.93700", "2018-06-30": "0.93700", "2018-03-31": "0.93700", "2017-12-31": "0.93700", "2017-09-30": "0.93700", "2017-06-30": "0.93700", "2017-03-31": "0.93700", "2016-12-31": "0.93700", "2016-09-30": "0.93700", "2016-06-30": "0.93700", "2016-03-31": "0.93700", "2015-12-31": "0.93700", "2015-09-30": "0.93600", "2015-06-30": "0.93600", "2015-03-31": "0.93600", "2014-12-31": "0.93600", "2014-09-30": "0.93400", "2014-06-30": "0.93400", "2014-03-31": "0.93400", "2013-12-31": "0.93400", "2013-09-30": "0.93300", "2013-06-30": "0.93300", "2013-03-31": "0.93300", "2012-12-31": "0.90700", "2012-09-30": "0.90700", "2012-06-30": "0.90700", "2012-03-31": "0.90700", "2011-12-31": "0.90700", "2011-09-30": "0.90700", "2011-06-30": "0.90700", "2011-03-31": "0.90700", "2010-12-31": "0.90700", "2010-09-30": "0.82000", "2010-06-30": "0.82000", "2010-03-31": "0.82000", "2009-12-31": "0.82000", "2009-09-30": "0.71900", "2009-06-30": "0.67900", "2009-03-31": "0.56600", "2008-12-31": "0.56600", "2008-09-30": "0.56600", "2008-06-30": "0.56600", "2008-03-31": "0.56600", "2007-12-31": "0.56600", "2007-09-30": "0.56600", "2007-06-30": "0.56600", "2007-03-31": "0.56500", "2006-12-31": "0.56400", "2006-09-30": "0.54100", "2006-06-30": "0.54100", "2006-03-31": "0.54100", "2005-12-31": "0.54100", "2005-09-30": "0.54000", "2005-06-30": "0.53900", "2005-03-31": "0.53800"}, "Retained Earnings (Accumulated Deficit)": {"2020-12-31": "", "2020-09-30": "2055.62000", "2020-06-30": "2024.48700", "2020-03-31": "2009.54100", "2019-12-31": "2061.35200", "2019-09-30": "2010.93000", "2019-06-30": "1955.93300", "2019-03-31": "1895.87000", "2018-12-31": "1828.30300", "2018-09-30": "1761.03600", "2018-06-30": "1699.76700", "2018-03-31": "1649.52400", "2017-12-31": "1595.76200", "2017-09-30": "1535.58500", "2017-06-30": "1496.30000", "2017-03-31": "1460.02600", "2016-12-31": "1425.32000", "2016-09-30": "1392.50000", "2016-06-30": "1365.54900", "2016-03-31": "1342.93000", "2015-12-31": "1315.94800", "2015-09-30": "1288.26100", "2015-06-30": "1260.09000", "2015-03-31": "1230.81600", "2014-12-31": "1202.25100", "2014-09-30": "1172.37200", "2014-06-30": "1143.18900", "2014-03-31": "1114.08800", "2013-12-31": "1080.48800", "2013-09-30": "1054.11700", "2013-06-30": "1023.24300", "2013-03-31": "993.88900", "2012-12-31": "1000.42700", "2012-09-30": "962.59400", "2012-06-30": "928.52300", "2012-03-31": "898.03100", "2011-12-31": "865.42700", "2011-09-30": "839.81600", "2011-06-30": "804.10900", "2011-03-31": "776.96800", "2010-12-31": "741.87000", "2010-09-30": "723.45000", "2010-06-30": "710.29500", "2010-03-31": "699.64200", "2009-12-31": "708.02400", "2009-09-30": "759.68300", "2009-06-30": "786.94900", "2009-03-31": "759.02000", "2008-12-31": "783.87500", "2008-09-30": "1109.11400", "2008-06-30": "1146.62800", "2008-03-31": "1191.31500", "2007-12-31": "1183.62100", "2007-09-30": "1208.36400", "2007-06-30": "1189.71300", "2007-03-31": "1173.92400", "2006-12-31": "1150.00800", "2006-09-30": "1130.10700", "2006-06-30": "1135.28500", "2006-03-31": "1106.46300", "2005-12-31": "1075.98400", "2005-09-30": "1043.90500", "2005-06-30": "1010.77300", "2005-03-31": "977.96300"}, "Comprehensive Income": {"2020-12-31": "", "2020-09-30": "52.03700", "2020-06-30": "41.44500", "2020-03-31": "-24.80000", "2019-12-31": "-36.07200", "2019-09-30": "-37.23400", "2019-06-30": "-66.19000", "2019-03-31": "-101.84100", "2018-12-31": "-130.65200", "2018-09-30": "-131.56400", "2018-06-30": "-121.93600", "2018-03-31": "-115.47900", "2017-12-31": "-91.53100", "2017-09-30": "-69.09800", "2017-06-30": "-72.08200", "2017-03-31": "-77.02700", "2016-12-31": "-76.99300", "2016-09-30": "-53.15300", "2016-06-30": "-57.51100", "2016-03-31": "-70.39700", "2015-12-31": "-78.10600", "2015-09-30": "-59.51900", "2015-06-30": "-60.69500", "2015-03-31": "-50.09000", "2014-12-31": "-56.26100", "2014-09-30": "-35.91900", "2014-06-30": "-29.99500", "2014-03-31": "-43.69100", "2013-12-31": "-48.54900", "2013-09-30": "-58.94100", "2013-06-30": "-65.13900", "2013-03-31": "-30.91100", "2012-12-31": "-32.26600", "2012-09-30": "-29.27700", "2012-06-30": "-43.87800", "2012-03-31": "-46.44500", "2011-12-31": "-60.20400", "2011-09-30": "-33.12700", "2011-06-30": "-3.99700", "2011-03-31": "-5.97900", "2010-12-31": "-13.70900", "2010-09-30": "-9.41400", "2010-06-30": "-12.71100", "2010-03-31": "-26.32000", "2009-12-31": "-28.38900", "2009-09-30": "-34.14100", "2009-06-30": "-66.87200", "2009-03-31": "-105.19600", "2008-12-31": "-105.91000", "2008-09-30": "-86.18100", "2008-06-30": "-46.14000", "2008-03-31": "-46.22300", "2007-12-31": "-15.89600", "2007-09-30": "-10.25900", "2007-06-30": "-4.91300", "2007-03-31": "-3.51500", "2006-12-31": "-3.32400", "2006-09-30": "5.57000", "2006-06-30": "-42.45600", "2006-03-31": "-36.80900", "2005-12-31": "-27.87800", "2005-09-30": "-20.25800", "2005-06-30": "-10.71300", "2005-03-31": "-23.14900"}, "Other Share Holders Equity": {"2020-12-31": "", "2020-09-30": "", "2020-06-30": "", "2020-03-31": "", "2019-12-31": "", "2019-09-30": "", "2019-06-30": "", "2019-03-31": "", "2018-12-31": "", "2018-09-30": "", "2018-06-30": "", "2018-03-31": "", "2017-12-31": "", "2017-09-30": "", "2017-06-30": "", "2017-03-31": "", "2016-12-31": "", "2016-09-30": "", "2016-06-30": "", "2016-03-31": "", "2015-12-31": "", "2015-09-30": "", "2015-06-30": "", "2015-03-31": "", "2014-12-31": "", "2014-09-30": "", "2014-06-30": "", "2014-03-31": "", "2013-12-31": "", "2013-09-30": "", "2013-06-30": "", "2013-03-31": "", "2012-12-31": "", "2012-09-30": "", "2012-06-30": "", "2012-03-31": "", "2011-12-31": "", "2011-09-30": "", "2011-06-30": "", "2011-03-31": "", "2010-12-31": "", "2010-09-30": "", "2010-06-30": "", "2010-03-31": "", "2009-12-31": "", "2009-09-30": "", "2009-06-30": "", "2009-03-31": "", "2008-12-31": "", "2008-09-30": "", "2008-06-30": "", "2008-03-31": "", "2007-12-31": "", "2007-09-30": "", "2007-06-30": "", "2007-03-31": "", "2006-12-31": "", "2006-09-30": "", "2006-06-30": "", "2006-03-31": "", "2005-12-31": "", "2005-09-30": "", "2005-06-30": "", "2005-03-31": ""}, "Share Holder Equity": {"2020-12-31": "3234.62500", "2020-09-30": "3219.69000", "2020-06-30": "3174.77900", "2020-03-31": "3090.24200", "2019-12-31": "3207.77000", "2019-09-30": "3152.39400", "2019-06-30": "3065.21700", "2019-03-31": "2966.25500", "2018-12-31": "2886.51500", "2018-09-30": "2816.19800", "2018-06-30": "2761.72300", "2018-03-31": "2716.14200", "2017-12-31": "2701.95800", "2017-09-30": "2638.78700", "2017-06-30": "2605.12600", "2017-03-31": "2560.35800", "2016-12-31": "2527.01200", "2016-09-30": "2511.62900", "2016-06-30": "2476.96600", "2016-03-31": "2437.96700", "2015-12-31": "2413.96000", "2015-09-30": "2402.54500", "2015-06-30": "2379.69500", "2015-03-31": "2355.57500", "2014-12-31": "2322.81500", "2014-09-30": "2310.85000", "2014-06-30": "2284.47800", "2014-03-31": "2239.62900", "2013-12-31": "2209.18800", "2013-09-30": "2167.65900", "2013-06-30": "2127.47500", "2013-03-31": "2128.13100", "2012-12-31": "2093.53000", "2012-09-30": "1983.67800", "2012-06-30": "1931.54800", "2012-03-31": "1894.94200", "2011-12-31": "1845.77400", "2011-09-30": "1849.92000", "2011-06-30": "1842.65700", "2011-03-31": "1824.63000", "2010-12-31": "1778.87900", "2010-09-30": "1906.49600", "2010-06-30": "1883.73900", "2010-03-31": "1855.71700", "2009-12-31": "1958.03400", "2009-09-30": "1897.37400", "2009-06-30": "1851.15000", "2009-03-31": "1865.12700", "2008-12-31": "1883.73800", "2008-09-30": "1816.56900", "2008-06-30": "1891.70500", "2008-03-31": "1716.71600", "2007-12-31": "1736.63200", "2007-09-30": "1805.04300", "2007-06-30": "1837.65100", "2007-03-31": "1905.01400", "2006-12-31": "1874.13400", "2006-09-30": "1683.14700", "2006-06-30": "1644.95400", "2006-03-31": "1640.76200", "2005-12-31": "1647.22600", "2005-09-30": "1635.88200", "2005-06-30": "1610.91100", "2005-03-31": "1563.59400"}, "Total Liabilities And Share Holders Equity": {"2020-12-31": "32590.69000", "2020-09-30": "32994.44000", "2020-06-30": "32708.62000", "2020-03-31": "31654.87000", "2019-12-31": "30389.34000", "2019-09-30": "29895.10000", "2019-06-30": "28942.04000", "2019-03-31": "28238.13000", "2018-12-31": "27610.31000", "2018-09-30": "27346.32000", "2018-06-30": "27036.74000", "2018-03-31": "26752.15000", "2017-12-31": "26487.64000", "2017-09-30": "26350.18000", "2017-06-30": "26174.93000", "2017-03-31": "26002.92000", "2016-12-31": "26072.53000", "2016-09-30": "25633.62000", "2016-06-30": "25120.47000", "2016-03-31": "24935.51000", "2015-12-31": "24641.12000", "2015-09-30": "24069.78000", "2015-06-30": "23620.79000", "2015-03-31": "23106.69000", "2014-12-31": "22533.17000", "2014-09-30": "21826.88000", "2014-06-30": "21524.34000", "2014-03-31": "21175.74000", "2013-12-31": "20853.00000", "2013-09-30": "20609.55000", "2013-06-30": "20329.24000", "2013-03-31": "20110.54000", "2012-12-31": "20146.77000", "2012-09-30": "19729.66000", "2012-06-30": "19429.75000", "2012-03-31": "19134.14000", "2011-12-31": "18714.34000", "2011-09-30": "18228.09000", "2011-06-30": "17806.83000", "2011-03-31": "17964.95000", "2010-12-31": "18033.88000", "2010-09-30": "17800.26000", "2010-06-30": "17743.15000", "2010-03-31": "18024.71000", "2009-12-31": "17739.20000", "2009-09-30": "17808.29000", "2009-06-30": "17452.58000", "2009-03-31": "17256.73000", "2008-12-31": "17583.54000", "2008-09-30": "17516.04000", "2008-06-30": "17478.64000", "2008-03-31": "17243.56000", "2007-12-31": "17201.96000", "2007-09-30": "16845.41000", "2007-06-30": "16947.26000", "2007-03-31": "16879.20000", "2006-12-31": "17096.66000", "2006-09-30": "18138.81000", "2006-06-30": "18022.14000", "2006-03-31": "17907.19000", "2005-12-31": "17836.56000", "2005-09-30": "17807.06000", "2005-06-30": "17472.20000", "2005-03-31": "17412.83000"}}, "cash flow statement": {"Net Income/Loss": {"2020-12-31": "0.00000", "2019-12-31": "382.72300", "2018-12-31": "360.41800", "2017-12-31": "255.43900", "2016-12-31": "207.12700", "2015-12-31": "204.72900", "2014-12-31": "199.72600", "2013-12-31": "179.45600", "2012-12-31": "173.69700", "2011-12-31": "151.37800", "2010-12-31": "72.25800", "2009-12-31": "-76.88700", "2008-12-31": "-320.96300", "2007-12-31": "97.64900", "2006-12-31": "133.79000", "2005-12-31": "185.19300"}, "Total Depreciation And Amortization - Cash Flow": {"2020-12-31": "", "2019-12-31": "87.23800", "2018-12-31": "89.73400", "2017-12-31": "82.61600", "2016-12-31": "93.78000", "2015-12-31": "89.23300", "2014-12-31": "81.34300", "2013-12-31": "97.41400", "2012-12-31": "108.53900", "2011-12-31": "83.15400", "2010-12-31": "92.64400", "2009-12-31": "67.84100", "2008-12-31": "255.32400", "2007-12-31": "61.80400", "2006-12-31": "54.13400", "2005-12-31": "51.98300"}, "Other Non-Cash Items": {"2020-12-31": "", "2019-12-31": "40.88700", "2018-12-31": "51.14800", "2017-12-31": "33.49200", "2016-12-31": "62.67800", "2015-12-31": "35.87300", "2014-12-31": "-19.08100", "2013-12-31": "61.15000", "2012-12-31": "47.26900", "2011-12-31": "59.74200", "2010-12-31": "140.24000", "2009-12-31": "346.92800", "2008-12-31": "339.86200", "2007-12-31": "87.07800", "2006-12-31": "71.84600", "2005-12-31": "38.87800"}, "Total Non-Cash Items": {"2020-12-31": "", "2019-12-31": "128.12500", "2018-12-31": "140.88200", "2017-12-31": "116.10800", "2016-12-31": "156.45800", "2015-12-31": "125.10600", "2014-12-31": "62.26200", "2013-12-31": "158.56400", "2012-12-31": "155.80800", "2011-12-31": "142.89600", "2010-12-31": "232.88400", "2009-12-31": "414.76900", "2008-12-31": "595.18600", "2007-12-31": "148.88200", "2006-12-31": "125.98000", "2005-12-31": "90.86100"}, "Change In Accounts Receivable": {"2020-12-31": "", "2019-12-31": "-47.85600", "2018-12-31": "15.40300", "2017-12-31": "25.60300", "2016-12-31": "40.30800", "2015-12-31": "-41.01200", "2014-12-31": "-12.41600", "2013-12-31": "154.51500", "2012-12-31": "-40.58100", "2011-12-31": "-12.18000", "2010-12-31": "31.75600", "2009-12-31": "-178.52600", "2008-12-31": "233.82400", "2007-12-31": "36.90600", "2006-12-31": "-89.08500", "2005-12-31": "-142.14400"}, "Change In Inventories": {"2020-12-31": "", "2019-12-31": "", "2018-12-31": "", "2017-12-31": "", "2016-12-31": "", "2015-12-31": "", "2014-12-31": "", "2013-12-31": "", "2012-12-31": "", "2011-12-31": "11.55400", "2010-12-31": "-11.55400", "2009-12-31": "0.07700", "2008-12-31": "2.50800", "2007-12-31": "2.33900", "2006-12-31": "-2.58500", "2005-12-31": "-2.25700"}, "Change In Accounts Payable": {"2020-12-31": "", "2019-12-31": "", "2018-12-31": "", "2017-12-31": "", "2016-12-31": "", "2015-12-31": "", "2014-12-31": "", "2013-12-31": "", "2012-12-31": "", "2011-12-31": "", "2010-12-31": "", "2009-12-31": "", "2008-12-31": "", "2007-12-31": "", "2006-12-31": "", "2005-12-31": ""}, "Change In Assets/Liabilities": {"2020-12-31": "", "2019-12-31": "-135.88500", "2018-12-31": "-19.22900", "2017-12-31": "18.13600", "2016-12-31": "13.17000", "2015-12-31": "-19.50900", "2014-12-31": "-13.17800", "2013-12-31": "-13.77000", "2012-12-31": "-11.25400", "2011-12-31": "-10.36000", "2010-12-31": "-12.50300", "2009-12-31": "-11.73500", "2008-12-31": "-10.44100", "2007-12-31": "2.00400", "2006-12-31": "1.76600", "2005-12-31": "-25.10200"}, "Total Change In Assets/Liabilities": {"2020-12-31": "", "2019-12-31": "-206.99800", "2018-12-31": "-31.89200", "2017-12-31": "73.41900", "2016-12-31": "34.56000", "2015-12-31": "-27.04300", "2014-12-31": "-18.99300", "2013-12-31": "125.93300", "2012-12-31": "-72.42300", "2011-12-31": "-28.14400", "2010-12-31": "31.81200", "2009-12-31": "-223.79300", "2008-12-31": "211.83000", "2007-12-31": "59.53200", "2006-12-31": "-104.68600", "2005-12-31": "-221.77400"}, "Cash Flow From Operating Activities": {"2020-12-31": "", "2019-12-31": "303.85000", "2018-12-31": "469.40800", "2017-12-31": "444.96600", "2016-12-31": "398.14500", "2015-12-31": "302.79200", "2014-12-31": "242.99500", "2013-12-31": "463.95300", "2012-12-31": "257.08200", "2011-12-31": "266.13000", "2010-12-31": "336.95400", "2009-12-31": "114.08900", "2008-12-31": "486.05300", "2007-12-31": "306.06300", "2006-12-31": "155.08400", "2005-12-31": "54.28000"}, "Net Change In Property, Plant, And Equipment": {"2020-12-31": "", "2019-12-31": "-25.71700", "2018-12-31": "-32.39100", "2017-12-31": "-25.18900", "2016-12-31": "-39.18100", "2015-12-31": "-35.46500", "2014-12-31": "-26.47400", "2013-12-31": "-20.58200", "2012-12-31": "-20.60200", "2011-12-31": "-24.98600", "2010-12-31": "-18.00400", "2009-12-31": "-31.72900", "2008-12-31": "-33.73400", "2007-12-31": "-34.54000", "2006-12-31": "-32.55700", "2005-12-31": "-56.22600"}, "Net Change In Intangible Assets": {"2020-12-31": "", "2019-12-31": "", "2018-12-31": "", "2017-12-31": "", "2016-12-31": "", "2015-12-31": "", "2014-12-31": "", "2013-12-31": "", "2012-12-31": "", "2011-12-31": "", "2010-12-31": "", "2009-12-31": "", "2008-12-31": "", "2007-12-31": "", "2006-12-31": "", "2005-12-31": ""}, "Net Acquisitions/Divestitures": {"2020-12-31": "", "2019-12-31": "", "2018-12-31": "-107.36100", "2017-12-31": "", "2016-12-31": "", "2015-12-31": "1396.41400", "2014-12-31": "", "2013-12-31": "", "2012-12-31": "", "2011-12-31": "", "2010-12-31": "", "2009-12-31": "96.34800", "2008-12-31": "", "2007-12-31": "", "2006-12-31": "11.18100", "2005-12-31": "17.03800"}, "Net Change In Short-term Investments": {"2020-12-31": "", "2019-12-31": "", "2018-12-31": "", "2017-12-31": "", "2016-12-31": "", "2015-12-31": "", "2014-12-31": "", "2013-12-31": "", "2012-12-31": "", "2011-12-31": "", "2010-12-31": "", "2009-12-31": "", "2008-12-31": "", "2007-12-31": "170.53600", "2006-12-31": "-63.63300", "2005-12-31": "89.80300"}, "Net Change In Long-Term Investments": {"2020-12-31": "", "2019-12-31": "-909.27000", "2018-12-31": "-192.90100", "2017-12-31": "19.47000", "2016-12-31": "-315.91890", "2015-12-31": "-286.12390", "2014-12-31": "-267.17800", "2013-12-31": "-421.02300", "2012-12-31": "-351.91210", "2011-12-31": "-367.70310", "2010-12-31": "-667.54100", "2009-12-31": "-770.75190", "2008-12-31": "-796.22800", "2007-12-31": "-291.02300", "2006-12-31": "2207.09400", "2005-12-31": "-5.43990"}, "Net Change In Investments - Total": {"2020-12-31": "", "2019-12-31": "-909.27000", "2018-12-31": "-192.90100", "2017-12-31": "19.47000", "2016-12-31": "-315.91890", "2015-12-31": "-286.12390", "2014-12-31": "-267.17800", "2013-12-31": "-421.02300", "2012-12-31": "-351.91210", "2011-12-31": "-367.70310", "2010-12-31": "-667.54100", "2009-12-31": "-770.75190", "2008-12-31": "-796.22800", "2007-12-31": "-120.48700", "2006-12-31": "2143.46100", "2005-12-31": "84.36310"}, "Investing Activities - Other": {"2020-12-31": "", "2019-12-31": "-1614.76900", "2018-12-31": "-985.27090", "2017-12-31": "-525.33400", "2016-12-31": "-1279.90600", "2015-12-31": "-1849.00900", "2014-12-31": "-1376.13300", "2013-12-31": "-695.51800", "2012-12-31": "-1017.71500", "2011-12-31": "-379.02000", "2010-12-31": "167.70400", "2009-12-31": "240.15700", "2008-12-31": "-420.58200", "2007-12-31": "-154.25700", "2006-12-31": "-535.43000", "2005-12-31": "-598.19600"}, "Cash Flow From Investing Activities": {"2020-12-31": "", "2019-12-31": "-2549.75600", "2018-12-31": "-1317.92400", "2017-12-31": "-531.05300", "2016-12-31": "-1635.00600", "2015-12-31": "-774.18400", "2014-12-31": "-1669.78500", "2013-12-31": "-1137.12300", "2012-12-31": "-1390.22900", "2011-12-31": "-771.70900", "2010-12-31": "-517.84100", "2009-12-31": "-465.97600", "2008-12-31": "-1250.54400", "2007-12-31": "-309.28400", "2006-12-31": "1586.65500", "2005-12-31": "-553.02100"}, "Net Long-Term Debt": {"2020-12-31": "", "2019-12-31": "421.66800", "2018-12-31": "149.70310", "2017-12-31": "-1165.79100", "2016-12-31": "178.78130", "2015-12-31": "-195.27930", "2014-12-31": "807.03320", "2013-12-31": "122.25390", "2012-12-31": "364.75200", "2011-12-31": "462.72500", "2010-12-31": "224.57100", "2009-12-31": "-803.43650", "2008-12-31": "287.03910", "2007-12-31": "-8.77150", "2006-12-31": "-1203.03900", "2005-12-31": "-400.81640"}, "Net Current Debt": {"2020-12-31": "", "2019-12-31": "458.55700", "2018-12-31": "-61.39500", "2017-12-31": "-306.25700", "2016-12-31": "-201.87400", "2015-12-31": "-99.35600", "2014-12-31": "-80.90600", "2013-12-31": "255.50200", "2012-12-31": "-88.54600", "2011-12-31": "73.22900", "2010-12-31": "235.83300", "2009-12-31": "-712.20600", "2008-12-31": "334.22200", "2007-12-31": "344.99600", "2006-12-31": "-627.73100", "2005-12-31": "91.91700"}, "Debt Issuance/Retirement Net - Total": {"2020-12-31": "", "2019-12-31": "880.22500", "2018-12-31": "88.30810", "2017-12-31": "-1472.04800", "2016-12-31": "-23.09270", "2015-12-31": "-294.63530", "2014-12-31": "726.12720", "2013-12-31": "377.75590", "2012-12-31": "276.20600", "2011-12-31": "535.95400", "2010-12-31": "460.40410", "2009-12-31": "-1515.64300", "2008-12-31": "621.26100", "2007-12-31": "336.22450", "2006-12-31": "-1830.77000", "2005-12-31": "-308.89940"}, "Net Common Equity Issued/Repurchased": {"2020-12-31": "", "2019-12-31": "-19.00000", "2018-12-31": "-23.76400", "2017-12-31": "-15.02000", "2016-12-31": "-11.27100", "2015-12-31": "-14.77800", "2014-12-31": "-10.41400", "2013-12-31": "2.76500", "2012-12-31": "-52.07500", "2011-12-31": "-17.05300", "2010-12-31": "117.08300", "2009-12-31": "0.26000", "2008-12-31": "-0.11200", "2007-12-31": "-168.85000", "2006-12-31": "-52.93700", "2005-12-31": "-15.17600"}, "Net Total Equity Issued/Repurchased": {"2020-12-31": "", "2019-12-31": "-19.00000", "2018-12-31": "-23.76400", "2017-12-31": "7.32600", "2016-12-31": "-11.27100", "2015-12-31": "-14.77800", "2014-12-31": "-10.41400", "2013-12-31": "2.76500", "2012-12-31": "70.63500", "2011-12-31": "-26.63000", "2010-12-31": "-282.91700", "2009-12-31": "-60.67500", "2008-12-31": "617.48300", "2007-12-31": "-168.85000", "2006-12-31": "-52.93700", "2005-12-31": "-15.17600"}, "Total Common And Preferred Stock Dividends Paid": {"2020-12-31": "", "2019-12-31": "-148.65800", "2018-12-31": "-122.83400", "2017-12-31": "-102.72600", "2016-12-31": "-97.61800", "2015-12-31": "-89.67500", "2014-12-31": "-77.98700", "2013-12-31": "-59.75500", "2012-12-31": "-33.12700", "2011-12-31": "-17.26400", "2010-12-31": "-21.21900", "2009-12-31": "-34.97600", "2008-12-31": "-73.70100", "2007-12-31": "-65.42300", "2006-12-31": "-57.03700", "2005-12-31": "-52.70100"}, "Financial Activities - Other": {"2020-12-31": "", "2019-12-31": "1461.73500", "2018-12-31": "979.51900", "2017-12-31": "1690.19700", "2016-12-31": "1359.81300", "2015-12-31": "856.25900", "2014-12-31": "797.05600", "2013-12-31": "323.73700", "2012-12-31": "875.75900", "2011-12-31": "47.63200", "2010-12-31": "13.19000", "2009-12-31": "1874.85500", "2008-12-31": "-469.26700", "2007-12-31": "-103.74000", "2006-12-31": "219.05700", "2005-12-31": "918.85300"}, "Cash Flow From Financial Activities": {"2020-12-31": "", "2019-12-31": "2174.30200", "2018-12-31": "921.22900", "2017-12-31": "122.74900", "2016-12-31": "1227.83100", "2015-12-31": "457.17100", "2014-12-31": "1434.78300", "2013-12-31": "644.50300", "2012-12-31": "1189.47300", "2011-12-31": "539.69200", "2010-12-31": "169.45800", "2009-12-31": "263.56100", "2008-12-31": "695.77600", "2007-12-31": "-1.79200", "2006-12-31": "-1721.68400", "2005-12-31": "542.07800"}, "Net Cash Flow": {"2020-12-31": "", "2019-12-31": "-71.60400", "2018-12-31": "72.71300", "2017-12-31": "36.66200", "2016-12-31": "-9.03000", "2015-12-31": "-14.22100", "2014-12-31": "7.99300", "2013-12-31": "-28.66700", "2012-12-31": "56.32600", "2011-12-31": "36.10800", "2010-12-31": "-11.33500", "2009-12-31": "-88.02400", "2008-12-31": "-47.44600", "2007-12-31": "-5.23400", "2006-12-31": "18.18200", "2005-12-31": "44.88100"}, "Stock-Based Compensation": {"2020-12-31": "", "2019-12-31": "12.62600", "2018-12-31": "11.61200", "2017-12-31": "12.27600", "2016-12-31": "11.43800", "2015-12-31": "10.93500", "2014-12-31": "10.22300", "2013-12-31": "10.66400", "2012-12-31": "8.95500", "2011-12-31": "6.04000", "2010-12-31": "6.74000", "2009-12-31": "7.50200", "2008-12-31": "7.77700", "2007-12-31": "8.72200", "2006-12-31": "8.91700", "2005-12-31": "9.76500"}, "Common Stock Dividends Paid": {"2020-12-31": "", "2019-12-31": "-140.78300", "2018-12-31": "-114.95900", "2017-12-31": "-94.63000", "2016-12-31": "-89.52200", "2015-12-31": "-80.96400", "2014-12-31": "-67.43100", "2013-12-31": "-48.95200", "2012-12-31": "-30.66700", "2011-12-31": "-13.97800", "2010-12-31": "-3.13300", "2009-12-31": "-2.44300", "2008-12-31": "-63.06300", "2007-12-31": "-64.56000", "2006-12-31": "-57.03700", "2005-12-31": "-52.70100"}}, "cash flow statement, quarterly": {"Net Income/Loss": {"2020-12-31": -160.577, "2020-09-30": 69.281, "2020-06-30": 53.097, "2020-03-31": "38.19900", "2019-12-31": 90.473, "2019-09-30": 93.865, "2019-06-30": 98.649, "2019-03-31": "99.73600", "2018-12-31": 98.838, "2018-09-30": 99.673, "2018-06-30": 81.682, "2018-03-31": "80.22500", "2017-12-31": 69.893, "2017-09-30": 64.496, "2017-06-30": 61.579, "2017-03-31": "59.47100", "2016-12-31": 57.66, "2016-09-30": 51.817, "2016-06-30": 50.603, "2016-03-31": "47.04700", "2015-12-31": 51.812, "2015-09-30": 51.37, "2015-06-30": 51.825, "2015-03-31": "49.72200", "2014-12-31": 51.006, "2014-09-30": 50.457, "2014-06-30": 47.834, "2014-03-31": "50.42900", "2013-12-31": 43.661, "2013-09-30": 47.305, "2013-06-30": 46.373, "2013-03-31": "42.11700", "2012-12-31": 48.526, "2012-09-30": 44.993, "2012-06-30": 41.24, "2012-03-31": "38.93800", "2011-12-31": 40.384, "2011-09-30": 42.231, "2011-06-30": 36.179, "2011-03-31": "32.58400", "2010-12-31": 30.508, "2010-09-30": 22.684, "2010-06-30": 17.645, "2010-03-31": "1.42100", "2009-12-31": -14.972, "2009-09-30": -19.242, "2009-06-30": -31.547, "2009-03-31": "-11.12600", "2008-12-31": -300.286, "2008-09-30": -16.525, "2008-06-30": -28.733, "2008-03-31": "24.58100", "2007-12-31": -7.822, "2007-09-30": 34.968, "2007-06-30": 35.467, "2007-03-31": "35.03600", "2006-12-31": 37.798, "2006-09-30": 8.997, "2006-06-30": 43.143, "2006-03-31": "43.85200", "2005-12-31": 44.838, "2005-09-30": 46.602, "2005-06-30": 46.258, "2005-03-31": "47.49500"}, "Total Depreciation And Amortization - Cash Flow": {"2020-12-31": -74.626, "2020-09-30": 28.52, "2020-06-30": 26.698, "2020-03-31": "19.40800", "2019-12-31": 22.412, "2019-09-30": 23.157, "2019-06-30": 21.429, "2019-03-31": "20.24000", "2018-12-31": 21.838, "2018-09-30": 22.084, "2018-06-30": 22.933, "2018-03-31": "22.87900", "2017-12-31": 21.218, "2017-09-30": 19.151, "2017-06-30": 18.991, "2017-03-31": "23.25600", "2016-12-31": 23.583, "2016-09-30": 24.818, "2016-06-30": 24.243, "2016-03-31": "21.13600", "2015-12-31": 21.538, "2015-09-30": 23.5, "2015-06-30": 23.141, "2015-03-31": "21.05400", "2014-12-31": 20.707, "2014-09-30": 20.605, "2014-06-30": 20.007, "2014-03-31": "20.02400", "2013-12-31": 19.178, "2013-09-30": 25.517, "2013-06-30": 25.892, "2013-03-31": "26.82700", "2012-12-31": 26.907, "2012-09-30": 29.864, "2012-06-30": 26.122, "2012-03-31": "25.64600", "2011-12-31": 23.481, "2011-09-30": 20.064, "2011-06-30": 18.397, "2011-03-31": "21.21200", "2010-12-31": 25.221, "2010-09-30": 22.707, "2010-06-30": 22.75, "2010-03-31": "21.96600", "2009-12-31": 20.89, "2009-09-30": 17.209, "2009-06-30": 15.682, "2009-03-31": "14.06000", "2008-12-31": 203.27, "2008-09-30": 14.515, "2008-06-30": 23.61, "2008-03-31": "13.92900", "2007-12-31": 13.816, "2007-09-30": 15.768, "2007-06-30": 15.783, "2007-03-31": "16.43700", "2006-12-31": 17.961, "2006-09-30": 9.621, "2006-06-30": 14.506, "2006-03-31": "12.04600", "2005-12-31": 13.982, "2005-09-30": 18.2, "2005-06-30": 9.174, "2005-03-31": "10.62700"}, "Other Non-Cash Items": {"2020-12-31": -102.696, "2020-09-30": 15.564, "2020-06-30": 18.205, "2020-03-31": "68.92700", "2019-12-31": 3.825, "2019-09-30": 14.893, "2019-06-30": 1.429, "2019-03-31": "20.74000", "2018-12-31": 2.999, "2018-09-30": 28.259, "2018-06-30": 5.445, "2018-03-31": "14.44500", "2017-12-31": 8.028, "2017-09-30": 6.429, "2017-06-30": -0.521, "2017-03-31": "19.55600", "2016-12-31": 8.902, "2016-09-30": 16.019, "2016-06-30": 6.048, "2016-03-31": "31.70900", "2015-12-31": 39.421, "2015-09-30": -25.145, "2015-06-30": 0.868, "2015-03-31": "20.72900", "2014-12-31": -44.025, "2014-09-30": 8.447, "2014-06-30": 1.751, "2014-03-31": "14.74600", "2013-12-31": 19.937, "2013-09-30": 8.083, "2013-06-30": 11.669, "2013-03-31": "21.46100", "2012-12-31": 16.525, "2012-09-30": 4.116, "2012-06-30": 4.681, "2012-03-31": "21.94700", "2011-12-31": 13.679, "2011-09-30": 17.506, "2011-06-30": 14.642, "2011-03-31": "13.91500", "2010-12-31": 30.437, "2010-09-30": 36.914, "2010-06-30": 30.952, "2010-03-31": "41.93700", "2009-12-31": 84.333, "2009-09-30": 88.156, "2009-06-30": 121.611, "2009-03-31": "52.82800", "2008-12-31": 149.274, "2008-09-30": 85.92, "2008-06-30": 89.24, "2008-03-31": "15.42800", "2007-12-31": 53.27, "2007-09-30": 16.476, "2007-06-30": 13.117, "2007-03-31": "4.21500", "2006-12-31": 12.167, "2006-09-30": 54.111, "2006-06-30": 2.247, "2006-03-31": "3.32100", "2005-12-31": 25.946, "2005-09-30": 3.263, "2005-06-30": 4.318, "2005-03-31": "5.35100"}, "Total Non-Cash Items": {"2020-12-31": -177.322, "2020-09-30": 44.084, "2020-06-30": 44.903, "2020-03-31": "88.33500", "2019-12-31": 26.237, "2019-09-30": 38.05, "2019-06-30": 22.858, "2019-03-31": "40.98000", "2018-12-31": 24.837, "2018-09-30": 50.343, "2018-06-30": 28.378, "2018-03-31": "37.32400", "2017-12-31": 29.246, "2017-09-30": 25.58, "2017-06-30": 18.47, "2017-03-31": "42.81200", "2016-12-31": 32.485, "2016-09-30": 40.837, "2016-06-30": 30.291, "2016-03-31": "52.84500", "2015-12-31": 60.959, "2015-09-30": -1.645, "2015-06-30": 24.009, "2015-03-31": "41.78300", "2014-12-31": -23.318, "2014-09-30": 29.052, "2014-06-30": 21.758, "2014-03-31": "34.77000", "2013-12-31": 39.115, "2013-09-30": 33.6, "2013-06-30": 37.561, "2013-03-31": "48.28800", "2012-12-31": 43.432, "2012-09-30": 33.98, "2012-06-30": 30.803, "2012-03-31": "47.59300", "2011-12-31": 37.16, "2011-09-30": 37.57, "2011-06-30": 33.039, "2011-03-31": "35.12700", "2010-12-31": 55.658, "2010-09-30": 59.621, "2010-06-30": 53.702, "2010-03-31": "63.90300", "2009-12-31": 105.223, "2009-09-30": 105.365, "2009-06-30": 137.293, "2009-03-31": "66.88800", "2008-12-31": 352.544, "2008-09-30": 100.435, "2008-06-30": 112.85, "2008-03-31": "29.35700", "2007-12-31": 67.086, "2007-09-30": 32.244, "2007-06-30": 28.9, "2007-03-31": "20.65200", "2006-12-31": 30.128, "2006-09-30": 63.732, "2006-06-30": 16.753, "2006-03-31": "15.36700", "2005-12-31": 39.928, "2005-09-30": 21.463, "2005-06-30": 13.492, "2005-03-31": "15.97800"}, "Change In Accounts Receivable": {"2020-12-31": -41.781, "2020-09-30": 32.086, "2020-06-30": -11.784, "2020-03-31": "21.47900", "2019-12-31": -5.007, "2019-09-30": -3.752, "2019-06-30": -3.538, "2019-03-31": "-35.55900", "2018-12-31": 19.503, "2018-09-30": 2.013, "2018-06-30": 2.696, "2018-03-31": "-8.80900", "2017-12-31": 10.414, "2017-09-30": 13.342, "2017-06-30": -25.116, "2017-03-31": "26.96300", "2016-12-31": 10.937, "2016-09-30": 9.373, "2016-06-30": 33.194, "2016-03-31": "-13.19600", "2015-12-31": -18.738, "2015-09-30": 20.357, "2015-06-30": 5.693, "2015-03-31": "-48.32400", "2014-12-31": 34.363, "2014-09-30": 7.067, "2014-06-30": -43.757, "2014-03-31": "-10.08900", "2013-12-31": 7.436, "2013-09-30": 45.039, "2013-06-30": 90.683, "2013-03-31": "11.35700", "2012-12-31": -3.577, "2012-09-30": 11.43, "2012-06-30": -34.829, "2012-03-31": "-13.60500", "2011-12-31": -37.906, "2011-09-30": -15.253, "2011-06-30": -0.758, "2011-03-31": "41.73700", "2010-12-31": -24.545, "2010-09-30": 35.79, "2010-06-30": 191.799, "2010-03-31": "-171.28800", "2009-12-31": -81.596, "2009-09-30": 41.993, "2009-06-30": -99.157, "2009-03-31": "-39.76600", "2008-12-31": 15.503, "2008-09-30": 0.725, "2008-06-30": 4.251, "2008-03-31": "213.34500", "2007-12-31": -13.82, "2007-09-30": 159.656, "2007-06-30": -11.382, "2007-03-31": "-97.54800", "2006-12-31": -39.79, "2006-09-30": -42.034, "2006-06-30": -65.147, "2006-03-31": "57.88600", "2005-12-31": -33.0799, "2005-09-30": -8.0641, "2005-06-30": 107.632, "2005-03-31": "-208.63200"}, "Change In Inventories": {"2020-12-31": 0, "2020-09-30": 0, "2020-06-30": 0, "2020-03-31": "", "2019-12-31": 0, "2019-09-30": 0, "2019-06-30": 0, "2019-03-31": "", "2018-12-31": 0, "2018-09-30": 0, "2018-06-30": 0, "2018-03-31": "", "2017-12-31": 0, "2017-09-30": 0, "2017-06-30": 0, "2017-03-31": "", "2016-12-31": 0, "2016-09-30": 0, "2016-06-30": 0, "2016-03-31": "", "2015-12-31": 0, "2015-09-30": 0, "2015-06-30": 0, "2015-03-31": "", "2014-12-31": 0, "2014-09-30": 0, "2014-06-30": 0, "2014-03-31": "", "2013-12-31": 0, "2013-09-30": 0, "2013-06-30": 0, "2013-03-31": "", "2012-12-31": 0, "2012-09-30": 0, "2012-06-30": 0, "2012-03-31": "", "2011-12-31": 0, "2011-09-30": 0, "2011-06-30": 0, "2011-03-31": "11.55400", "2010-12-31": -1.563, "2010-09-30": -9.79, "2010-06-30": -0.201, "2010-03-31": "", "2009-12-31": 0.001, "2009-09-30": 0, "2009-06-30": -0.001, "2009-03-31": "0.07700", "2008-12-31": 1.212, "2008-09-30": 1.236, "2008-06-30": -1.231, "2008-03-31": "1.29100", "2007-12-31": -1.868, "2007-09-30": 5.3, "2007-06-30": 8.141, "2007-03-31": "-9.23400", "2006-12-31": -1.994, "2006-09-30": -0.15, "2006-06-30": -1.656, "2006-03-31": "1.21500", "2005-12-31": -0.356, "2005-09-30": -0.493, "2005-06-30": -0.37, "2005-03-31": "-1.03800"}, "Change In Accounts Payable": {"2020-12-31": 0, "2020-09-30": 0, "2020-06-30": 0, "2020-03-31": "", "2019-12-31": 0, "2019-09-30": 0, "2019-06-30": 0, "2019-03-31": "", "2018-12-31": 0, "2018-09-30": 0, "2018-06-30": 0, "2018-03-31": "", "2017-12-31": 0, "2017-09-30": 0, "2017-06-30": 0, "2017-03-31": "", "2016-12-31": 0, "2016-09-30": 0, "2016-06-30": 0, "2016-03-31": "", "2015-12-31": 0, "2015-09-30": 0, "2015-06-30": 0, "2015-03-31": "", "2014-12-31": 0, "2014-09-30": 0, "2014-06-30": 0, "2014-03-31": "", "2013-12-31": 0, "2013-09-30": 0, "2013-06-30": 0, "2013-03-31": "", "2012-12-31": 0, "2012-09-30": 0, "2012-06-30": 0, "2012-03-31": "", "2011-12-31": 0, "2011-09-30": 0, "2011-06-30": 0, "2011-03-31": "", "2010-12-31": 0, "2010-09-30": 0, "2010-06-30": 0, "2010-03-31": "", "2009-12-31": 0, "2009-09-30": 0, "2009-06-30": 0, "2009-03-31": "", "2008-12-31": 0, "2008-09-30": 0, "2008-06-30": 0, "2008-03-31": "", "2007-12-31": 0, "2007-09-30": 0, "2007-06-30": 0, "2007-03-31": "", "2006-12-31": 0, "2006-09-30": 0, "2006-06-30": 0, "2006-03-31": "", "2005-12-31": 0, "2005-09-30": 0, "2005-06-30": 0, "2005-03-31": ""}, "Change In Assets/Liabilities": {"2020-12-31": 174.912, "2020-09-30": 85.677, "2020-06-30": -64.625, "2020-03-31": "-195.96400", "2019-12-31": 44.308, "2019-09-30": -56.573, "2019-06-30": -73.422, "2019-03-31": "-50.19800", "2018-12-31": -138.558, "2018-09-30": 61.123, "2018-06-30": 50.034, "2018-03-31": "8.17200", "2017-12-31": 17.844, "2017-09-30": 7.728, "2017-06-30": -19.693, "2017-03-31": "12.25700", "2016-12-31": 97.995, "2016-09-30": 32.885, "2016-06-30": -36.699, "2016-03-31": "-81.01100", "2015-12-31": -9.872, "2015-09-30": -3.288, "2015-06-30": -3.197, "2015-03-31": "-3.15200", "2014-12-31": -3.278, "2014-09-30": -3.346, "2014-06-30": -3.296, "2014-03-31": "-3.25800", "2013-12-31": -3.422, "2013-09-30": -3.516, "2013-06-30": -3.448, "2013-03-31": "-3.38400", "2012-12-31": -3.496, "2012-09-30": -2.68, "2012-06-30": -2.561, "2012-03-31": "-2.51700", "2011-12-31": -2.609, "2011-09-30": -2.642, "2011-06-30": -2.575, "2011-03-31": "-2.53400", "2010-12-31": -4.636, "2010-09-30": -1.731, "2010-06-30": -4.836, "2010-03-31": "-1.30000", "2009-12-31": -3.786, "2009-09-30": -2.692, "2009-06-30": -2.665, "2009-03-31": "-2.59200", "2008-12-31": 25.666, "2008-09-30": -21.212, "2008-06-30": 50.854, "2008-03-31": "-65.74900", "2007-12-31": 8.732, "2007-09-30": -2.055, "2007-06-30": -5.974, "2007-03-31": "1.30100", "2006-12-31": 6.381, "2006-09-30": -17.524, "2006-06-30": -2.111, "2006-03-31": "15.02000", "2005-12-31": 3.949, "2005-09-30": -4.215, "2005-06-30": -28.387, "2005-03-31": "3.55100"}, "Total Change In Assets/Liabilities": {"2020-12-31": 176.403, "2020-09-30": 7.252, "2020-06-30": 4.467, "2020-03-31": "-188.12200", "2019-12-31": 55.077, "2019-09-30": -97.813, "2019-06-30": -66.88, "2019-03-31": "-97.38200", "2018-12-31": -150.65, "2018-09-30": 89.841, "2018-06-30": 14.199, "2018-03-31": "14.71800", "2017-12-31": 45.552, "2017-09-30": 28.195, "2017-06-30": -42.138, "2017-03-31": "41.81000", "2016-12-31": 120.433, "2016-09-30": -3.89, "2016-06-30": 3.957, "2016-03-31": "-85.94000", "2015-12-31": 7.669, "2015-09-30": 31.817, "2015-06-30": -10.965, "2015-03-31": "-55.56400", "2014-12-31": 18.201, "2014-09-30": 13.898, "2014-06-30": -29.181, "2014-03-31": "-21.91100", "2013-12-31": 5.945, "2013-09-30": 48.332, "2013-06-30": 96.258, "2013-03-31": "-24.60200", "2012-12-31": -23.931, "2012-09-30": 14.482, "2012-06-30": -11.254, "2012-03-31": "-51.72000", "2011-12-31": -64.872, "2011-09-30": -6.194, "2011-06-30": 3.43, "2011-03-31": "39.49200", "2010-12-31": -34.606, "2010-09-30": 22.018, "2010-06-30": 219.38, "2010-03-31": "-174.98000", "2009-12-31": -86.875, "2009-09-30": 48.62, "2009-06-30": -145.319, "2009-03-31": "-40.21900", "2008-12-31": 38.9, "2008-09-30": -11.331, "2008-06-30": -25.02, "2008-03-31": "209.28100", "2007-12-31": -31.889, "2007-09-30": 166.632, "2007-06-30": 4.755, "2007-03-31": "-79.96600", "2006-12-31": -46.347, "2006-09-30": -66.748, "2006-06-30": -39.593, "2006-03-31": "48.00200", "2005-12-31": -9.8909, "2005-09-30": -7.9211, "2005-06-30": 61.876, "2005-03-31": "-265.83800"}, "Cash Flow From Operating Activities": {"2020-12-31": -161.496, "2020-09-30": 120.617, "2020-06-30": 102.467, "2020-03-31": "-61.58800", "2019-12-31": 171.787, "2019-09-30": 34.102, "2019-06-30": 54.627, "2019-03-31": "43.33400", "2018-12-31": -26.975, "2018-09-30": 239.857, "2018-06-30": 124.259, "2018-03-31": "132.26700", "2017-12-31": 144.691, "2017-09-30": 118.271, "2017-06-30": 37.911, "2017-03-31": "144.09300", "2016-12-31": 210.578, "2016-09-30": 88.764, "2016-06-30": 84.851, "2016-03-31": "13.95200", "2015-12-31": 120.44, "2015-09-30": 81.542, "2015-06-30": 64.869, "2015-03-31": "35.94100", "2014-12-31": 45.889, "2014-09-30": 93.407, "2014-06-30": 40.411, "2014-03-31": "63.28800", "2013-12-31": 88.721, "2013-09-30": 129.237, "2013-06-30": 180.192, "2013-03-31": "65.80300", "2012-12-31": 68.027, "2012-09-30": 93.455, "2012-06-30": 60.789, "2012-03-31": "34.81100", "2011-12-31": 12.672, "2011-09-30": 73.607, "2011-06-30": 72.648, "2011-03-31": "107.20300", "2010-12-31": 51.56, "2010-09-30": 104.323, "2010-06-30": 290.727, "2010-03-31": "-109.65600", "2009-12-31": 3.376, "2009-09-30": 134.743, "2009-06-30": -39.573, "2009-03-31": "15.54300", "2008-12-31": 91.158, "2008-09-30": 72.579, "2008-06-30": 59.097, "2008-03-31": "263.21900", "2007-12-31": 27.375, "2007-09-30": 233.844, "2007-06-30": 69.122, "2007-03-31": "-24.27800", "2006-12-31": 21.579, "2006-09-30": 5.981, "2006-06-30": 20.303, "2006-03-31": "107.22100", "2005-12-31": 74.875, "2005-09-30": 60.144, "2005-06-30": 121.626, "2005-03-31": "-202.36500"}, "Net Change In Property, Plant, And Equipment": {"2020-12-31": 13.375, "2020-09-30": -10.225, "2020-06-30": 0.398, "2020-03-31": "-3.54800", "2019-12-31": -6.946, "2019-09-30": -14.264, "2019-06-30": 1.456, "2019-03-31": "-5.96300", "2018-12-31": -6.91, "2018-09-30": -9.418, "2018-06-30": -12.231, "2018-03-31": "-3.83200", "2017-12-31": -12.988, "2017-09-30": 0.684, "2017-06-30": -5.653, "2017-03-31": "-7.23200", "2016-12-31": -9.481, "2016-09-30": -9.811, "2016-06-30": -7.448, "2016-03-31": "-12.44100", "2015-12-31": -9.314, "2015-09-30": -17.293, "2015-06-30": -1.071, "2015-03-31": "-7.78700", "2014-12-31": -9.207, "2014-09-30": -3.243, "2014-06-30": -6.054, "2014-03-31": "-7.97000", "2013-12-31": -10.639, "2013-09-30": -6.296, "2013-06-30": -2.115, "2013-03-31": "-1.53200", "2012-12-31": -7.464, "2012-09-30": -6.347, "2012-06-30": -4.83, "2012-03-31": "-1.96100", "2011-12-31": -9.159, "2011-09-30": -6.569, "2011-06-30": -3.273, "2011-03-31": "-5.98500", "2010-12-31": -7.806, "2010-09-30": -5.224, "2010-06-30": -3.074, "2010-03-31": "-1.90000", "2009-12-31": -9.762, "2009-09-30": -8.684, "2009-06-30": -7.651, "2009-03-31": "-5.63200", "2008-12-31": -33.734, "2008-09-30": 15.73, "2008-06-30": -7.107, "2008-03-31": "-8.62300", "2007-12-31": -8.051, "2007-09-30": -11.397, "2007-06-30": -6.537, "2007-03-31": "-8.55500", "2006-12-31": -2.997, "2006-09-30": -9.243, "2006-06-30": -10.948, "2006-03-31": "-9.36900", "2005-12-31": -8.581, "2005-09-30": -16.967, "2005-06-30": -16.481, "2005-03-31": "-14.19700"}, "Net Change In Intangible Assets": {"2020-12-31": 0, "2020-09-30": 0, "2020-06-30": 0, "2020-03-31": "", "2019-12-31": 0, "2019-09-30": 0, "2019-06-30": 0, "2019-03-31": "", "2018-12-31": 0, "2018-09-30": 0, "2018-06-30": 0, "2018-03-31": "", "2017-12-31": 0, "2017-09-30": 0, "2017-06-30": 0, "2017-03-31": "", "2016-12-31": 0, "2016-09-30": 0, "2016-06-30": 0, "2016-03-31": "", "2015-12-31": 0, "2015-09-30": 0, "2015-06-30": 0, "2015-03-31": "", "2014-12-31": 0, "2014-09-30": 0, "2014-06-30": 0, "2014-03-31": "", "2013-12-31": 0, "2013-09-30": 0, "2013-06-30": 0, "2013-03-31": "", "2012-12-31": 0, "2012-09-30": 0, "2012-06-30": 0, "2012-03-31": "", "2011-12-31": 0, "2011-09-30": 0, "2011-06-30": 0, "2011-03-31": "", "2010-12-31": 0, "2010-09-30": 0, "2010-06-30": 0, "2010-03-31": "", "2009-12-31": 0, "2009-09-30": 0, "2009-06-30": 0, "2009-03-31": "", "2008-12-31": 0, "2008-09-30": 0, "2008-06-30": 0, "2008-03-31": "", "2007-12-31": 0, "2007-09-30": 0, "2007-06-30": 0, "2007-03-31": "", "2006-12-31": 0, "2006-09-30": 0, "2006-06-30": 0, "2006-03-31": "", "2005-12-31": 0, "2005-09-30": 0, "2005-06-30": 0, "2005-03-31": ""}, "Net Acquisitions/Divestitures": {"2020-12-31": 0, "2020-09-30": 0, "2020-06-30": 0, "2020-03-31": "", "2019-12-31": 0, "2019-09-30": 0, "2019-06-30": 0, "2019-03-31": "", "2018-12-31": -107.361, "2018-09-30": 0, "2018-06-30": 0, "2018-03-31": "", "2017-12-31": 0, "2017-09-30": 0, "2017-06-30": 0, "2017-03-31": "", "2016-12-31": 0, "2016-09-30": 0, "2016-06-30": 0, "2016-03-31": "", "2015-12-31": 0, "2015-09-30": 0, "2015-06-30": 0, "2015-03-31": "1396.41400", "2014-12-31": 0, "2014-09-30": 0, "2014-06-30": 0, "2014-03-31": "", "2013-12-31": 0, "2013-09-30": 0, "2013-06-30": 0, "2013-03-31": "", "2012-12-31": 0, "2012-09-30": 0, "2012-06-30": 0, "2012-03-31": "", "2011-12-31": 0, "2011-09-30": 0, "2011-06-30": 0, "2011-03-31": "", "2010-12-31": 0, "2010-09-30": 0, "2010-06-30": 0, "2010-03-31": "", "2009-12-31": 96.348, "2009-09-30": 0, "2009-06-30": 0, "2009-03-31": "", "2008-12-31": 0, "2008-09-30": 0, "2008-06-30": 0, "2008-03-31": "", "2007-12-31": 0, "2007-09-30": 0, "2007-06-30": 0, "2007-03-31": "", "2006-12-31": 11.181, "2006-09-30": 0, "2006-06-30": 0, "2006-03-31": "", "2005-12-31": 0.169, "2005-09-30": 44.715, "2005-06-30": 1.152, "2005-03-31": "-28.99800"}, "Net Change In Short-term Investments": {"2020-12-31": 0, "2020-09-30": 0, "2020-06-30": 0, "2020-03-31": "", "2019-12-31": 0, "2019-09-30": 0, "2019-06-30": 0, "2019-03-31": "", "2018-12-31": 0, "2018-09-30": 0, "2018-06-30": 0, "2018-03-31": "", "2017-12-31": 0, "2017-09-30": 0, "2017-06-30": 0, "2017-03-31": "", "2016-12-31": 0, "2016-09-30": 0, "2016-06-30": 0, "2016-03-31": "", "2015-12-31": 0, "2015-09-30": 0, "2015-06-30": 0, "2015-03-31": "", "2014-12-31": 0, "2014-09-30": 0, "2014-06-30": 0, "2014-03-31": "", "2013-12-31": 0, "2013-09-30": 0, "2013-06-30": 0, "2013-03-31": "", "2012-12-31": 0, "2012-09-30": 0, "2012-06-30": 0, "2012-03-31": "", "2011-12-31": 0, "2011-09-30": 0, "2011-06-30": 0, "2011-03-31": "", "2010-12-31": 0, "2010-09-30": 0, "2010-06-30": 0, "2010-03-31": "", "2009-12-31": 0, "2009-09-30": 0, "2009-06-30": 0, "2009-03-31": "", "2008-12-31": 1.337, "2008-09-30": -3.453, "2008-06-30": 1.046, "2008-03-31": "1.07000", "2007-12-31": 75.158, "2007-09-30": -72.048, "2007-06-30": -2.061, "2007-03-31": "169.48700", "2006-12-31": -90.373, "2006-09-30": 50.104, "2006-06-30": -47.777, "2006-03-31": "24.41300", "2005-12-31": -27.078, "2005-09-30": 3.864, "2005-06-30": 66.588, "2005-03-31": "46.42900"}, "Net Change In Long-Term Investments": {"2020-12-31": 437.225, "2020-09-30": -141.783, "2020-06-30": -117.352, "2020-03-31": "-178.09000", "2019-12-31": -106.553, "2019-09-30": -505.097, "2019-06-30": -139.996, "2019-03-31": "-157.62400", "2018-12-31": -33.6191, "2018-09-30": -88.6269, "2018-06-30": -25.615, "2018-03-31": "-45.04000", "2017-12-31": -67.3811, "2017-09-30": -90.7949, "2017-06-30": 95.549, "2017-03-31": "82.09700", "2016-12-31": -277.565, "2016-09-30": -134.9879, "2016-06-30": 212.244, "2016-03-31": "-115.61000", "2015-12-31": 17.1542, "2015-09-30": -71.6432, "2015-06-30": -106.8079, "2015-03-31": "-124.82700", "2014-12-31": -225.195, "2014-09-30": -69.407, "2014-06-30": 17.56, "2014-03-31": "9.86400", "2013-12-31": -139.779, "2013-09-30": -81.378, "2013-06-30": 65.172, "2013-03-31": "-265.03800", "2012-12-31": 53.2669, "2012-09-30": -115.15, "2012-06-30": 78.094, "2012-03-31": "-368.12300", "2011-12-31": -255.9822, "2011-09-30": -345.1219, "2011-06-30": 148.213, "2011-03-31": "85.18800", "2010-12-31": -136.1289, "2010-09-30": -1.9961, "2010-06-30": -31.053, "2010-03-31": "-498.36300", "2009-12-31": -171.075, "2009-09-30": -389.2419, "2009-06-30": -402.473, "2009-03-31": "192.03800", "2008-12-31": -476.683, "2008-09-30": -33.163, "2008-06-30": -128.918, "2008-03-31": "-157.46400", "2007-12-31": -361.667, "2007-09-30": -56.949, "2007-06-30": -1.225, "2007-03-31": "128.81800", "2006-12-31": 1812.328, "2006-09-30": 119.408, "2006-06-30": 176.073, "2006-03-31": "99.28500", "2005-12-31": 120.3601, "2005-09-30": 3.356, "2005-06-30": -21.88, "2005-03-31": "-107.27600"}, "Net Change In Investments - Total": {"2020-12-31": 437.225, "2020-09-30": -141.783, "2020-06-30": -117.352, "2020-03-31": "-178.09000", "2019-12-31": -106.553, "2019-09-30": -505.097, "2019-06-30": -139.996, "2019-03-31": "-157.62400", "2018-12-31": -33.6191, "2018-09-30": -88.6269, "2018-06-30": -25.615, "2018-03-31": "-45.04000", "2017-12-31": -67.3811, "2017-09-30": -90.7949, "2017-06-30": 95.549, "2017-03-31": "82.09700", "2016-12-31": -277.565, "2016-09-30": -134.9879, "2016-06-30": 212.244, "2016-03-31": "-115.61000", "2015-12-31": 17.1542, "2015-09-30": -71.6432, "2015-06-30": -106.8079, "2015-03-31": "-124.82700", "2014-12-31": -225.195, "2014-09-30": -69.407, "2014-06-30": 17.56, "2014-03-31": "9.86400", "2013-12-31": -139.779, "2013-09-30": -81.378, "2013-06-30": 65.172, "2013-03-31": "-265.03800", "2012-12-31": 53.2669, "2012-09-30": -115.15, "2012-06-30": 78.094, "2012-03-31": "-368.12300", "2011-12-31": -255.9822, "2011-09-30": -345.1219, "2011-06-30": 148.213, "2011-03-31": "85.18800", "2010-12-31": -136.1289, "2010-09-30": -1.9961, "2010-06-30": -31.053, "2010-03-31": "-498.36300", "2009-12-31": -171.075, "2009-09-30": -389.2419, "2009-06-30": -402.473, "2009-03-31": "192.03800", "2008-12-31": -475.346, "2008-09-30": -36.616, "2008-06-30": -127.872, "2008-03-31": "-156.39400", "2007-12-31": -286.509, "2007-09-30": -128.997, "2007-06-30": -3.286, "2007-03-31": "298.30500", "2006-12-31": 1721.955, "2006-09-30": 169.512, "2006-06-30": 128.296, "2006-03-31": "123.69800", "2005-12-31": 93.2822, "2005-09-30": 7.2199, "2005-06-30": 44.708, "2005-03-31": "-60.84700"}, "Investing Activities - Other": {"2020-12-31": 1869.099, "2020-09-30": -74.902, "2020-06-30": -929.794, "2020-03-31": "-864.40300", "2019-12-31": -493.038, "2019-09-30": -293.554, "2019-06-30": -472.261, "2019-03-31": "-355.91600", "2018-12-31": -164.0469, "2018-09-30": -299.81, "2018-06-30": -231.919, "2018-03-31": "-289.49500", "2017-12-31": -97.228, "2017-09-30": -176.47, "2017-06-30": -182.207, "2017-03-31": "-69.42900", "2016-12-31": -423.567, "2016-09-30": -343.227, "2016-06-30": -432.621, "2016-03-31": "-80.49100", "2015-12-31": -653.643, "2015-09-30": -326.518, "2015-06-30": -538.918, "2015-03-31": "-329.93000", "2014-12-31": -454.469, "2014-09-30": -334.247, "2014-06-30": -276.797, "2014-03-31": "-310.62000", "2013-12-31": -231.132, "2013-09-30": -236.375, "2013-06-30": -283.468, "2013-03-31": "55.45700", "2012-12-31": -347.639, "2012-09-30": -328.338, "2012-06-30": -241.909, "2012-03-31": "-99.82900", "2011-12-31": -211.424, "2011-09-30": -100.181, "2011-06-30": 15.574, "2011-03-31": "-82.98900", "2010-12-31": -143.833, "2010-09-30": -123.446, "2010-06-30": 117.418, "2010-03-31": "317.56500", "2009-12-31": 114.818, "2009-09-30": -149.813, "2009-06-30": 223.605, "2009-03-31": "51.54700", "2008-12-31": 102.368, "2008-09-30": -181.13, "2008-06-30": -198.368, "2008-03-31": "-143.45200", "2007-12-31": -77.423, "2007-09-30": 3.941, "2007-06-30": -52.48, "2007-03-31": "-28.29500", "2006-12-31": 217.725, "2006-09-30": -314.835, "2006-06-30": -127.926, "2006-03-31": "-310.39400", "2005-12-31": -98.723, "2005-09-30": -497.389, "2005-06-30": -113.181, "2005-03-31": "111.09700"}, "Cash Flow From Investing Activities": {"2020-12-31": 2319.699, "2020-09-30": -226.91, "2020-06-30": -1046.748, "2020-03-31": "-1046.04100", "2019-12-31": -606.537, "2019-09-30": -812.915, "2019-06-30": -610.801, "2019-03-31": "-519.50300", "2018-12-31": -311.937, "2018-09-30": -397.855, "2018-06-30": -269.765, "2018-03-31": "-338.36700", "2017-12-31": -177.597, "2017-09-30": -266.581, "2017-06-30": -92.311, "2017-03-31": "5.43600", "2016-12-31": -710.613, "2016-09-30": -488.026, "2016-06-30": -227.825, "2016-03-31": "-208.54200", "2015-12-31": -645.803, "2015-09-30": -415.454, "2015-06-30": -646.797, "2015-03-31": "933.87000", "2014-12-31": -688.871, "2014-09-30": -406.897, "2014-06-30": -265.291, "2014-03-31": "-308.72600", "2013-12-31": -381.55, "2013-09-30": -324.049, "2013-06-30": -220.411, "2013-03-31": "-211.11300", "2012-12-31": -301.836, "2012-09-30": -449.835, "2012-06-30": -168.645, "2012-03-31": "-469.91300", "2011-12-31": -476.565, "2011-09-30": -451.872, "2011-06-30": 160.514, "2011-03-31": "-3.78600", "2010-12-31": -287.768, "2010-09-30": -130.666, "2010-06-30": 83.291, "2010-03-31": "-182.69800", "2009-12-31": 30.329, "2009-09-30": -547.739, "2009-06-30": -186.519, "2009-03-31": "237.95300", "2008-12-31": -406.712, "2008-09-30": -202.016, "2008-06-30": -333.347, "2008-03-31": "-308.46900", "2007-12-31": -371.983, "2007-09-30": -136.453, "2007-06-30": -62.303, "2007-03-31": "261.45500", "2006-12-31": 1947.864, "2006-09-30": -154.566, "2006-06-30": -10.578, "2006-03-31": "-196.06500", "2005-12-31": -13.853, "2005-09-30": -462.421, "2005-06-30": -83.802, "2005-03-31": "7.05500"}, "Net Long-Term Debt": {"2020-12-31": 1515.233, "2020-09-30": -90.078, "2020-06-30": -1250.0781, "2020-03-31": "-175.07690", "2019-12-31": 555.627, "2019-09-30": -33.8071, "2019-06-30": 474.926, "2019-03-31": "-575.07790", "2018-12-31": 384.9243, "2018-09-30": -135.0723, "2018-06-30": 374.9261, "2018-03-31": "-475.07500", "2017-12-31": 169.427, "2017-09-30": -260.073, "2017-06-30": -155.0718, "2017-03-31": "-920.07320", "2016-12-31": 254.9288, "2016-09-30": 124.9287, "2016-06-30": 99.9287, "2016-03-31": "-301.00490", "2015-12-31": 54.9297, "2015-09-30": 99.9302, "2015-06-30": 924.9308, "2015-03-31": "-1275.07000", "2014-12-31": 569.2319, "2014-09-30": 72.8863, "2014-06-30": -136.276, "2014-03-31": "301.19100", "2013-12-31": 449.9578, "2013-09-30": -25.0418, "2013-06-30": -275.0401, "2013-03-31": "-27.62200", "2012-12-31": 374.9581, "2012-09-30": -212.5061, "2012-06-30": 177.233, "2012-03-31": "25.06700", "2011-12-31": 491.967, "2011-09-30": 347.66, "2011-06-30": -2.101, "2011-03-31": "-374.80100", "2010-12-31": 294.891, "2010-09-30": -156.103, "2010-06-30": 55.898, "2010-03-31": "29.88500", "2009-12-31": -118.0273, "2009-09-30": 1.8974, "2009-06-30": -7.4853, "2009-03-31": "-679.82130", "2008-12-31": -19.1093, "2008-09-30": -62.8028, "2008-06-30": 551.795, "2008-03-31": "-182.84380", "2007-12-31": 399.3447, "2007-09-30": 106.4815, "2007-06-30": -96.0997, "2007-03-31": "-418.49800", "2006-12-31": -862.0624, "2006-09-30": 62.3007, "2006-06-30": -576.1201, "2006-03-31": "172.84280", "2005-12-31": 127.1914, "2005-09-30": -59.4433, "2005-06-30": -190.084, "2005-03-31": "-278.48050"}, "Net Current Debt": {"2020-12-31": -261.391, "2020-09-30": -386.983, "2020-06-30": 426.056, "2020-03-31": "222.31800", "2019-12-31": -170.261, "2019-09-30": 253.772, "2019-06-30": 268.855, "2019-03-31": "106.19100", "2018-12-31": 17.386, "2018-09-30": -298.08, "2018-06-30": -68.731, "2018-03-31": "288.03000", "2017-12-31": -259.633, "2017-09-30": 30.21, "2017-06-30": 65.119, "2017-03-31": "-141.95300", "2016-12-31": 148.821, "2016-09-30": -98.986, "2016-06-30": -10.458, "2016-03-31": "-241.25100", "2015-12-31": 149.382, "2015-09-30": -12.486, "2015-06-30": -69.373, "2015-03-31": "-166.87900", "2014-12-31": 13.781, "2014-09-30": -164.284, "2014-06-30": 253.377, "2014-03-31": "-183.78000", "2013-12-31": -40.628, "2013-09-30": 158.941, "2013-06-30": 179.582, "2013-03-31": "-42.39300", "2012-12-31": -233.855, "2012-09-30": 106.637, "2012-06-30": -65.211, "2012-03-31": "103.88300", "2011-12-31": -56.199, "2011-09-30": 141.04, "2011-06-30": 222.472, "2011-03-31": "-234.08400", "2010-12-31": 43.115, "2010-09-30": 88.406, "2010-06-30": 110.801, "2010-03-31": "-6.48900", "2009-12-31": -14.705, "2009-09-30": -142.589, "2009-06-30": -131.273, "2009-03-31": "-423.63900", "2008-12-31": -117.284, "2008-09-30": 414.184, "2008-06-30": -366.69, "2008-03-31": "404.01200", "2007-12-31": 243.334, "2007-09-30": 94.596, "2007-06-30": -43.567, "2007-03-31": "50.63300", "2006-12-31": -573.388, "2006-09-30": -62.344, "2006-06-30": 521.841, "2006-03-31": "-513.84000", "2005-12-31": -107.445, "2005-09-30": 284.248, "2005-06-30": -324.487, "2005-03-31": "239.60100"}, "Debt Issuance/Retirement Net - Total": {"2020-12-31": 1253.842, "2020-09-30": -477.0612, "2020-06-30": -824.0219, "2020-03-31": "47.24110", "2019-12-31": 385.366, "2019-09-30": 219.9649, "2019-06-30": 743.781, "2019-03-31": "-468.88690", "2018-12-31": 402.3103, "2018-09-30": -433.1523, "2018-06-30": 306.1951, "2018-03-31": "-187.04500", "2017-12-31": -90.206, "2017-09-30": -229.863, "2017-06-30": -89.953, "2017-03-31": "-1062.02600", "2016-12-31": 403.7498, "2016-09-30": 25.9427, "2016-06-30": 89.4707, "2016-03-31": "-542.25590", "2015-12-31": 204.3117, "2015-09-30": 87.4442, "2015-06-30": 855.5578, "2015-03-31": "-1441.94900", "2014-12-31": 583.0129, "2014-09-30": -91.3977, "2014-06-30": 117.101, "2014-03-31": "117.41100", "2013-12-31": 409.3298, "2013-09-30": 133.8992, "2013-06-30": -95.4581, "2013-03-31": "-70.01500", "2012-12-31": 141.103, "2012-09-30": -105.869, "2012-06-30": 112.022, "2012-03-31": "128.95000", "2011-12-31": 435.768, "2011-09-30": 488.7, "2011-06-30": 220.371, "2011-03-31": "-608.88500", "2010-12-31": 338.0061, "2010-09-30": -67.697, "2010-06-30": 166.699, "2010-03-31": "23.39600", "2009-12-31": -132.733, "2009-09-30": -140.691, "2009-06-30": -138.759, "2009-03-31": "-1103.46000", "2008-12-31": -136.3934, "2008-09-30": 351.3812, "2008-06-30": 185.105, "2008-03-31": "221.16820", "2007-12-31": 642.6787, "2007-09-30": 201.0774, "2007-06-30": -139.6666, "2007-03-31": "-367.86500", "2006-12-31": -1435.4505, "2006-09-30": -0.0432, "2006-06-30": -54.279, "2006-03-31": "-340.99730", "2005-12-31": 19.7464, "2005-09-30": 224.8046, "2005-06-30": -514.5709, "2005-03-31": "-38.87950"}, "Net Common Equity Issued/Repurchased": {"2020-12-31": 79.813, "2020-09-30": -0.156, "2020-06-30": -0.059, "2020-03-31": "-79.59800", "2019-12-31": -0.329, "2019-09-30": -0.044, "2019-06-30": 0.083, "2019-03-31": "-18.71000", "2018-12-31": -0.027, "2018-09-30": -5.597, "2018-06-30": -0.108, "2018-03-31": "-18.03200", "2017-12-31": 0.559, "2017-09-30": -10.887, "2017-06-30": 1.507, "2017-03-31": "-6.19900", "2016-12-31": 3.118, "2016-09-30": 0.39, "2016-06-30": 0.713, "2016-03-31": "-15.49200", "2015-12-31": -0.437, "2015-09-30": -10.119, "2015-06-30": 1.521, "2015-03-31": "-5.74300", "2014-12-31": 0.37, "2014-09-30": 0.165, "2014-06-30": 1.018, "2014-03-31": "-11.96700", "2013-12-31": 1.997, "2013-09-30": 0.421, "2013-06-30": 0.325, "2013-03-31": "0.02200", "2012-12-31": -50.945, "2012-09-30": 0.212, "2012-06-30": -0.062, "2012-03-31": "-1.28000", "2011-12-31": -0.158, "2011-09-30": -2.295, "2011-06-30": -14.718, "2011-03-31": "0.11800", "2010-12-31": 115.956, "2010-09-30": 0.392, "2010-06-30": 0.099, "2010-03-31": "0.63600", "2009-12-31": -38.05, "2009-09-30": 38.361, "2009-06-30": -0.015, "2009-03-31": "-0.03600", "2008-12-31": -0.262, "2008-09-30": 0.059, "2008-06-30": -0.246, "2008-03-31": "0.33700", "2007-12-31": -38.936, "2007-09-30": -48.16, "2007-06-30": -84.321, "2007-03-31": "2.56700", "2006-12-31": 5.915, "2006-09-30": -7.275, "2006-06-30": -21.201, "2006-03-31": "-30.37600", "2005-12-31": -13.999, "2005-09-30": -0.77, "2005-06-30": -0.915, "2005-03-31": "0.50800"}, "Net Total Equity Issued/Repurchased": {"2020-12-31": 79.813, "2020-09-30": -0.156, "2020-06-30": -0.059, "2020-03-31": "-79.59800", "2019-12-31": -0.329, "2019-09-30": -0.044, "2019-06-30": 0.083, "2019-03-31": "-18.71000", "2018-12-31": -0.027, "2018-09-30": -5.597, "2018-06-30": -0.108, "2018-03-31": "-18.03200", "2017-12-31": 22.905, "2017-09-30": -10.887, "2017-06-30": 1.507, "2017-03-31": "-6.19900", "2016-12-31": 3.118, "2016-09-30": 0.39, "2016-06-30": 0.713, "2016-03-31": "-15.49200", "2015-12-31": -0.437, "2015-09-30": -10.119, "2015-06-30": 1.521, "2015-03-31": "-5.74300", "2014-12-31": 0.37, "2014-09-30": 0.165, "2014-06-30": 1.018, "2014-03-31": "-11.96700", "2013-12-31": 1.997, "2013-09-30": 0.421, "2013-06-30": 0.325, "2013-03-31": "0.02200", "2012-12-31": 71.765, "2012-09-30": 0.212, "2012-06-30": -0.062, "2012-03-31": "-1.28000", "2011-12-31": -9.735, "2011-09-30": -2.295, "2011-06-30": -14.718, "2011-03-31": "0.11800", "2010-12-31": -184.044, "2010-09-30": 0.392, "2010-06-30": 0.099, "2010-03-31": "-99.36400", "2009-12-31": -39.986, "2009-09-30": 38.361, "2009-06-30": -59.014, "2009-03-31": "-0.03600", "2008-12-31": 399.731, "2008-09-30": -0.039, "2008-06-30": 217.454, "2008-03-31": "0.33700", "2007-12-31": -38.936, "2007-09-30": -48.16, "2007-06-30": -84.321, "2007-03-31": "2.56700", "2006-12-31": 5.915, "2006-09-30": -7.275, "2006-06-30": -21.201, "2006-03-31": "-30.37600", "2005-12-31": -13.999, "2005-09-30": -0.77, "2005-06-30": -0.915, "2005-03-31": "0.50800"}, "Total Common And Preferred Stock Dividends Paid": {"2020-12-31": 114.788, "2020-09-30": -38.044, "2020-06-30": -38.047, "2020-03-31": "-38.69700", "2019-12-31": -38.781, "2019-09-30": -38.774, "2019-06-30": -38.768, "2019-03-31": "-32.33500", "2018-12-31": -31.926, "2018-09-30": -32.996, "2018-06-30": -32.042, "2018-03-31": "-25.87000", "2017-12-31": -25.922, "2017-09-30": -25.894, "2017-06-30": -25.947, "2017-03-31": "-24.96300", "2016-12-31": -24.898, "2016-09-30": -24.881, "2016-06-30": -24.902, "2016-03-31": "-22.93700", "2015-12-31": -23.098, "2015-09-30": -23.084, "2015-06-30": -22.825, "2015-03-31": "-20.66800", "2014-12-31": -20.398, "2014-09-30": -20.851, "2014-06-30": -20.606, "2014-03-31": "-16.13200", "2013-12-31": -16.415, "2013-09-30": -15.947, "2013-06-30": -16.003, "2013-03-31": "-11.39000", "2012-12-31": -9.376, "2012-09-30": -9.373, "2012-06-30": -9.386, "2012-03-31": "-4.99200", "2011-12-31": -5.164, "2011-09-30": -5.195, "2011-06-30": -5.203, "2011-03-31": "-1.70200", "2010-12-31": -4.252, "2010-09-30": -5.361, "2010-06-30": -5.41, "2010-03-31": "-6.19600", "2009-12-31": -7.168, "2009-09-30": -7.097, "2009-06-30": -10.52, "2009-03-31": "-10.19100", "2008-12-31": -20.8, "2008-09-30": -20.975, "2008-06-30": -15.963, "2008-03-31": "-15.96300", "2007-12-31": -16.908, "2007-09-30": -16.317, "2007-06-30": -16.949, "2007-03-31": "-15.24900", "2006-12-31": -15.168, "2006-09-30": -14.175, "2006-06-30": -14.321, "2006-03-31": "-13.37300", "2005-12-31": -13.421, "2005-09-30": -13.47, "2005-06-30": -13.448, "2005-03-31": "-12.36200"}, "Financial Activities - Other": {"2020-12-31": -3590.551, "2020-09-30": 560.23, "2020-06-30": 1841.593, "2020-03-31": "1188.72800", "2019-12-31": 43.558, "2019-09-30": 683.017, "2019-06-30": -152.101, "2019-03-31": "887.26100", "2018-12-31": -23.926, "2018-09-30": 652.441, "2018-06-30": -40.083, "2018-03-31": "391.08700", "2017-12-31": 138.21, "2017-09-30": 398.39, "2017-06-30": 216.557, "2017-03-31": "937.04000", "2016-12-31": 108.74, "2016-09-30": 372.835, "2016-06-30": 104.482, "2016-03-31": "773.75600", "2015-12-31": 369.56, "2015-09-30": 289.087, "2015-06-30": -250.518, "2015-03-31": "448.13000", "2014-12-31": 104.477, "2014-09-30": 344.785, "2014-06-30": 163.398, "2014-03-31": "184.39600", "2013-12-31": -145.214, "2013-09-30": 164.118, "2013-06-30": 211.766, "2013-03-31": "93.06700", "2012-12-31": 118.044, "2012-09-30": 438.737, "2012-06-30": 29.484, "2012-03-31": "289.49400", "2011-12-31": 70.205, "2011-09-30": -130.35, "2011-06-30": -408.122, "2011-03-31": "515.89900", "2010-12-31": 71.282, "2010-09-30": 94.49, "2010-06-30": -513.981, "2010-03-31": "361.39900", "2009-12-31": 143.94, "2009-09-30": 441.222, "2009-06-30": 479.848, "2009-03-31": "809.84500", "2008-12-31": 111.016, "2008-09-30": -302.692, "2008-06-30": -66.725, "2008-03-31": "-210.86600", "2007-12-31": -199.95, "2007-09-30": -265.053, "2007-06-30": 260.827, "2007-03-31": "100.43600", "2006-12-31": -454.417, "2006-09-30": 87.742, "2006-06-30": 138.307, "2006-03-31": "447.42500", "2005-12-31": -31.047, "2005-09-30": 139.195, "2005-06-30": 547.399, "2005-03-31": "263.30600"}, "Cash Flow From Financial Activities": {"2020-12-31": -2142.108, "2020-09-30": 44.969, "2020-06-30": 979.465, "2020-03-31": "1117.67400", "2019-12-31": 389.814, "2019-09-30": 864.164, "2019-06-30": 552.995, "2019-03-31": "367.32900", "2018-12-31": 346.431, "2018-09-30": 180.696, "2018-06-30": 233.962, "2018-03-31": "160.14000", "2017-12-31": 44.987, "2017-09-30": 131.746, "2017-06-30": 102.164, "2017-03-31": "-156.14800", "2016-12-31": 490.709, "2016-09-30": 374.287, "2016-06-30": 169.764, "2016-03-31": "193.07100", "2015-12-31": 550.337, "2015-09-30": 343.328, "2015-06-30": 583.736, "2015-03-31": "-1020.23000", "2014-12-31": 667.463, "2014-09-30": 232.701, "2014-06-30": 260.911, "2014-03-31": "273.70800", "2013-12-31": 249.698, "2013-09-30": 282.491, "2013-06-30": 100.63, "2013-03-31": "11.68400", "2012-12-31": 321.536, "2012-09-30": 323.707, "2012-06-30": 132.058, "2012-03-31": "412.17200", "2011-12-31": 491.074, "2011-09-30": 350.86, "2011-06-30": -207.672, "2011-03-31": "-94.57000", "2010-12-31": 220.992, "2010-09-30": 21.824, "2010-06-30": -352.593, "2010-03-31": "279.23500", "2009-12-31": -35.947, "2009-09-30": 331.795, "2009-06-30": 271.555, "2009-03-31": "-303.84200", "2008-12-31": 353.559, "2008-09-30": 27.67, "2008-06-30": 319.871, "2008-03-31": "-5.32400", "2007-12-31": 386.881, "2007-09-30": -128.453, "2007-06-30": 19.891, "2007-03-31": "-280.11100", "2006-12-31": -1899.116, "2006-09-30": 66.249, "2006-06-30": 48.504, "2006-03-31": "62.67900", "2005-12-31": -38.719, "2005-09-30": 349.76, "2005-06-30": 18.464, "2005-03-31": "212.57300"}, "Net Cash Flow": {"2020-12-31": 16.095, "2020-09-30": -61.324, "2020-06-30": 35.184, "2020-03-31": "10.04500", "2019-12-31": -44.936, "2019-09-30": 85.351, "2019-06-30": -3.179, "2019-03-31": "-108.84000", "2018-12-31": 7.519, "2018-09-30": 22.698, "2018-06-30": 88.456, "2018-03-31": "-45.96000", "2017-12-31": 12.081, "2017-09-30": -16.564, "2017-06-30": 47.764, "2017-03-31": "-6.61900", "2016-12-31": -9.326, "2016-09-30": -24.975, "2016-06-30": 26.79, "2016-03-31": "-1.51900", "2015-12-31": 24.974, "2015-09-30": 9.416, "2015-06-30": 1.808, "2015-03-31": "-50.41900", "2014-12-31": 24.481, "2014-09-30": -80.789, "2014-06-30": 36.031, "2014-03-31": "28.27000", "2013-12-31": -43.131, "2013-09-30": 87.679, "2013-06-30": 60.411, "2013-03-31": "-133.62600", "2012-12-31": 87.727, "2012-09-30": -32.673, "2012-06-30": 24.202, "2012-03-31": "-22.93000", "2011-12-31": 27.181, "2011-09-30": -27.405, "2011-06-30": 25.49, "2011-03-31": "10.84200", "2010-12-31": -15.122, "2010-09-30": -4.519, "2010-06-30": 21.425, "2010-03-31": "-13.11900", "2009-12-31": -2.253, "2009-09-30": -81.201, "2009-06-30": 45.776, "2009-03-31": "-50.34600", "2008-12-31": 38.013, "2008-09-30": -102.285, "2008-06-30": 49.159, "2008-03-31": "-32.33300", "2007-12-31": 41.725, "2007-09-30": -28.294, "2007-06-30": 24.162, "2007-03-31": "-42.82700", "2006-12-31": 68.454, "2006-09-30": -82.336, "2006-06-30": 58.229, "2006-03-31": "-26.16500", "2005-12-31": 23.847, "2005-09-30": -52.517, "2005-06-30": 56.288, "2005-03-31": "17.26300"}, "Stock-Based Compensation": {"2020-12-31": -9.356, "2020-09-30": 3.342, "2020-06-30": 3.405, "2020-03-31": "2.60900", "2019-12-31": 2.942, "2019-09-30": 3.268, "2019-06-30": 3.44, "2019-03-31": "2.97600", "2018-12-31": 3.014, "2018-09-30": 2.719, "2018-06-30": 2.544, "2018-03-31": "3.33500", "2017-12-31": 3.226, "2017-09-30": 3.007, "2017-06-30": 2.725, "2017-03-31": "3.31800", "2016-12-31": 2.88, "2016-09-30": 2.944, "2016-06-30": 2.831, "2016-03-31": "2.78300", "2015-12-31": 2.652, "2015-09-30": 3.007, "2015-06-30": 2.994, "2015-03-31": "2.28200", "2014-12-31": 2.43, "2014-09-30": 2.243, "2014-06-30": 2.777, "2014-03-31": "2.77300", "2013-12-31": 2.907, "2013-09-30": 2.162, "2013-06-30": 3.122, "2013-03-31": "2.47300", "2012-12-31": 2.22, "2012-09-30": 2.564, "2012-06-30": 2.436, "2012-03-31": "1.73500", "2011-12-31": 1.588, "2011-09-30": 1.504, "2011-06-30": 1.759, "2011-03-31": "1.18900", "2010-12-31": 3.163, "2010-09-30": 1.745, "2010-06-30": 2.079, "2010-03-31": "-0.24700", "2009-12-31": 1.383, "2009-09-30": 1.638, "2009-06-30": 2.108, "2009-03-31": "2.37300", "2008-12-31": 0.8, "2008-09-30": 2.458, "2008-06-30": 2.139, "2008-03-31": "2.38000", "2007-12-31": 1.899, "2007-09-30": 2.239, "2007-06-30": 2.329, "2007-03-31": "2.25500", "2006-12-31": 2.281, "2006-09-30": 4.318, "2006-06-30": 0.247, "2006-03-31": "2.07100", "2005-12-31": 2.038, "2005-09-30": 2.154, "2005-06-30": 2.986, "2005-03-31": "2.58700"}, "Common Stock Dividends Paid": {"2020-12-31": 108.882, "2020-09-30": -36.076, "2020-06-30": -36.078, "2020-03-31": "-36.72800", "2019-12-31": -36.812, "2019-09-30": -36.806, "2019-06-30": -36.799, "2019-03-31": "-30.36600", "2018-12-31": -29.957, "2018-09-30": -31.028, "2018-06-30": -30.073, "2018-03-31": "-23.90100", "2017-12-31": -23.898, "2017-09-30": -23.87, "2017-06-30": -23.923, "2017-03-31": "-22.93900", "2016-12-31": -22.874, "2016-09-30": -22.857, "2016-06-30": -22.878, "2016-03-31": "-20.91300", "2015-12-31": -21.074, "2015-09-30": -21.06, "2015-06-30": -20.801, "2015-03-31": "-18.02900", "2014-12-31": -17.759, "2014-09-30": -18.212, "2014-06-30": -17.967, "2014-03-31": "-13.49300", "2013-12-31": -13.776, "2013-09-30": -13.308, "2013-06-30": -13.364, "2013-03-31": "-8.50400", "2012-12-31": -8.761, "2012-09-30": -8.758, "2012-06-30": -8.771, "2012-03-31": "-4.37700", "2011-12-31": -4.371, "2011-09-30": -4.364, "2011-06-30": -4.372, "2011-03-31": "-0.87100", "2010-12-31": -0.782, "2010-09-30": -0.782, "2010-06-30": -0.787, "2010-03-31": "-0.78200", "2009-12-31": -0.707, "2009-09-30": -0.681, "2009-06-30": -0.526, "2009-03-31": "-0.52900", "2008-12-31": -15.802, "2008-09-30": -15.766, "2008-06-30": -15.748, "2008-03-31": "-15.74700", "2007-12-31": -16.045, "2007-09-30": -16.317, "2007-06-30": -16.949, "2007-03-31": "-15.24900", "2006-12-31": -15.168, "2006-09-30": -14.175, "2006-06-30": -14.321, "2006-03-31": "-13.37300", "2005-12-31": -13.421, "2005-09-30": -13.47, "2005-06-30": -13.448, "2005-03-31": "-12.36200"}}, "financial ratios": {"Current Ratio": {"2019-12-31": "", "2018-12-31": "", "2017-12-31": "", "2016-12-31": "", "2015-12-31": "", "2014-12-31": "", "2013-12-31": "", "2012-12-31": "", "2011-12-31": "", "2010-12-31": "", "2009-12-31": "", "2008-12-31": "", "2007-12-31": "", "2006-12-31": "", "2005-12-31": ""}, "Long-term Debt / Capital": {"2019-12-31": "0.14420", "2018-12-31": "0.07260", "2017-12-31": "0.07710", "2016-12-31": "0.08190", "2015-12-31": "0.08540", "2014-12-31": "0.08880", "2013-12-31": "0.09370", "2012-12-31": "0.13770", "2011-12-31": "0.23040", "2010-12-31": "0.24680", "2009-12-31": "0.23110", "2008-12-31": "0.26750", "2007-12-31": "0.27250", "2006-12-31": "0.24920", "2005-12-31": "0.28010"}, "Debt/Equity Ratio": {"2019-12-31": "1.10020", "2018-12-31": "0.91280", "2017-12-31": "0.94230", "2016-12-31": "1.59000", "2015-12-31": "1.67390", "2014-12-31": "1.86690", "2013-12-31": "1.63520", "2012-12-31": "1.54670", "2011-12-31": "1.60900", "2010-12-31": "1.37300", "2009-12-31": "1.01630", "2008-12-31": "1.90830", "2007-12-31": "1.69340", "2006-12-31": "1.38200", "2005-12-31": "2.65740"}, "Gross Margin": {"2019-12-31": "", "2018-12-31": "", "2017-12-31": "", "2016-12-31": "", "2015-12-31": "", "2014-12-31": "", "2013-12-31": "", "2012-12-31": "", "2011-12-31": "", "2010-12-31": "", "2009-12-31": "", "2008-12-31": "", "2007-12-31": "", "2006-12-31": "", "2005-12-31": ""}, "Operating Margin": {"2019-12-31": "", "2018-12-31": "", "2017-12-31": "", "2016-12-31": "", "2015-12-31": "", "2014-12-31": "", "2013-12-31": "", "2012-12-31": "", "2011-12-31": "", "2010-12-31": "", "2009-12-31": "", "2008-12-31": "", "2007-12-31": "", "2006-12-31": "", "2005-12-31": ""}, "EBIT Margin": {"2019-12-31": "", "2018-12-31": "", "2017-12-31": "", "2016-12-31": "", "2015-12-31": "", "2014-12-31": "", "2013-12-31": "", "2012-12-31": "", "2011-12-31": "", "2010-12-31": "", "2009-12-31": "", "2008-12-31": "", "2007-12-31": "", "2006-12-31": "", "2005-12-31": ""}, "EBITDA Margin": {"2019-12-31": "", "2018-12-31": "", "2017-12-31": "", "2016-12-31": "", "2015-12-31": "", "2014-12-31": "", "2013-12-31": "", "2012-12-31": "", "2011-12-31": "", "2010-12-31": "", "2009-12-31": "", "2008-12-31": "", "2007-12-31": "", "2006-12-31": "", "2005-12-31": ""}, "Pre-Tax Profit Margin": {"2019-12-31": "40.46860", "2018-12-31": "38.49500", "2017-12-31": "34.86080", "2016-12-31": "32.74730", "2015-12-31": "34.90330", "2014-12-31": "36.77040", "2013-12-31": "34.01520", "2012-12-31": "33.10760", "2011-12-31": "28.86410", "2010-12-31": "13.55610", "2009-12-31": "-34.66550", "2008-12-31": "-131.66740", "2007-12-31": "24.84000", "2006-12-31": "30.64750", "2005-12-31": "39.09910"}, "Net Profit Margin": {"2019-12-31": "31.01380", "2018-12-31": "30.65620", "2017-12-31": "24.32160", "2016-12-31": "21.41320", "2015-12-31": "22.90010", "2014-12-31": "23.76100", "2013-12-31": "22.27770", "2012-12-31": "22.82660", "2011-12-31": "20.61690", "2010-12-31": "7.59250", "2009-12-31": "-22.96530", "2008-12-31": "-114.57530", "2007-12-31": "15.05600", "2006-12-31": "21.26500", "2005-12-31": "27.06170"}, "Asset Turnover": {"2019-12-31": "0.03960", "2018-12-31": "0.04160", "2017-12-31": "0.03830", "2016-12-31": "0.03550", "2015-12-31": "0.03460", "2014-12-31": "0.03520", "2013-12-31": "0.03620", "2012-12-31": "0.03720", "2011-12-31": "0.03840", "2010-12-31": "0.03460", "2009-12-31": "0.02120", "2008-12-31": "0.01660", "2007-12-31": "0.03740", "2006-12-31": "0.03680", "2005-12-31": "0.03840"}, "Inventory Turnover Ratio": {"2019-12-31": "", "2018-12-31": "", "2017-12-31": "", "2016-12-31": "", "2015-12-31": "", "2014-12-31": "", "2013-12-31": "", "2012-12-31": "", "2011-12-31": "", "2010-12-31": "", "2009-12-31": "", "2008-12-31": "", "2007-12-31": "", "2006-12-31": "", "2005-12-31": ""}, "Receiveable Turnover": {"2019-12-31": "", "2018-12-31": "", "2017-12-31": "", "2016-12-31": "", "2015-12-31": "", "2014-12-31": "", "2013-12-31": "", "2012-12-31": "", "2011-12-31": "", "2010-12-31": "", "2009-12-31": "", "2008-12-31": "", "2007-12-31": "", "2006-12-31": "", "2005-12-31": ""}, "Days Sales In Receivables": {"2019-12-31": "", "2018-12-31": "", "2017-12-31": "", "2016-12-31": "", "2015-12-31": "", "2014-12-31": "", "2013-12-31": "", "2012-12-31": "", "2011-12-31": "", "2010-12-31": "", "2009-12-31": "", "2008-12-31": "", "2007-12-31": "", "2006-12-31": "", "2005-12-31": ""}, "ROE - Return On Equity": {"2019-12-31": "12.49610", "2018-12-31": "13.14690", "2017-12-31": "9.99020", "2016-12-31": "8.61490", "2015-12-31": "8.93530", "2014-12-31": "9.19900", "2013-12-31": "8.72190", "2012-12-31": "8.94480", "2011-12-31": "8.22220", "2010-12-31": "4.12380", "2009-12-31": "-5.02560", "2008-12-31": "-25.08180", "2007-12-31": "6.42460", "2006-12-31": "7.13290", "2005-12-31": "11.08120"}, "Return On Tangible Equity": {"2019-12-31": "14.45610", "2018-12-31": "15.51940", "2017-12-31": "11.97010", "2016-12-31": "10.59490", "2015-12-31": "11.14920", "2014-12-31": "11.15630", "2013-12-31": "10.72050", "2012-12-31": "11.18190", "2011-12-31": "11.48930", "2010-12-31": "5.87790", "2009-12-31": "-5.50850", "2008-12-31": "-24.08600", "2007-12-31": "11.51870", "2006-12-31": "12.19180", "2005-12-31": "19.24110"}, "ROA - Return On Assets": {"2019-12-31": "1.25940", "2018-12-31": "1.30540", "2017-12-31": "0.96440", "2016-12-31": "0.79440", "2015-12-31": "0.83080", "2014-12-31": "0.88640", "2013-12-31": "0.86060", "2012-12-31": "0.86220", "2011-12-31": "0.79820", "2010-12-31": "0.40020", "2009-12-31": "-0.43510", "2008-12-31": "-1.80790", "2007-12-31": "0.64860", "2006-12-31": "0.78190", "2005-12-31": "1.02340"}, "ROI - Return On Investment": {"2019-12-31": "10.21100", "2018-12-31": "11.57960", "2017-12-31": "8.72480", "2016-12-31": "7.52500", "2015-12-31": "7.75720", "2014-12-31": "7.83530", "2013-12-31": "7.36210", "2012-12-31": "7.15450", "2011-12-31": "6.22850", "2010-12-31": "3.05560", "2009-12-31": "-3.03120", "2008-12-31": "-12.36190", "2007-12-31": "4.67360", "2006-12-31": "5.35560", "2005-12-31": "7.97730"}, "Book Value Per Share": {"2019-12-31": "34.85680", "2018-12-31": "31.31460", "2017-12-31": "29.36210", "2016-12-31": "27.54180", "2015-12-31": "26.36450", "2014-12-31": "25.70000", "2013-12-31": "24.55770", "2012-12-31": "24.64020", "2011-12-31": "21.16350", "2010-12-31": "20.48010", "2009-12-31": "25.13620", "2008-12-31": "35.62020", "2007-12-31": "33.09450", "2006-12-31": "35.85560", "2005-12-31": "30.69630"}, "Operating Cash Flow Per Share": {"2019-12-31": -1.7827, "2018-12-31": 0.2718, "2017-12-31": 0.4835, "2016-12-31": 1.0264, "2015-12-31": 0.6265, "2014-12-31": -2.4586, "2013-12-31": 2.335, "2012-12-31": -0.0975, "2011-12-31": -1.198, "2010-12-31": 2.3156, "2009-12-31": -7.5586, "2008-12-31": 3.7989, "2007-12-31": 2.6762, "2006-12-31": 1.8677, "2005-12-31": 1.0008}, "Free Cash Flow Per Share": {"2019-12-31": -1.7114, "2018-12-31": 0.1933, "2017-12-31": 0.6373, "2016-12-31": 0.9873, "2015-12-31": 0.5313, "2014-12-31": -2.5228, "2013-12-31": 2.3318, "2012-12-31": -0.0498, "2011-12-31": -1.2514, "2010-12-31": 2.5929, "2009-12-31": -7.4065, "2008-12-31": 3.7761, "2007-12-31": 2.6527, "2006-12-31": 2.3022, "2005-12-31": -0.0359}}, "financial ratios, quarterly": {"Current Ratio": {"2020-09-30": "", "2020-06-30": "", "2020-03-31": "", "2019-12-31": "", "2019-09-30": "", "2019-06-30": "", "2019-03-31": "", "2018-12-31": "", "2018-09-30": "", "2018-06-30": "", "2018-03-31": "", "2017-12-31": "", "2017-09-30": "", "2017-06-30": "", "2017-03-31": "", "2016-12-31": "", "2016-09-30": "", "2016-06-30": "", "2016-03-31": "", "2015-12-31": "", "2015-09-30": "", "2015-06-30": "", "2015-03-31": "", "2014-12-31": "", "2014-09-30": "", "2014-06-30": "", "2014-03-31": "", "2013-12-31": "", "2013-09-30": "", "2013-06-30": "", "2013-03-31": "", "2012-12-31": "", "2012-09-30": "", "2012-06-30": "", "2012-03-31": "", "2011-12-31": "", "2011-09-30": "", "2011-06-30": "", "2011-03-31": "", "2010-12-31": "", "2010-09-30": "", "2010-06-30": "", "2010-03-31": "", "2009-12-31": "", "2009-09-30": "", "2009-06-30": "", "2009-03-31": "", "2008-12-31": "", "2008-09-30": "", "2008-06-30": "", "2008-03-31": "", "2007-12-31": "", "2007-09-30": "", "2007-06-30": "", "2007-03-31": "", "2006-12-31": "", "2006-09-30": "", "2006-06-30": "", "2006-03-31": "", "2005-12-31": "", "2005-09-30": "", "2005-06-30": "", "2005-03-31": ""}, "Long-term Debt / Capital": {"2020-09-30": "0.15010", "2020-06-30": "0.15220", "2020-03-31": "0.15600", "2019-12-31": "0.14420", "2019-09-30": "0.14840", "2019-06-30": "0.14940", "2019-03-31": "0.15020", "2018-12-31": "0.07260", "2018-09-30": "0.07430", "2018-06-30": "0.07560", "2018-03-31": "0.07680", "2017-12-31": "0.07710", "2017-09-30": "0.07880", "2017-06-30": "0.07970", "2017-03-31": "0.08100", "2016-12-31": "0.08190", "2016-09-30": "0.08240", "2016-06-30": "0.08340", "2016-03-31": "0.08460", "2015-12-31": "0.08540", "2015-09-30": "0.08610", "2015-06-30": "0.08680", "2015-03-31": "0.08760", "2014-12-31": "0.08880", "2014-09-30": "0.08920", "2014-06-30": "0.09010", "2014-03-31": "0.14390", "2013-12-31": "0.09370", "2013-09-30": "0.09560", "2013-06-30": "0.09750", "2013-03-31": "0.09780", "2012-12-31": "0.13770", "2012-09-30": "0.14470", "2012-06-30": "0.19670", "2012-03-31": "0.20020", "2011-12-31": "0.23040", "2011-09-30": "0.23060", "2011-06-30": "0.23520", "2011-03-31": "0.23820", "2010-12-31": "0.24680", "2010-09-30": "0.23470", "2010-06-30": "0.23750", "2010-03-31": "0.24080", "2009-12-31": "0.23110", "2009-09-30": "0.23710", "2009-06-30": "0.24190", "2009-03-31": "0.26190", "2008-12-31": "0.26750", "2008-09-30": "0.26560", "2008-06-30": "0.25690", "2008-03-31": "0.27980", "2007-12-31": "0.27250", "2007-09-30": "0.26960", "2007-06-30": "0.26320", "2007-03-31": "0.24650", "2006-12-31": "0.24920", "2006-09-30": "0.27420", "2006-06-30": "0.27450", "2006-03-31": "0.27790", "2005-12-31": "0.28010", "2005-09-30": "0.29180", "2005-06-30": "0.29500", "2005-03-31": "0.30130"}, "Debt/Equity Ratio": {"2020-09-30": "0.71560", "2020-06-30": "0.87630", "2020-03-31": "1.16730", "2019-12-31": "1.10020", "2019-09-30": "1.00010", "2019-06-30": "0.95330", "2019-03-31": "0.72960", "2018-12-31": "0.91280", "2018-09-30": "0.79270", "2018-06-30": "0.96510", "2018-03-31": "0.86860", "2017-12-31": "0.94230", "2017-09-30": "0.99910", "2017-06-30": "1.10020", "2017-03-31": "1.15450", "2016-12-31": "1.59000", "2016-09-30": "1.43900", "2016-06-30": "1.44860", "2016-03-31": "1.43500", "2015-12-31": "1.67390", "2015-09-30": "1.59730", "2015-06-30": "1.57590", "2015-03-31": "1.22880", "2014-12-31": "1.86690", "2014-09-30": "1.62420", "2014-06-30": "1.68300", "2014-03-31": "1.66450", "2013-12-31": "1.63520", "2013-09-30": "1.47800", "2013-06-30": "1.44340", "2013-03-31": "1.48820", "2012-12-31": "1.54670", "2012-09-30": "1.56190", "2012-06-30": "1.65950", "2012-03-31": "1.63350", "2011-12-31": "1.60900", "2011-09-30": "1.37110", "2011-06-30": "1.11230", "2011-03-31": "1.00370", "2010-12-31": "1.37300", "2010-09-30": "1.10500", "2010-06-30": "1.15550", "2010-03-31": "1.08460", "2009-12-31": "1.01630", "2009-09-30": "1.11990", "2009-06-30": "1.22560", "2009-03-31": "1.32970", "2008-12-31": "1.90830", "2008-09-30": "2.03770", "2008-06-30": "1.77010", "2008-03-31": "1.85140", "2007-12-31": "1.69340", "2007-09-30": "1.26830", "2007-06-30": "1.13590", "2007-03-31": "1.16670", "2006-12-31": "1.38200", "2006-09-30": "2.35880", "2006-06-30": "2.40410", "2006-03-31": "2.45140", "2005-12-31": "2.65740", "2005-09-30": "2.67310", "2005-06-30": "2.57400", "2005-03-31": "2.98350"}, "Gross Margin": {"2020-09-30": "", "2020-06-30": "", "2020-03-31": "", "2019-12-31": "", "2019-09-30": "", "2019-06-30": "", "2019-03-31": "", "2018-12-31": "", "2018-09-30": "", "2018-06-30": "", "2018-03-31": "", "2017-12-31": "", "2017-09-30": "", "2017-06-30": "", "2017-03-31": "", "2016-12-31": "", "2016-09-30": "", "2016-06-30": "", "2016-03-31": "", "2015-12-31": "", "2015-09-30": "", "2015-06-30": "", "2015-03-31": "", "2014-12-31": "", "2014-09-30": "", "2014-06-30": "", "2014-03-31": "", "2013-12-31": "", "2013-09-30": "", "2013-06-30": "", "2013-03-31": "", "2012-12-31": "", "2012-09-30": "", "2012-06-30": "", "2012-03-31": "", "2011-12-31": "", "2011-09-30": "", "2011-06-30": "", "2011-03-31": "", "2010-12-31": "", "2010-09-30": "", "2010-06-30": "", "2010-03-31": "", "2009-12-31": "", "2009-09-30": "", "2009-06-30": "", "2009-03-31": "", "2008-12-31": "", "2008-09-30": "", "2008-06-30": "", "2008-03-31": "", "2007-12-31": "", "2007-09-30": "", "2007-06-30": "", "2007-03-31": "", "2006-12-31": "", "2006-09-30": "", "2006-06-30": "", "2006-03-31": "", "2005-12-31": "", "2005-09-30": "", "2005-06-30": "", "2005-03-31": ""}, "Operating Margin": {"2020-09-30": "", "2020-06-30": "", "2020-03-31": "", "2019-12-31": "", "2019-09-30": "", "2019-06-30": "", "2019-03-31": "", "2018-12-31": "", "2018-09-30": "", "2018-06-30": "", "2018-03-31": "", "2017-12-31": "", "2017-09-30": "", "2017-06-30": "", "2017-03-31": "", "2016-12-31": "", "2016-09-30": "", "2016-06-30": "", "2016-03-31": "", "2015-12-31": "", "2015-09-30": "", "2015-06-30": "", "2015-03-31": "", "2014-12-31": "", "2014-09-30": "", "2014-06-30": "", "2014-03-31": "", "2013-12-31": "", "2013-09-30": "", "2013-06-30": "", "2013-03-31": "", "2012-12-31": "", "2012-09-30": "", "2012-06-30": "", "2012-03-31": "", "2011-12-31": "", "2011-09-30": "", "2011-06-30": "", "2011-03-31": "", "2010-12-31": "", "2010-09-30": "", "2010-06-30": "", "2010-03-31": "", "2009-12-31": "", "2009-09-30": "", "2009-06-30": "", "2009-03-31": "", "2008-12-31": "", "2008-09-30": "", "2008-06-30": "", "2008-03-31": "", "2007-12-31": "", "2007-09-30": "", "2007-06-30": "", "2007-03-31": "", "2006-12-31": "", "2006-09-30": "", "2006-06-30": "", "2006-03-31": "", "2005-12-31": "", "2005-09-30": "", "2005-06-30": "", "2005-03-31": ""}, "EBIT Margin": {"2020-09-30": "", "2020-06-30": "", "2020-03-31": "", "2019-12-31": "", "2019-09-30": "", "2019-06-30": "", "2019-03-31": "", "2018-12-31": "", "2018-09-30": "", "2018-06-30": "", "2018-03-31": "", "2017-12-31": "", "2017-09-30": "", "2017-06-30": "", "2017-03-31": "", "2016-12-31": "", "2016-09-30": "", "2016-06-30": "", "2016-03-31": "", "2015-12-31": "", "2015-09-30": "", "2015-06-30": "", "2015-03-31": "", "2014-12-31": "", "2014-09-30": "", "2014-06-30": "", "2014-03-31": "", "2013-12-31": "", "2013-09-30": "", "2013-06-30": "", "2013-03-31": "", "2012-12-31": "", "2012-09-30": "", "2012-06-30": "", "2012-03-31": "", "2011-12-31": "", "2011-09-30": "", "2011-06-30": "", "2011-03-31": "", "2010-12-31": "", "2010-09-30": "", "2010-06-30": "", "2010-03-31": "", "2009-12-31": "", "2009-09-30": "", "2009-06-30": "", "2009-03-31": "", "2008-12-31": "", "2008-09-30": "", "2008-06-30": "", "2008-03-31": "", "2007-12-31": "", "2007-09-30": "", "2007-06-30": "", "2007-03-31": "", "2006-12-31": "", "2006-09-30": "", "2006-06-30": "", "2006-03-31": "", "2005-12-31": "", "2005-09-30": "", "2005-06-30": "", "2005-03-31": ""}, "EBITDA Margin": {"2020-09-30": "", "2020-06-30": "", "2020-03-31": "", "2019-12-31": "", "2019-09-30": "", "2019-06-30": "", "2019-03-31": "", "2018-12-31": "", "2018-09-30": "", "2018-06-30": "", "2018-03-31": "", "2017-12-31": "", "2017-09-30": "", "2017-06-30": "", "2017-03-31": "", "2016-12-31": "", "2016-09-30": "", "2016-06-30": "", "2016-03-31": "", "2015-12-31": "", "2015-09-30": "", "2015-06-30": "", "2015-03-31": "", "2014-12-31": "", "2014-09-30": "", "2014-06-30": "", "2014-03-31": "", "2013-12-31": "", "2013-09-30": "", "2013-06-30": "", "2013-03-31": "", "2012-12-31": "", "2012-09-30": "", "2012-06-30": "", "2012-03-31": "", "2011-12-31": "", "2011-09-30": "", "2011-06-30": "", "2011-03-31": "", "2010-12-31": "", "2010-09-30": "", "2010-06-30": "", "2010-03-31": "", "2009-12-31": "", "2009-09-30": "", "2009-06-30": "", "2009-03-31": "", "2008-12-31": "", "2008-09-30": "", "2008-06-30": "", "2008-03-31": "", "2007-12-31": "", "2007-09-30": "", "2007-06-30": "", "2007-03-31": "", "2006-12-31": "", "2006-09-30": "", "2006-06-30": "", "2006-03-31": "", "2005-12-31": "", "2005-09-30": "", "2005-06-30": "", "2005-03-31": ""}, "Pre-Tax Profit Margin": {"2020-09-30": "32.24630", "2020-06-30": "27.77250", "2020-03-31": "21.62470", "2019-12-31": "39.31500", "2019-09-30": "39.86900", "2019-06-30": "40.91710", "2019-03-31": "41.74150", "2018-12-31": "41.80400", "2018-09-30": "38.80560", "2018-06-30": "36.20740", "2018-03-31": "36.88650", "2017-12-31": "33.69450", "2017-09-30": "36.93570", "2017-06-30": "35.54420", "2017-03-31": "33.20560", "2016-12-31": "33.48930", "2016-09-30": "32.82080", "2016-06-30": "32.98620", "2016-03-31": "31.61630", "2015-12-31": "34.31540", "2015-09-30": "35.30480", "2015-06-30": "34.50810", "2015-03-31": "35.50390", "2014-12-31": "36.48150", "2014-09-30": "37.36860", "2014-06-30": "36.69500", "2014-03-31": "36.54020", "2013-12-31": "33.23270", "2013-09-30": "34.86820", "2013-06-30": "35.22210", "2013-03-31": "32.71570", "2012-12-31": "35.88040", "2012-09-30": "34.23180", "2012-06-30": "31.89190", "2012-03-31": "30.29170", "2011-12-31": "29.97590", "2011-09-30": "32.06490", "2011-06-30": "27.47970", "2011-03-31": "25.82310", "2010-12-31": "22.55620", "2010-09-30": "17.37620", "2010-06-30": "10.97000", "2010-03-31": "1.31170", "2009-12-31": "-14.99480", "2009-09-30": "-48.06710", "2009-06-30": "-86.71520", "2009-03-31": "-11.01100", "2008-12-31": "608.83830", "2008-09-30": "-17.98750", "2008-06-30": "-44.84030", "2008-03-31": "26.13020", "2007-12-31": "4.82080", "2007-09-30": "30.42780", "2007-06-30": "29.00420", "2007-03-31": "29.73530", "2006-12-31": "39.41350", "2006-09-30": "8.26160", "2006-06-30": "35.13790", "2006-03-31": "35.00750", "2005-12-31": "43.07040", "2005-09-30": "37.39820", "2005-06-30": "37.45700", "2005-03-31": "39.37110"}, "Net Profit Margin": {"2020-09-30": "24.63120", "2020-06-30": "20.74950", "2020-03-31": "15.78630", "2019-12-31": "29.64560", "2019-09-30": "30.56520", "2019-06-30": "31.46240", "2019-03-31": "32.34780", "2018-12-31": "32.19210", "2018-09-30": "33.35890", "2018-06-30": "28.09950", "2018-03-31": "28.71600", "2017-12-31": "26.19600", "2017-09-30": "24.32810", "2017-06-30": "23.31940", "2017-03-31": "23.38520", "2016-12-31": "22.79190", "2016-09-30": "21.36090", "2016-06-30": "21.22910", "2016-03-31": "20.15060", "2015-12-31": "22.58170", "2015-09-30": "22.73490", "2015-06-30": "23.72270", "2015-03-31": "22.57630", "2014-12-31": "23.44830", "2014-09-30": "23.96980", "2014-06-30": "23.26380", "2014-03-31": "24.36660", "2013-12-31": "21.44140", "2013-09-30": "23.79090", "2013-06-30": "22.91990", "2013-03-31": "20.94610", "2012-12-31": "25.08560", "2012-09-30": "23.55910", "2012-06-30": "21.75590", "2012-03-31": "20.80240", "2011-12-31": "22.01270", "2011-09-30": "22.82550", "2011-06-30": "18.20680", "2011-03-31": "19.38740", "2010-12-31": "13.85870", "2010-09-30": "11.32410", "2010-06-30": "7.67510", "2010-03-31": "-4.48230", "2009-12-31": "-48.42090", "2009-09-30": "-30.40900", "2009-06-30": "24.11360", "2009-03-31": "-20.27710", "2008-12-31": "514.10480", "2008-09-30": "-21.87270", "2008-06-30": "-30.48340", "2008-03-31": "15.52870", "2007-12-31": "-6.93080", "2007-09-30": "21.42440", "2007-06-30": "19.52980", "2007-03-31": "20.31840", "2006-12-31": "27.26380", "2006-09-30": "7.12450", "2006-06-30": "23.85270", "2006-03-31": "23.91570", "2005-12-31": "31.68740", "2005-09-30": "25.38350", "2005-06-30": "25.48890", "2005-03-31": "26.71860"}, "Asset Turnover": {"2020-09-30": "0.00820", "2020-06-30": "0.00750", "2020-03-31": "0.00720", "2019-12-31": "0.00970", "2019-09-30": "0.01000", "2019-06-30": "0.01060", "2019-03-31": "0.01070", "2018-12-31": "0.01090", "2018-09-30": "0.01070", "2018-06-30": "0.01050", "2018-03-31": "0.01020", "2017-12-31": "0.00970", "2017-09-30": "0.00970", "2017-06-30": "0.00970", "2017-03-31": "0.00940", "2016-12-31": "0.00930", "2016-09-30": "0.00910", "2016-06-30": "0.00910", "2016-03-31": "0.00890", "2015-12-31": "0.00890", "2015-09-30": "0.00900", "2015-06-30": "0.00890", "2015-03-31": "0.00900", "2014-12-31": "0.00910", "2014-09-30": "0.00910", "2014-06-30": "0.00900", "2014-03-31": "0.00930", "2013-12-31": "0.00910", "2013-09-30": "0.00910", "2013-06-30": "0.00940", "2013-03-31": "0.00930", "2012-12-31": "0.00950", "2012-09-30": "0.00950", "2012-06-30": "0.00960", "2012-03-31": "0.00960", "2011-12-31": "0.00970", "2011-09-30": "0.01000", "2011-06-30": "0.01020", "2011-03-31": "0.00970", "2010-12-31": "0.00920", "2010-09-30": "0.00880", "2010-06-30": "0.00930", "2010-03-31": "0.00750", "2009-12-31": "0.00650", "2009-09-30": "0.00480", "2009-06-30": "0.00400", "2009-03-31": "0.00620", "2008-12-31": "-0.00340", "2008-09-30": "0.00570", "2008-06-30": "0.00540", "2008-03-31": "0.00910", "2007-12-31": "0.00730", "2007-09-30": "0.00970", "2007-06-30": "0.01070", "2007-03-31": "0.01020", "2006-12-31": "0.00810", "2006-09-30": "0.00700", "2006-06-30": "0.01000", "2006-03-31": "0.01020", "2005-12-31": "0.00790", "2005-09-30": "0.01030", "2005-06-30": "0.01040", "2005-03-31": "0.01020"}, "Inventory Turnover Ratio": {"2020-09-30": "", "2020-06-30": "", "2020-03-31": "", "2019-12-31": "", "2019-09-30": "", "2019-06-30": "", "2019-03-31": "", "2018-12-31": "", "2018-09-30": "", "2018-06-30": "", "2018-03-31": "", "2017-12-31": "", "2017-09-30": "", "2017-06-30": "", "2017-03-31": "", "2016-12-31": "", "2016-09-30": "", "2016-06-30": "", "2016-03-31": "", "2015-12-31": "", "2015-09-30": "", "2015-06-30": "", "2015-03-31": "", "2014-12-31": "", "2014-09-30": "", "2014-06-30": "", "2014-03-31": "", "2013-12-31": "", "2013-09-30": "", "2013-06-30": "", "2013-03-31": "", "2012-12-31": "", "2012-09-30": "", "2012-06-30": "", "2012-03-31": "", "2011-12-31": "", "2011-09-30": "", "2011-06-30": "", "2011-03-31": "", "2010-12-31": "", "2010-09-30": "", "2010-06-30": "", "2010-03-31": "", "2009-12-31": "", "2009-09-30": "", "2009-06-30": "", "2009-03-31": "", "2008-12-31": "", "2008-09-30": "", "2008-06-30": "", "2008-03-31": "", "2007-12-31": "", "2007-09-30": "", "2007-06-30": "", "2007-03-31": "", "2006-12-31": "", "2006-09-30": "", "2006-06-30": "", "2006-03-31": "", "2005-12-31": "", "2005-09-30": "", "2005-06-30": "", "2005-03-31": ""}, "Receiveable Turnover": {"2020-09-30": "", "2020-06-30": "", "2020-03-31": "", "2019-12-31": "", "2019-09-30": "", "2019-06-30": "", "2019-03-31": "", "2018-12-31": "", "2018-09-30": "", "2018-06-30": "", "2018-03-31": "", "2017-12-31": "", "2017-09-30": "", "2017-06-30": "", "2017-03-31": "", "2016-12-31": "", "2016-09-30": "", "2016-06-30": "", "2016-03-31": "", "2015-12-31": "", "2015-09-30": "", "2015-06-30": "", "2015-03-31": "", "2014-12-31": "", "2014-09-30": "", "2014-06-30": "", "2014-03-31": "", "2013-12-31": "", "2013-09-30": "", "2013-06-30": "", "2013-03-31": "", "2012-12-31": "", "2012-09-30": "", "2012-06-30": "", "2012-03-31": "", "2011-12-31": "", "2011-09-30": "", "2011-06-30": "", "2011-03-31": "", "2010-12-31": "", "2010-09-30": "", "2010-06-30": "", "2010-03-31": "", "2009-12-31": "", "2009-09-30": "", "2009-06-30": "", "2009-03-31": "", "2008-12-31": "", "2008-09-30": "", "2008-06-30": "", "2008-03-31": "", "2007-12-31": "", "2007-09-30": "", "2007-06-30": "", "2007-03-31": "", "2006-12-31": "", "2006-09-30": "", "2006-06-30": "", "2006-03-31": "", "2005-12-31": "", "2005-09-30": "", "2005-06-30": "", "2005-03-31": ""}, "Days Sales In Receivables": {"2020-09-30": "", "2020-06-30": "", "2020-03-31": "", "2019-12-31": "", "2019-09-30": "", "2019-06-30": "", "2019-03-31": "", "2018-12-31": "", "2018-09-30": "", "2018-06-30": "", "2018-03-31": "", "2017-12-31": "", "2017-09-30": "", "2017-06-30": "", "2017-03-31": "", "2016-12-31": "", "2016-09-30": "", "2016-06-30": "", "2016-03-31": "", "2015-12-31": "", "2015-09-30": "", "2015-06-30": "", "2015-03-31": "", "2014-12-31": "", "2014-09-30": "", "2014-06-30": "", "2014-03-31": "", "2013-12-31": "", "2013-09-30": "", "2013-06-30": "", "2013-03-31": "", "2012-12-31": "", "2012-09-30": "", "2012-06-30": "", "2012-03-31": "", "2011-12-31": "", "2011-09-30": "", "2011-06-30": "", "2011-03-31": "", "2010-12-31": "", "2010-09-30": "", "2010-06-30": "", "2010-03-31": "", "2009-12-31": "", "2009-09-30": "", "2009-06-30": "", "2009-03-31": "", "2008-12-31": "", "2008-09-30": "", "2008-06-30": "", "2008-03-31": "", "2007-12-31": "", "2007-09-30": "", "2007-06-30": "", "2007-03-31": "", "2006-12-31": "", "2006-09-30": "", "2006-06-30": "", "2006-03-31": "", "2005-12-31": "", "2005-09-30": "", "2005-06-30": "", "2005-03-31": ""}, "ROE - Return On Equity": {"2020-09-30": "2.25330", "2020-06-30": "1.75250", "2020-03-31": "1.29700", "2019-12-31": "2.95400", "2019-09-30": "3.12120", "2019-06-30": "3.37820", "2019-03-31": "3.53520", "2018-12-31": "3.60530", "2018-09-30": "3.73140", "2018-06-30": "3.12160", "2018-03-31": "3.12030", "2017-12-31": "2.73350", "2017-09-30": "2.56340", "2017-06-30": "2.48060", "2017-03-31": "2.43970", "2016-12-31": "2.39820", "2016-09-30": "2.16910", "2016-06-30": "2.14940", "2016-03-31": "2.03200", "2015-12-31": "2.25180", "2015-09-30": "2.25320", "2015-06-30": "2.30590", "2015-03-31": "2.25610", "2014-12-31": "2.34920", "2014-09-30": "2.33680", "2014-06-30": "2.24270", "2014-03-31": "2.41520", "2013-12-31": "2.12200", "2013-09-30": "2.34650", "2013-06-30": "2.34700", "2013-03-31": "2.13090", "2012-12-31": "2.49890", "2012-09-30": "2.30170", "2012-06-30": "2.16760", "2012-03-31": "2.08670", "2011-12-31": "2.22280", "2011-09-30": "2.31910", "2011-06-30": "1.88470", "2011-03-31": "1.81460", "2010-12-31": "1.73800", "2010-09-30": "1.43420", "2010-06-30": "1.13160", "2010-03-31": "0.09280", "2009-12-31": "-0.97390", "2009-09-30": "-1.32860", "2009-06-30": "-2.27280", "2009-03-31": "-0.89020", "2008-12-31": "-23.69350", "2008-09-30": "-1.00570", "2008-06-30": "-1.69710", "2008-03-31": "1.55510", "2007-12-31": "0.34810", "2007-09-30": "1.91550", "2007-06-30": "1.95210", "2007-03-31": "1.84150", "2006-12-31": "2.01100", "2006-09-30": "0.53450", "2006-06-30": "2.62270", "2006-03-31": "2.67270", "2005-12-31": "2.56050", "2005-09-30": "2.84870", "2005-06-30": "2.87150", "2005-03-31": "3.03760"}, "Return On Tangible Equity": {"2020-09-30": "2.60670", "2020-06-30": "2.02940", "2020-03-31": "1.50930", "2019-12-31": "3.41730", "2019-09-30": "3.62250", "2019-06-30": "3.94120", "2019-03-31": "4.15030", "2018-12-31": "4.25590", "2018-09-30": "4.42780", "2018-06-30": "3.72020", "2018-03-31": "3.73290", "2017-12-31": "3.27530", "2017-09-30": "3.11600", "2017-06-30": "3.02580", "2017-03-31": "2.98940", "2016-12-31": "2.94940", "2016-09-30": "2.67300", "2016-06-30": "2.66000", "2016-03-31": "2.52690", "2015-12-31": "2.80970", "2015-09-30": "2.81750", "2015-06-30": "2.89320", "2015-03-31": "2.80470", "2014-12-31": "2.84910", "2014-09-30": "2.83800", "2014-06-30": "2.73170", "2014-03-31": "2.95670", "2013-12-31": "2.60830", "2013-09-30": "2.90000", "2013-06-30": "2.91690", "2013-03-31": "2.65020", "2012-12-31": "3.12390", "2012-09-30": "3.11960", "2012-06-30": "2.96950", "2012-03-31": "2.88270", "2011-12-31": "3.10600", "2011-09-30": "3.24120", "2011-06-30": "2.64110", "2011-03-31": "2.55590", "2010-12-31": "2.47730", "2010-09-30": "1.67540", "2010-06-30": "1.32690", "2010-03-31": "0.10930", "2009-12-31": "-1.06750", "2009-09-30": "-1.43840", "2009-06-30": "-2.47070", "2009-03-31": "-0.85310", "2008-12-31": "-22.75280", "2008-09-30": "-1.50650", "2008-06-30": "-2.49160", "2008-03-31": "2.80940", "2007-12-31": "0.62410", "2007-09-30": "3.49750", "2007-06-30": "3.51950", "2007-03-31": "3.24270", "2006-12-31": "3.43720", "2006-09-30": "0.90810", "2006-06-30": "4.54170", "2006-03-31": "4.65420", "2005-12-31": "4.44600", "2005-09-30": "4.99940", "2005-06-30": "5.12540", "2005-03-31": "5.59350"}, "ROA - Return On Assets": {"2020-09-30": "0.21000", "2020-06-30": "0.16230", "2020-03-31": "0.12070", "2019-12-31": "0.29770", "2019-09-30": "0.31400", "2019-06-30": "0.34090", "2019-03-31": "0.35320", "2018-12-31": "0.35800", "2018-09-30": "0.36450", "2018-06-30": "0.30210", "2018-03-31": "0.29990", "2017-12-31": "0.26390", "2017-09-30": "0.24480", "2017-06-30": "0.23530", "2017-03-31": "0.22870", "2016-12-31": "0.22120", "2016-09-30": "0.20210", "2016-06-30": "0.20140", "2016-03-31": "0.18870", "2015-12-31": "0.20940", "2015-09-30": "0.21340", "2015-06-30": "0.22030", "2015-03-31": "0.21520", "2014-12-31": "0.22640", "2014-09-30": "0.23120", "2014-06-30": "0.22220", "2014-03-31": "0.23810", "2013-12-31": "0.20940", "2013-09-30": "0.22950", "2013-06-30": "0.22810", "2013-03-31": "0.20940", "2012-12-31": "0.24090", "2012-09-30": "0.22800", "2012-06-30": "0.21230", "2012-03-31": "0.20350", "2011-12-31": "0.21580", "2011-09-30": "0.23170", "2011-06-30": "0.19200", "2011-03-31": "0.18140", "2010-12-31": "0.16860", "2010-09-30": "0.12740", "2010-06-30": "0.09940", "2010-03-31": "0.00790", "2009-12-31": "-0.08430", "2009-09-30": "-0.10810", "2009-06-30": "-0.18260", "2009-03-31": "-0.06440", "2008-12-31": "-1.70780", "2008-09-30": "-0.09140", "2008-06-30": "-0.16180", "2008-03-31": "0.15480", "2007-12-31": "0.03510", "2007-09-30": "0.20520", "2007-06-30": "0.21170", "2007-03-31": "0.20780", "2006-12-31": "0.22040", "2006-09-30": "0.04960", "2006-06-30": "0.23940", "2006-03-31": "0.24490", "2005-12-31": "0.23650", "2005-09-30": "0.26170", "2005-06-30": "0.26480", "2005-03-31": "0.27280"}, "ROI - Return On Investment": {"2020-09-30": "1.82870", "2020-06-30": "1.41790", "2020-03-31": "1.04330", "2019-12-31": "2.41380", "2019-09-30": "2.53580", "2019-06-30": "2.73750", "2019-03-31": "2.85730", "2018-12-31": "3.17550", "2018-09-30": "3.27640", "2018-06-30": "2.73400", "2018-03-31": "2.72690", "2017-12-31": "2.38730", "2017-09-30": "2.25160", "2017-06-30": "2.17530", "2017-03-31": "2.13470", "2016-12-31": "2.09480", "2016-09-30": "1.89320", "2016-06-30": "1.87260", "2016-03-31": "1.76650", "2015-12-31": "1.95490", "2015-09-30": "1.95410", "2015-06-30": "1.99710", "2015-03-31": "1.92580", "2014-12-31": "2.00100", "2014-09-30": "1.98880", "2014-06-30": "1.90520", "2014-03-31": "1.92770", "2013-12-31": "1.79120", "2013-09-30": "1.97370", "2013-06-30": "1.96710", "2013-03-31": "1.78550", "2012-12-31": "1.99880", "2012-09-30": "1.93990", "2012-06-30": "1.71510", "2012-03-31": "1.64350", "2011-12-31": "1.68380", "2011-09-30": "1.75640", "2011-06-30": "1.41880", "2011-03-31": "1.36030", "2010-12-31": "1.28780", "2010-09-30": "0.91060", "2010-06-30": "0.71430", "2010-03-31": "0.05810", "2009-12-31": "-0.58740", "2009-09-30": "-0.77370", "2009-06-30": "-1.30550", "2009-03-31": "-0.43980", "2008-12-31": "-11.67760", "2008-09-30": "-0.64710", "2008-06-30": "-1.11110", "2008-03-31": "1.12000", "2007-12-31": "0.25320", "2007-09-30": "1.39910", "2007-06-30": "1.43830", "2007-03-31": "1.38760", "2006-12-31": "1.50990", "2006-09-30": "0.38790", "2006-06-30": "1.90290", "2006-03-31": "1.92980", "2005-12-31": "1.84330", "2005-09-30": "2.01750", "2005-06-30": "2.02440", "2005-03-31": "2.12240"}, "Book Value Per Share": {"2020-09-30": "35.69340", "2020-06-30": "35.19950", "2020-03-31": "34.27050", "2019-12-31": "34.85680", "2019-09-30": "34.25250", "2019-06-30": "33.31500", "2019-03-31": "32.21630", "2018-12-31": "31.31460", "2018-09-30": "30.56300", "2018-06-30": "30.00730", "2018-03-31": "29.56150", "2017-12-31": "29.36210", "2017-09-30": "28.70900", "2017-06-30": "28.30090", "2017-03-31": "27.83540", "2016-12-31": "27.54180", "2016-09-30": "27.44170", "2016-06-30": "27.07690", "2016-03-31": "26.67970", "2015-12-31": "26.36450", "2015-09-30": "26.25390", "2015-06-30": "25.94130", "2015-03-31": "26.02930", "2014-12-31": "25.70000", "2014-09-30": "25.65080", "2014-06-30": "25.36480", "2014-03-31": "24.94070", "2013-12-31": "24.55770", "2013-09-30": "24.14300", "2013-06-30": "23.71660", "2013-03-31": "23.75250", "2012-12-31": "24.64020", "2012-09-30": "22.68120", "2012-06-30": "22.11120", "2012-03-31": "21.71950", "2011-12-31": "21.16350", "2011-09-30": "21.25220", "2011-06-30": "21.17700", "2011-03-31": "20.98970", "2010-12-31": "20.48010", "2010-09-30": "24.39720", "2010-06-30": "24.13290", "2010-03-31": "23.80650", "2009-12-31": "25.13620", "2009-09-30": "27.84520", "2009-06-30": "28.88000", "2009-03-31": "35.30430", "2008-12-31": "35.62020", "2008-09-30": "34.46280", "2008-06-30": "35.99750", "2008-03-31": "32.70560", "2007-12-31": "33.09450", "2007-09-30": "33.72650", "2007-06-30": "33.63010", "2007-03-31": "33.69920", "2006-12-31": "35.85560", "2006-09-30": "32.07460", "2006-06-30": "31.26690", "2006-03-31": "31.08920", "2005-12-31": "30.69630", "2005-09-30": "30.40160", "2005-06-30": "29.93870", "2005-03-31": "29.07010"}, "Operating Cash Flow Per Share": {"2020-09-30": 1.3432, "2020-06-30": 1.1317, "2020-03-31": "-0.67530", "2019-12-31": 1.8696, "2019-09-30": 0.3709, "2019-06-30": 0.5966, "2019-03-31": "0.46990", "2018-12-31": -0.2936, "2018-09-30": 2.6002, "2018-06-30": 1.3494, "2018-03-31": "1.43370", "2017-12-31": 1.5718, "2017-09-30": 1.2784, "2017-06-30": 0.4073, "2017-03-31": "1.56040", "2016-12-31": 2.2925, "2016-09-30": 0.965, "2016-06-30": 0.9249, "2016-03-31": "0.15200", "2015-12-31": 1.3261, "2015-09-30": 0.8778, "2015-06-30": 0.7085, "2015-03-31": "0.39560", "2014-12-31": 0.5063, "2014-09-30": 1.0297, "2014-06-30": 0.4474, "2014-03-31": "0.69810", "2013-12-31": 0.9904, "2013-09-30": 1.4191, "2013-06-30": 1.9967, "2013-03-31": "0.73390", "2012-12-31": 0.7476, "2012-09-30": 1.0132, "2012-06-30": 0.665, "2012-03-31": "0.37930", "2011-12-31": 0.1236, "2011-09-30": 0.828, "2011-06-30": 0.7927, "2011-03-31": "1.15830", "2010-12-31": 0.6256, "2010-09-30": 1.2861, "2010-06-30": 3.5962, "2010-03-31": "-1.40730", "2009-12-31": 0.1146, "2009-09-30": 2.0813, "2009-06-30": -0.7092, "2009-03-31": "0.29830", "2008-12-31": 1.7541, "2008-09-30": 1.3931, "2008-06-30": 1.1843, "2008-03-31": "5.01210", "2007-12-31": 0.4084, "2007-09-30": 4.339, "2007-06-30": 1.225, "2007-03-31": "-0.42770", "2006-12-31": 0.3434, "2006-09-30": 0.1304, "2006-06-30": 0.3981, "2006-03-31": "1.99660", "2005-12-31": 1.38, "2005-09-30": 1.1083, "2005-06-30": 2.245, "2005-03-31": "-3.73250"}, "Free Cash Flow Per Share": {"2020-09-30": 1.2294, "2020-06-30": 1.1354, "2020-03-31": "-0.71420", "2019-12-31": 1.794, "2019-09-30": 0.2157, "2019-06-30": 0.6122, "2019-03-31": "0.40520", "2018-12-31": -0.3685, "2018-09-30": 2.4982, "2018-06-30": 1.2166, "2018-03-31": "1.39220", "2017-12-31": 1.431, "2017-09-30": 1.2858, "2017-06-30": 0.3463, "2017-03-31": "1.48210", "2016-12-31": 2.1893, "2016-09-30": 0.8585, "2016-06-30": 0.8436, "2016-03-31": "0.01650", "2015-12-31": 1.2229, "2015-09-30": 0.6906, "2015-06-30": 0.6972, "2015-03-31": "0.30990", "2014-12-31": 0.4046, "2014-09-30": 0.9941, "2014-06-30": 0.3804, "2014-03-31": "0.61020", "2013-12-31": 0.8723, "2013-09-30": 1.3496, "2013-06-30": 1.9734, "2013-03-31": "0.71680", "2012-12-31": 0.6657, "2012-09-30": 0.9445, "2012-06-30": 0.6122, "2012-03-31": "0.35790", "2011-12-31": 0.0246, "2011-09-30": 0.7549, "2011-06-30": 0.757, "2011-03-31": "1.09360", "2010-12-31": 0.5307, "2010-09-30": 1.222, "2010-06-30": 3.5604, "2010-03-31": "-1.43160", "2009-12-31": -0.0503, "2009-09-30": 1.9769, "2009-06-30": -0.8282, "2009-03-31": "0.19020", "2008-12-31": 1.1056, "2008-09-30": 1.6955, "2008-06-30": 1.0461, "2008-03-31": "4.84790", "2007-12-31": 0.2709, "2007-09-30": 4.1191, "2007-06-30": 1.1074, "2007-03-31": "-0.57840", "2006-12-31": 0.3003, "2006-09-30": -0.0472, "2006-06-30": 0.1911, "2006-03-31": "1.82210", "2005-12-31": 1.2206, "2005-09-30": 0.7962, "2005-06-30": 1.9417, "2005-03-31": "-3.99440"}}, "revenue": {"Webster Financial Annual Revenue (Millions of US $)": {"2020": "$1,287", "2019": "$1,440", "2018": "$1,338", "2017": "$1,173", "2016": "$1,086", "2015": "$998", "2014": "$921", "2013": "$879", "2012": "$886", "2011": "$877", "2010": "$910", "2009": "$930", "2008": "$841", "2007": "$1,198", "2006": "$1,146", "2005": "$1,048"}, "Webster Financial Quarterly Revenue (Millions of US $)": {"2020-12-31": "$313", "2020-09-30": "$314", "2020-06-30": "$312", "2020-03-31": "$348", "2019-12-31": "$353", "2019-09-30": "$364", "2019-06-30": "$368", "2019-03-31": "$355", "2018-12-31": "$354", "2018-09-30": "$341", "2018-06-30": "$329", "2018-03-31": "$315", "2017-12-31": "$302", "2017-09-30": "$297", "2017-06-30": "$291", "2017-03-31": "$283", "2016-12-31": "$282", "2016-09-30": "$272", "2016-06-30": "$268", "2016-03-31": "$265", "2015-12-31": "$258", "2015-09-30": "$253", "2015-06-30": "$246", "2015-03-31": "$241", "2014-12-31": "$238", "2014-09-30": "$231", "2014-06-30": "$225", "2014-03-31": "$228", "2013-12-31": "$220", "2013-09-30": "$218", "2013-06-30": "$222", "2013-03-31": "$218", "2012-12-31": "$225", "2012-09-30": "$221", "2012-06-30": "$222", "2012-03-31": "$218", "2011-12-31": "$215", "2011-09-30": "$219", "2011-06-30": "$222", "2011-03-31": "$220", "2010-12-31": "$218", "2010-09-30": "$224", "2010-06-30": "$244", "2010-03-31": "$225", "2009-12-31": "$233", "2009-09-30": "$229", "2009-06-30": "$223", "2009-03-31": "$246", "2008-12-31": "$123", "2008-09-30": "$230", "2008-06-30": "$208", "2008-03-31": "$280", "2007-12-31": "$293", "2007-09-30": "$303", "2007-06-30": "$306", "2007-03-31": "$296", "2006-12-31": "$277", "2006-09-30": "$267", "2006-06-30": "$307", "2006-03-31": "$296", "2005-12-31": "$248", "2005-09-30": "$279", "2005-06-30": "$266", "2005-03-31": "$255"}}, "gross-profit": {"Webster Financial Annual Gross Profit (Millions of US $)": {"2020": "$1,177", "2019": "$1,240", "2018": "$1,189", "2017": "$1,056", "2016": "$983", "2015": "$902", "2014": "$831", "2013": "$788", "2012": "$772", "2011": "$741", "2010": "$738", "2009": "$680", "2008": "$478", "2007": "$711", "2006": "$640", "2005": "$694"}, "Webster Financial Quarterly Gross Profit (Millions of US $)": {"2020-12-31": "$294", "2020-09-30": "$294", "2020-06-30": "$284", "2020-03-31": "$304", "2019-12-31": "$302", "2019-09-30": "$310", "2019-06-30": "$318", "2019-03-31": "$310", "2018-12-31": "$310", "2018-09-30": "$303", "2018-06-30": "$293", "2018-03-31": "$283", "2017-12-31": "$271", "2017-09-30": "$267", "2017-06-30": "$262", "2017-03-31": "$256", "2016-12-31": "$256", "2016-09-30": "$247", "2016-06-30": "$242", "2016-03-31": "$239", "2015-12-31": "$233", "2015-09-30": "$229", "2015-06-30": "$223", "2015-03-31": "$218", "2014-12-31": "$214", "2014-09-30": "$208", "2014-06-30": "$203", "2014-03-31": "$205", "2013-12-31": "$198", "2013-09-30": "$196", "2013-06-30": "$199", "2013-03-31": "$194", "2012-12-31": "$199", "2012-09-30": "$193", "2012-06-30": "$192", "2012-03-31": "$187", "2011-12-31": "$183", "2011-09-30": "$186", "2011-06-30": "$187", "2011-03-31": "$184", "2010-12-31": "$180", "2010-09-30": "$182", "2010-06-30": "$198", "2010-03-31": "$178", "2009-12-31": "$182", "2009-09-30": "$171", "2009-06-30": "$155", "2009-03-31": "$172", "2008-12-31": "$40", "2008-09-30": "$145", "2008-06-30": "$120", "2008-03-31": "$173", "2007-12-31": "$171", "2007-09-30": "$178", "2007-06-30": "$186", "2007-03-31": "$175", "2006-12-31": "$142", "2006-09-30": "$129", "2006-06-30": "$184", "2006-03-31": "$185", "2005-12-31": "$144", "2005-09-30": "$186", "2005-06-30": "$183", "2005-03-31": "$181"}}, "operating-income": {"Webster Financial Annual Operating Income (Millions of US $)": {"2020": "$280", "2019": "$487", "2018": "$442", "2017": "$354", "2016": "$303", "2015": "$298", "2014": "$292", "2013": "$257", "2012": "$248", "2011": "$207", "2010": "$85", "2009": "$-131", "2008": "$-384", "2007": "$160", "2006": "$196", "2005": "$268"}, "Webster Financial Quarterly Operating Income (Millions of US $)": {"2020-12-31": "$75", "2020-09-30": "$88", "2020-06-30": "$68", "2020-03-31": "$49", "2019-12-31": "$116", "2019-09-30": "$119", "2019-06-30": "$125", "2019-03-31": "$126", "2018-12-31": "$126", "2018-09-30": "$113", "2018-06-30": "$102", "2018-03-31": "$100", "2017-12-31": "$87", "2017-09-30": "$95", "2017-06-30": "$91", "2017-03-31": "$81", "2016-12-31": "$82", "2016-09-30": "$76", "2016-06-30": "$75", "2016-03-31": "$70", "2015-12-31": "$75", "2015-09-30": "$76", "2015-06-30": "$72", "2015-03-31": "$74", "2014-12-31": "$75", "2014-09-30": "$74", "2014-06-30": "$71", "2014-03-31": "$72", "2013-12-31": "$63", "2013-09-30": "$65", "2013-06-30": "$67", "2013-03-31": "$61", "2012-12-31": "$69", "2012-09-30": "$64", "2012-06-30": "$60", "2012-03-31": "$56", "2011-12-31": "$54", "2011-09-30": "$58", "2011-06-30": "$50", "2011-03-31": "$45", "2010-12-31": "$37", "2010-09-30": "$27", "2010-06-30": "$18", "2010-03-31": "$2", "2009-12-31": "$-17", "2009-09-30": "$-41", "2009-06-30": "$-60", "2009-03-31": "$-12", "2008-12-31": "$-367", "2008-09-30": "$-16", "2008-06-30": "$-42", "2008-03-31": "$41", "2007-12-31": "$8", "2007-09-30": "$50", "2007-06-30": "$53", "2007-03-31": "$51", "2006-12-31": "$58", "2006-09-30": "$11", "2006-06-30": "$64", "2006-03-31": "$64", "2005-12-31": "$54", "2005-09-30": "$71", "2005-06-30": "$71", "2005-03-31": "$71"}}, "ebitda": {"Webster Financial Annual EBITDA (Millions of US $)": {"2019": "$", "2018": "$", "2017": "$", "2016": "$", "2015": "$", "2014": "$", "2013": "$", "2012": "$", "2011": "$", "2010": "$", "2009": "$", "2008": "$", "2007": "$", "2006": "$", "2005": "$"}, "Webster Financial Quarterly EBITDA (Millions of US $)": {"2020-09-30": "", "2020-06-30": "", "2020-03-31": "", "2019-12-31": "", "2019-09-30": "", "2019-06-30": "", "2019-03-31": "", "2018-12-31": "", "2018-09-30": "", "2018-06-30": "", "2018-03-31": "", "2017-12-31": "", "2017-09-30": "", "2017-06-30": "", "2017-03-31": "", "2016-12-31": "", "2016-09-30": "", "2016-06-30": "", "2016-03-31": "", "2015-12-31": "", "2015-09-30": "", "2015-06-30": "", "2015-03-31": "", "2014-12-31": "", "2014-09-30": "", "2014-06-30": "", "2014-03-31": "", "2013-12-31": "", "2013-09-30": "", "2013-06-30": "", "2013-03-31": "", "2012-12-31": "", "2012-09-30": "", "2012-06-30": "", "2012-03-31": "", "2011-12-31": "", "2011-09-30": "", "2011-06-30": "", "2011-03-31": "", "2010-12-31": "", "2010-09-30": "", "2010-06-30": "", "2010-03-31": "", "2009-12-31": "", "2009-09-30": "", "2009-06-30": "", "2009-03-31": "", "2008-12-31": "", "2008-09-30": "", "2008-06-30": "", "2008-03-31": "", "2007-12-31": "", "2007-09-30": "", "2007-06-30": "", "2007-03-31": "", "2006-12-31": "", "2006-09-30": "", "2006-06-30": "", "2006-03-31": "", "2005-12-31": "", "2005-09-30": "", "2005-06-30": "", "2005-03-31": ""}}, "net-income": {"Webster Financial Annual Net Income (Millions of US $)": {"2020": "$211", "2019": "$373", "2018": "$352", "2017": "$247", "2016": "$198", "2015": "$195", "2014": "$188", "2013": "$168", "2012": "$171", "2011": "$148", "2010": "$47", "2009": "$-87", "2008": "$-334", "2007": "$97", "2006": "$134", "2005": "$185"}, "Webster Financial Quarterly Net Income (Millions of US $)": {"2020-12-31": "$58", "2020-09-30": "$67", "2020-06-30": "$51", "2020-03-31": "$36", "2019-12-31": "$88", "2019-09-30": "$91", "2019-06-30": "$96", "2019-03-31": "$98", "2018-12-31": "$97", "2018-09-30": "$97", "2018-06-30": "$79", "2018-03-31": "$78", "2017-12-31": "$68", "2017-09-30": "$62", "2017-06-30": "$59", "2017-03-31": "$57", "2016-12-31": "$55", "2016-09-30": "$50", "2016-06-30": "$48", "2016-03-31": "$45", "2015-12-31": "$49", "2015-09-30": "$49", "2015-06-30": "$50", "2015-03-31": "$47", "2014-12-31": "$48", "2014-09-30": "$48", "2014-06-30": "$45", "2014-03-31": "$48", "2013-12-31": "$41", "2013-09-30": "$45", "2013-06-30": "$44", "2013-03-31": "$39", "2012-12-31": "$48", "2012-09-30": "$44", "2012-06-30": "$41", "2012-03-31": "$38", "2011-12-31": "$40", "2011-09-30": "$41", "2011-06-30": "$33", "2011-03-31": "$34", "2010-12-31": "$23", "2010-09-30": "$18", "2010-06-30": "$13", "2010-03-31": "$-6", "2009-12-31": "$-56", "2009-09-30": "$-26", "2009-06-30": "$17", "2009-03-31": "$-22", "2008-12-31": "$-308", "2008-09-30": "$-22", "2008-06-30": "$-29", "2008-03-31": "$24", "2007-12-31": "$-9", "2007-09-30": "$35", "2007-06-30": "$35", "2007-03-31": "$35", "2006-12-31": "$38", "2006-09-30": "$9", "2006-06-30": "$43", "2006-03-31": "$44", "2005-12-31": "$45", "2005-09-30": "$47", "2005-06-30": "$46", "2005-03-31": "$47"}}, "eps-earnings-per-share-diluted": {"Webster Financial Annual EPS": {"2020": "$2.35", "2019": "$4.06", "2018": "$3.81", "2017": "$2.67", "2016": "$2.16", "2015": "$2.13", "2014": "$2.08", "2013": "$1.86", "2012": "$1.86", "2011": "$1.61", "2010": "$0.57", "2009": "$-2.16", "2008": "$-6.43", "2007": "$1.76", "2006": "$2.47", "2005": "$3.42"}, "Webster Financial Quarterly EPS": {"2020-12-31": "$0.64", "2020-09-30": "$0.75", "2020-06-30": "$0.57", "2020-03-31": "$0.39", "2019-12-31": "$0.95", "2019-09-30": "$1.00", "2019-06-30": "$1.05", "2019-03-31": "$1.06", "2018-12-31": "$1.04", "2018-09-30": "$1.06", "2018-06-30": "$0.86", "2018-03-31": "$0.85", "2017-12-31": "$0.74", "2017-09-30": "$0.67", "2017-06-30": "$0.64", "2017-03-31": "$0.62", "2016-12-31": "$0.60", "2016-09-30": "$0.54", "2016-06-30": "$0.53", "2016-03-31": "$0.49", "2015-12-31": "$0.53", "2015-09-30": "$0.53", "2015-06-30": "$0.55", "2015-03-31": "$0.52", "2014-12-31": "$0.52", "2014-09-30": "$0.53", "2014-06-30": "$0.50", "2014-03-31": "$0.53", "2013-12-31": "$0.45", "2013-09-30": "$0.49", "2013-06-30": "$0.48", "2013-03-31": "$0.44", "2012-12-31": "$0.52", "2012-09-30": "$0.48", "2012-06-30": "$0.44", "2012-03-31": "$0.42", "2011-12-31": "$0.44", "2011-09-30": "$0.45", "2011-06-30": "$0.36", "2011-03-31": "$0.36", "2010-12-31": "$0.28", "2010-09-30": "$0.22", "2010-06-30": "$0.15", "2010-03-31": "$-0.08", "2009-12-31": "$-0.71", "2009-09-30": "$-0.39", "2009-06-30": "$-0.65", "2009-03-31": "$-0.41", "2008-12-31": "$-5.91", "2008-09-30": "$-0.42", "2008-06-30": "$-0.56", "2008-03-31": "$0.46", "2007-12-31": "$-0.13", "2007-09-30": "$0.64", "2007-06-30": "$0.63", "2007-03-31": "$0.62", "2006-12-31": "$0.67", "2006-09-30": "$0.17", "2006-06-30": "$0.81", "2006-03-31": "$0.82", "2005-12-31": "$0.83", "2005-09-30": "$0.86", "2005-06-30": "$0.85", "2005-03-31": "$0.88"}}, "shares-outstanding": {"Webster Financial Annual Shares Outstanding (Millions of Shares)": {"2020": "90", "2019": "92", "2018": "92", "2017": "92", "2016": "92", "2015": "92", "2014": "91", "2013": "90", "2012": "92", "2011": "92", "2010": "82", "2009": "64", "2008": "52", "2007": "55", "2006": "54", "2005": "54"}, "Webster Financial Quarterly Shares Outstanding (Millions of Shares)": {"2020-12-31": "90", "2020-09-30": "90", "2020-06-30": "90", "2020-03-31": "91", "2019-12-31": "92", "2019-09-30": "92", "2019-06-30": "92", "2019-03-31": "92", "2018-12-31": "92", "2018-09-30": "92", "2018-06-30": "92", "2018-03-31": "92", "2017-12-31": "92", "2017-09-30": "93", "2017-06-30": "92", "2017-03-31": "92", "2016-12-31": "92", "2016-09-30": "92", "2016-06-30": "92", "2016-03-31": "92", "2015-12-31": "92", "2015-09-30": "92", "2015-06-30": "91", "2015-03-31": "91", "2014-12-31": "91", "2014-09-30": "91", "2014-06-30": "91", "2014-03-31": "91", "2013-12-31": "90", "2013-09-30": "90", "2013-06-30": "90", "2013-03-31": "90", "2012-12-31": "92", "2012-09-30": "92", "2012-06-30": "92", "2012-03-31": "92", "2011-12-31": "92", "2011-09-30": "91", "2011-06-30": "92", "2011-03-31": "93", "2010-12-31": "82", "2010-09-30": "82", "2010-06-30": "83", "2010-03-31": "78", "2009-12-31": "64", "2009-09-30": "66", "2009-06-30": "58", "2009-03-31": "52", "2008-12-31": "52", "2008-09-30": "52", "2008-06-30": "52", "2008-03-31": "53", "2007-12-31": "55", "2007-09-30": "54", "2007-06-30": "56", "2007-03-31": "57", "2006-12-31": "54", "2006-09-30": "53", "2006-06-30": "53", "2006-03-31": "54", "2005-12-31": "54", "2005-09-30": "54", "2005-06-30": "54", "2005-03-31": "54"}}, "total-assets": {"Webster Financial Annual Total Assets (Millions of US $)": {"2019": "$30,389", "2018": "$27,610", "2017": "$26,488", "2016": "$26,073", "2015": "$24,641", "2014": "$22,533", "2013": "$20,853", "2012": "$20,147", "2011": "$18,714", "2010": "$18,034", "2009": "$17,739", "2008": "$17,584", "2007": "$17,202", "2006": "$17,097", "2005": "$17,837"}, "Webster Financial Quarterly Total Assets (Millions of US $)": {"2020-09-30": "$32,994", "2020-06-30": "$32,709", "2020-03-31": "$31,655", "2019-12-31": "$30,389", "2019-09-30": "$29,895", "2019-06-30": "$28,942", "2019-03-31": "$28,238", "2018-12-31": "$27,610", "2018-09-30": "$27,346", "2018-06-30": "$27,037", "2018-03-31": "$26,752", "2017-12-31": "$26,488", "2017-09-30": "$26,350", "2017-06-30": "$26,175", "2017-03-31": "$26,003", "2016-12-31": "$26,073", "2016-09-30": "$25,634", "2016-06-30": "$25,120", "2016-03-31": "$24,936", "2015-12-31": "$24,641", "2015-09-30": "$24,070", "2015-06-30": "$23,621", "2015-03-31": "$23,107", "2014-12-31": "$22,533", "2014-09-30": "$21,827", "2014-06-30": "$21,524", "2014-03-31": "$21,176", "2013-12-31": "$20,853", "2013-09-30": "$20,610", "2013-06-30": "$20,329", "2013-03-31": "$20,111", "2012-12-31": "$20,147", "2012-09-30": "$19,730", "2012-06-30": "$19,430", "2012-03-31": "$19,134", "2011-12-31": "$18,714", "2011-09-30": "$18,228", "2011-06-30": "$17,807", "2011-03-31": "$17,965", "2010-12-31": "$18,034", "2010-09-30": "$17,800", "2010-06-30": "$17,743", "2010-03-31": "$18,025", "2009-12-31": "$17,739", "2009-09-30": "$17,808", "2009-06-30": "$17,453", "2009-03-31": "$17,257", "2008-12-31": "$17,584", "2008-09-30": "$17,516", "2008-06-30": "$17,479", "2008-03-31": "$17,244", "2007-12-31": "$17,202", "2007-09-30": "$16,845", "2007-06-30": "$16,947", "2007-03-31": "$16,879", "2006-12-31": "$17,097", "2006-09-30": "$18,139", "2006-06-30": "$18,022", "2006-03-31": "$17,907", "2005-12-31": "$17,837", "2005-09-30": "$17,807", "2005-06-30": "$17,472", "2005-03-31": "$17,413"}}, "cash-on-hand": {"Webster Financial Annual Cash on Hand (Millions of US $)": {"2019": "$258", "2018": "$329", "2017": "$257", "2016": "$220", "2015": "$356", "2014": "$394", "2013": "$247", "2012": "$350", "2011": "$292", "2010": "$224", "2009": "$561", "2008": "$281", "2007": "$314", "2006": "$492", "2005": "$332"}, "Webster Financial Quarterly Cash on Hand (Millions of US $)": {"2020-09-30": "$242", "2020-06-30": "$303", "2020-03-31": "$268", "2019-12-31": "$258", "2019-09-30": "$303", "2019-06-30": "$217", "2019-03-31": "$221", "2018-12-31": "$329", "2018-09-30": "$322", "2018-06-30": "$299", "2018-03-31": "$211", "2017-12-31": "$257", "2017-09-30": "$242", "2017-06-30": "$265", "2017-03-31": "$222", "2016-12-31": "$220", "2016-09-30": "$222", "2016-06-30": "$263", "2016-03-31": "$226", "2015-12-31": "$356", "2015-09-30": "$271", "2015-06-30": "$348", "2015-03-31": "$353", "2014-12-31": "$394", "2014-09-30": "$313", "2014-06-30": "$307", "2014-03-31": "$282", "2013-12-31": "$247", "2013-09-30": "$285", "2013-06-30": "$212", "2013-03-31": "$170", "2012-12-31": "$350", "2012-09-30": "$244", "2012-06-30": "$271", "2012-03-31": "$251", "2011-12-31": "$292", "2011-09-30": "$256", "2011-06-30": "$254", "2011-03-31": "$276", "2010-12-31": "$224", "2010-09-30": "$250", "2010-06-30": "$228", "2010-03-31": "$320", "2009-12-31": "$561", "2009-09-30": "$534", "2009-06-30": "$263", "2009-03-31": "$229", "2008-12-31": "$281", "2008-09-30": "$229", "2008-06-30": "$329", "2008-03-31": "$279", "2007-12-31": "$314", "2007-09-30": "$346", "2007-06-30": "$307", "2007-03-31": "$289", "2006-12-31": "$492", "2006-09-30": "$256", "2006-06-30": "$390", "2006-03-31": "$280", "2005-12-31": "$332", "2005-09-30": "$281", "2005-06-30": "$337", "2005-03-31": "$347"}}, "long-term-debt": {"Webster Financial Annual Long Term Debt (Millions of US $)": {"2019": "$2,489", "2018": "$2,053", "2017": "$1,903", "2016": "$3,068", "2015": "$2,889", "2014": "$3,086", "2013": "$2,281", "2012": "$2,162", "2011": "$1,805", "2010": "$1,351", "2009": "$1,133", "2008": "$2,024", "2007": "$1,703", "2006": "$1,697", "2005": "$2,855"}, "Webster Financial Quarterly Long Term Debt (Millions of US $)": {"2020-09-30": "$1,002", "2020-06-30": "$1,093", "2020-03-31": "$2,345", "2019-12-31": "$2,489", "2019-09-30": "$1,942", "2019-06-30": "$1,965", "2019-03-31": "$1,476", "2018-12-31": "$2,053", "2018-09-30": "$1,668", "2018-06-30": "$1,803", "2018-03-31": "$1,428", "2017-12-31": "$1,903", "2017-09-30": "$1,733", "2017-06-30": "$1,993", "2017-03-31": "$2,148", "2016-12-31": "$3,068", "2016-09-30": "$2,813", "2016-06-30": "$2,688", "2016-03-31": "$2,588", "2015-12-31": "$2,889", "2015-09-30": "$2,836", "2015-06-30": "$2,736", "2015-03-31": "$1,811", "2014-12-31": "$3,086", "2014-09-30": "$2,516", "2014-06-30": "$2,444", "2014-03-31": "$2,580", "2013-12-31": "$2,281", "2013-09-30": "$1,832", "2013-06-30": "$1,857", "2013-03-31": "$2,133", "2012-12-31": "$2,162", "2012-09-30": "$1,788", "2012-06-30": "$2,002", "2012-03-31": "$1,827", "2011-12-31": "$1,805", "2011-09-30": "$1,315", "2011-06-30": "$970", "2011-03-31": "$974", "2010-12-31": "$1,351", "2010-09-30": "$1,058", "2010-06-30": "$1,216", "2010-03-31": "$1,163", "2009-12-31": "$1,133", "2009-09-30": "$1,253", "2009-06-30": "$1,254", "2009-03-31": "$1,333", "2008-12-31": "$2,024", "2008-09-30": "$2,013", "2008-06-30": "$2,074", "2008-03-31": "$1,536", "2007-12-31": "$1,703", "2007-09-30": "$1,295", "2007-06-30": "$1,188", "2007-03-31": "$1,279", "2006-12-31": "$1,697", "2006-09-30": "$2,503", "2006-06-30": "$2,426", "2006-03-31": "$3,015", "2005-12-31": "$2,855", "2005-09-30": "$2,739", "2005-06-30": "$2,801", "2005-03-31": "$2,994"}}, "total-liabilities": {"Webster Financial Annual Total Liabilities (Millions of US $)": {"2019": "$27,182", "2018": "$24,724", "2017": "$23,786", "2016": "$23,546", "2015": "$22,227", "2014": "$20,210", "2013": "$18,644", "2012": "$18,053", "2011": "$16,869", "2010": "$16,255", "2009": "$15,781", "2008": "$15,700", "2007": "$15,465", "2006": "$15,223", "2005": "$16,189"}, "Webster Financial Quarterly Total Liabilities (Millions of US $)": {"2020-09-30": "$29,775", "2020-06-30": "$29,534", "2020-03-31": "$28,565", "2019-12-31": "$27,182", "2019-09-30": "$26,743", "2019-06-30": "$25,877", "2019-03-31": "$25,272", "2018-12-31": "$24,724", "2018-09-30": "$24,530", "2018-06-30": "$24,275", "2018-03-31": "$24,036", "2017-12-31": "$23,786", "2017-09-30": "$23,711", "2017-06-30": "$23,570", "2017-03-31": "$23,443", "2016-12-31": "$23,546", "2016-09-30": "$23,122", "2016-06-30": "$22,644", "2016-03-31": "$22,498", "2015-12-31": "$22,227", "2015-09-30": "$21,667", "2015-06-30": "$21,241", "2015-03-31": "$20,751", "2014-12-31": "$20,210", "2014-09-30": "$19,516", "2014-06-30": "$19,240", "2014-03-31": "$18,936", "2013-12-31": "$18,644", "2013-09-30": "$18,442", "2013-06-30": "$18,202", "2013-03-31": "$17,982", "2012-12-31": "$18,053", "2012-09-30": "$17,746", "2012-06-30": "$17,498", "2012-03-31": "$17,239", "2011-12-31": "$16,869", "2011-09-30": "$16,378", "2011-06-30": "$15,964", "2011-03-31": "$16,140", "2010-12-31": "$16,255", "2010-09-30": "$15,894", "2010-06-30": "$15,859", "2010-03-31": "$16,169", "2009-12-31": "$15,781", "2009-09-30": "$15,911", "2009-06-30": "$15,601", "2009-03-31": "$15,392", "2008-12-31": "$15,700", "2008-09-30": "$15,699", "2008-06-30": "$15,587", "2008-03-31": "$15,527", "2007-12-31": "$15,465", "2007-09-30": "$15,040", "2007-06-30": "$15,110", "2007-03-31": "$14,974", "2006-12-31": "$15,223", "2006-09-30": "$16,456", "2006-06-30": "$16,377", "2006-03-31": "$16,266", "2005-12-31": "$16,189", "2005-09-30": "$16,171", "2005-06-30": "$15,861", "2005-03-31": "$15,849"}}, "total-share-holder-equity": {"Webster Financial Annual Share Holder Equity (Millions of US $)": {"2019": "$3,208", "2018": "$2,887", "2017": "$2,702", "2016": "$2,527", "2015": "$2,414", "2014": "$2,323", "2013": "$2,209", "2012": "$2,094", "2011": "$1,846", "2010": "$1,779", "2009": "$1,958", "2008": "$1,884", "2007": "$1,737", "2006": "$1,874", "2005": "$1,647"}, "Webster Financial Quarterly Share Holder Equity (Millions of US $)": {"2020-09-30": "$3,220", "2020-06-30": "$3,175", "2020-03-31": "$3,090", "2019-12-31": "$3,208", "2019-09-30": "$3,152", "2019-06-30": "$3,065", "2019-03-31": "$2,966", "2018-12-31": "$2,887", "2018-09-30": "$2,816", "2018-06-30": "$2,762", "2018-03-31": "$2,716", "2017-12-31": "$2,702", "2017-09-30": "$2,639", "2017-06-30": "$2,605", "2017-03-31": "$2,560", "2016-12-31": "$2,527", "2016-09-30": "$2,512", "2016-06-30": "$2,477", "2016-03-31": "$2,438", "2015-12-31": "$2,414", "2015-09-30": "$2,403", "2015-06-30": "$2,380", "2015-03-31": "$2,356", "2014-12-31": "$2,323", "2014-09-30": "$2,311", "2014-06-30": "$2,284", "2014-03-31": "$2,240", "2013-12-31": "$2,209", "2013-09-30": "$2,168", "2013-06-30": "$2,127", "2013-03-31": "$2,128", "2012-12-31": "$2,094", "2012-09-30": "$1,984", "2012-06-30": "$1,932", "2012-03-31": "$1,895", "2011-12-31": "$1,846", "2011-09-30": "$1,850", "2011-06-30": "$1,843", "2011-03-31": "$1,825", "2010-12-31": "$1,779", "2010-09-30": "$1,906", "2010-06-30": "$1,884", "2010-03-31": "$1,856", "2009-12-31": "$1,958", "2009-09-30": "$1,897", "2009-06-30": "$1,851", "2009-03-31": "$1,865", "2008-12-31": "$1,884", "2008-09-30": "$1,817", "2008-06-30": "$1,892", "2008-03-31": "$1,717", "2007-12-31": "$1,737", "2007-09-30": "$1,805", "2007-06-30": "$1,838", "2007-03-31": "$1,905", "2006-12-31": "$1,874", "2006-09-30": "$1,683", "2006-06-30": "$1,645", "2006-03-31": "$1,641", "2005-12-31": "$1,647", "2005-09-30": "$1,636", "2005-06-30": "$1,611", "2005-03-31": "$1,564"}}, "profit-margins": {"current": "17.14%"}, "gross margin": {"2020-12-31": "91.38%", "2020-09-30": "89.22%", "2020-06-30": "87.15%", "2020-03-31": "86.11%", "2019-12-31": "86.11%", "2019-09-30": "86.61%", "2019-06-30": "87.52%", "2019-03-31": "88.18%", "2018-12-31": "88.80%", "2018-09-30": "89.36%", "2018-06-30": "89.62%", "2018-03-31": "89.88%", "2017-12-31": "90.03%", "2017-09-30": "90.29%", "2017-06-30": "90.51%", "2017-03-31": "90.59%", "2016-12-31": "90.52%", "2016-09-30": "90.40%", "2016-06-30": "90.33%", "2016-03-31": "90.41%", "2015-12-31": "90.48%", "2015-09-30": "90.39%", "2015-06-30": "90.27%", "2015-03-31": "90.16%", "2014-12-31": "90.02%", "2014-09-30": "90.04%", "2014-06-30": "90.01%", "2014-03-31": "89.86%", "2013-12-31": "89.64%", "2013-09-30": "89.24%", "2013-06-30": "88.60%", "2013-03-31": "87.81%", "2012-12-31": "87.02%", "2012-09-30": "86.19%", "2012-06-30": "85.58%", "2012-03-31": "85.01%", "2011-12-31": "84.47%", "2011-09-30": "83.85%", "2011-06-30": "82.92%", "2011-03-31": "82.12%", "2010-12-31": "81.01%", "2010-09-30": "79.91%", "2010-06-30": "78.30%", "2010-03-31": "75.38%", "2009-12-31": "73.04%", "2009-09-30": "65.53%", "2009-06-30": "62.29%", "2009-03-31": "59.11%", "2008-12-31": "56.84%", "2008-09-30": "60.24%", "2008-06-30": "59.23%", "2008-03-31": "59.90%", "2007-12-31": "59.27%", "2007-09-30": "57.61%", "2007-06-30": "55.15%", "2007-03-31": "54.93%", "2006-12-31": "55.80%", "2006-09-30": "57.42%", "2006-06-30": "61.86%", "2006-03-31": "64.10%", "2005-12-31": "66.22%"}, "operating margin": {"2020-12-31": "21.76%", "2020-09-30": "24.19%", "2020-06-30": "25.56%", "2020-03-31": "28.54%", "2019-12-31": "33.75%", "2019-09-30": "34.42%", "2019-06-30": "34.56%", "2019-03-31": "33.87%", "2018-12-31": "32.94%", "2018-09-30": "31.24%", "2018-06-30": "30.89%", "2018-03-31": "30.95%", "2017-12-31": "30.18%", "2017-09-30": "30.27%", "2017-06-30": "29.26%", "2017-03-31": "28.42%", "2016-12-31": "27.87%", "2016-09-30": "27.85%", "2016-06-30": "28.35%", "2016-03-31": "28.67%", "2015-12-31": "29.76%", "2015-09-30": "30.37%", "2015-06-30": "30.86%", "2015-03-31": "31.44%", "2014-12-31": "31.67%", "2014-09-30": "30.97%", "2014-06-30": "30.42%", "2014-03-31": "30.07%", "2013-12-31": "29.16%", "2013-09-30": "29.67%", "2013-06-30": "29.46%", "2013-03-31": "28.67%", "2012-12-31": "28.10%", "2012-09-30": "26.71%", "2012-06-30": "26.09%", "2012-03-31": "24.94%", "2011-12-31": "23.63%", "2011-09-30": "21.62%", "2011-06-30": "17.99%", "2011-03-31": "14.02%", "2010-12-31": "9.22%", "2010-09-30": "3.24%", "2010-06-30": "-4.08%", "2010-03-31": "-12.75%", "2009-12-31": "-13.96%", "2009-09-30": "-58.47%", "2009-06-30": "-55.35%", "2009-03-31": "-54.15%", "2008-12-31": "-45.66%", "2008-09-30": "-0.89%", "2008-06-30": "5.26%", "2008-03-31": "12.86%", "2007-12-31": "13.52%", "2007-09-30": "17.94%", "2007-06-30": "15.10%", "2007-03-31": "16.04%", "2006-12-31": "17.18%", "2006-09-30": "17.26%", "2006-06-30": "22.39%", "2006-03-31": "23.88%", "2005-12-31": "25.48%"}, "ebitda margin": {"2020-09-30": "0.00%", "2020-06-30": "0.00%", "2020-03-31": "0.00%", "2019-12-31": "0.00%", "2019-09-30": "0.00%", "2019-06-30": "0.00%", "2019-03-31": "0.00%", "2018-12-31": "0.00%", "2018-09-30": "0.00%", "2018-06-30": "0.00%", "2018-03-31": "0.00%", "2017-12-31": "0.00%", "2017-09-30": "0.00%", "2017-06-30": "0.00%", "2017-03-31": "0.00%", "2016-12-31": "0.00%", "2016-09-30": "0.00%", "2016-06-30": "0.00%", "2016-03-31": "0.00%", "2015-12-31": "0.00%", "2015-09-30": "0.00%", "2015-06-30": "0.00%", "2015-03-31": "0.00%", "2014-12-31": "0.00%", "2014-09-30": "0.00%", "2014-06-30": "0.00%", "2014-03-31": "0.00%", "2013-12-31": "0.00%", "2013-09-30": "0.00%", "2013-06-30": "0.00%", "2013-03-31": "0.00%", "2012-12-31": "0.00%", "2012-09-30": "0.00%", "2012-06-30": "0.00%", "2012-03-31": "0.00%", "2011-12-31": "0.00%", "2011-09-30": "0.00%", "2011-06-30": "0.00%", "2011-03-31": "0.00%", "2010-12-31": "0.00%", "2010-09-30": "0.00%", "2010-06-30": "0.00%", "2010-03-31": "0.00%", "2009-12-31": "0.00%", "2009-09-30": "0.00%", "2009-06-30": "0.00%", "2009-03-31": "0.00%", "2008-12-31": "0.00%", "2008-09-30": "0.00%", "2008-06-30": "0.00%", "2008-03-31": "0.00%", "2007-12-31": "0.00%", "2007-09-30": "0.00%", "2007-06-30": "0.00%", "2007-03-31": "0.00%", "2006-12-31": "0.00%", "2006-09-30": "0.00%", "2006-06-30": "0.00%", "2006-03-31": "0.00%", "2005-12-31": "0.00%"}, "pre tax profit margin": {"2020-12-31": "21.76%", "2020-09-30": "24.19%", "2020-06-30": "25.56%", "2020-03-31": "28.54%", "2019-12-31": "33.75%", "2019-09-30": "34.42%", "2019-06-30": "34.56%", "2019-03-31": "33.87%", "2018-12-31": "32.94%", "2018-09-30": "31.24%", "2018-06-30": "30.89%", "2018-03-31": "30.95%", "2017-12-31": "30.18%", "2017-09-30": "30.27%", "2017-06-30": "29.26%", "2017-03-31": "28.42%", "2016-12-31": "27.87%", "2016-09-30": "27.85%", "2016-06-30": "28.35%", "2016-03-31": "28.67%", "2015-12-31": "29.76%", "2015-09-30": "30.37%", "2015-06-30": "30.86%", "2015-03-31": "31.44%", "2014-12-31": "31.67%", "2014-09-30": "30.97%", "2014-06-30": "30.42%", "2014-03-31": "30.07%", "2013-12-31": "29.16%", "2013-09-30": "29.67%", "2013-06-30": "29.46%", "2013-03-31": "28.67%", "2012-12-31": "28.10%", "2012-09-30": "26.71%", "2012-06-30": "26.09%", "2012-03-31": "24.94%", "2011-12-31": "23.63%", "2011-09-30": "21.62%", "2011-06-30": "17.99%", "2011-03-31": "14.02%", "2010-12-31": "9.22%", "2010-09-30": "3.24%", "2010-06-30": "-4.08%", "2010-03-31": "-12.75%", "2009-12-31": "-13.96%", "2009-09-30": "-58.10%", "2009-06-30": "-55.23%", "2009-03-31": "-54.15%", "2008-12-31": "-45.66%", "2008-09-30": "-1.38%", "2008-06-30": "4.98%", "2008-03-31": "12.69%", "2007-12-31": "13.36%", "2007-09-30": "17.68%", "2007-06-30": "14.75%", "2007-03-31": "15.69%", "2006-12-31": "16.83%", "2006-09-30": "17.80%", "2006-06-30": "22.83%", "2006-03-31": "24.06%", "2005-12-31": "25.57%"}, "net profit margin": {"2020-12-31": "16.47%", "2020-09-30": "18.24%", "2020-06-30": "19.32%", "2020-03-31": "21.70%", "2019-12-31": "25.90%", "2019-09-30": "26.51%", "2019-06-30": "27.36%", "2019-03-31": "26.90%", "2018-12-31": "26.21%", "2018-09-30": "25.02%", "2018-06-30": "23.09%", "2018-03-31": "22.16%", "2017-12-31": "20.97%", "2017-09-30": "20.21%", "2017-06-30": "19.59%", "2017-03-31": "19.00%", "2016-12-31": "18.22%", "2016-09-30": "18.06%", "2016-06-30": "18.30%", "2016-03-31": "18.88%", "2015-12-31": "19.54%", "2015-09-30": "19.84%", "2015-06-30": "20.19%", "2015-03-31": "20.11%", "2014-12-31": "20.50%", "2014-09-30": "20.13%", "2014-06-30": "20.09%", "2014-03-31": "20.05%", "2013-12-31": "19.25%", "2013-09-30": "19.93%", "2013-06-30": "19.75%", "2013-03-31": "19.41%", "2012-12-31": "19.30%", "2012-09-30": "18.61%", "2012-06-30": "18.31%", "2012-03-31": "17.39%", "2011-12-31": "16.89%", "2011-09-30": "14.90%", "2011-06-30": "12.22%", "2011-03-31": "9.71%", "2010-12-31": "5.27%", "2010-09-30": "-3.35%", "2010-06-30": "-8.06%", "2010-03-31": "-7.80%", "2009-12-31": "-9.34%", "2009-09-30": "-41.29%", "2009-06-30": "-40.75%", "2009-03-31": "-47.21%", "2008-12-31": "-39.83%", "2008-09-30": "-3.56%", "2008-06-30": "1.94%", "2008-03-31": "7.19%", "2007-12-31": "8.01%", "2007-09-30": "12.10%", "2007-06-30": "10.21%", "2007-03-31": "10.90%", "2006-12-31": "11.68%", "2006-09-30": "12.61%", "2006-06-30": "15.84%", "2006-03-31": "16.71%", "2005-12-31": "17.65%"}, "pe ratio": {"current": "18.11", "2021-02-05": "29.02", "2020-12-31": "24.65", "2020-09-30": "9.79", "2020-06-30": "9.55", "2020-03-31": "6.46", "2019-12-31": "12.48", "2019-09-30": "10.63", "2019-06-30": "10.60", "2019-03-31": "11.77", "2018-12-31": "12.01", "2018-09-30": "15.59", "2018-06-30": "18.86", "2018-03-31": "17.55", "2017-12-31": "19.24", "2017-09-30": "18.84", "2017-06-30": "19.63", "2017-03-31": "19.62", "2016-12-31": "22.25", "2016-09-30": "15.85", "2016-06-30": "14.06", "2016-03-31": "14.62", "2015-12-31": "14.97", "2015-09-30": "14.39", "2015-06-30": "15.96", "2015-03-31": "15.21", "2014-12-31": "13.21", "2014-09-30": "12.23", "2014-06-30": "13.41", "2014-03-31": "13.25", "2013-12-31": "13.88", "2013-09-30": "10.89", "2013-06-30": "10.95", "2013-03-31": "10.50", "2012-12-31": "8.95", "2012-09-30": "10.79", "2012-06-30": "9.98", "2012-03-31": "10.90", "2011-12-31": "10.15", "2011-09-30": "8.27", "2011-06-30": "13.43", "2011-03-31": "16.45", "2010-12-31": "26.39", "2010-09-30": "0.00", "2010-06-30": "0.00", "2010-03-31": "0.00", "2009-12-31": "0.00", "2009-09-30": "0.00", "2009-06-30": "0.00", "2009-03-31": "0.00", "2008-12-31": "0.00", "2008-09-30": "0.00", "2008-06-30": "36.19", "2008-03-31": "13.24", "2007-12-31": "13.74", "2007-09-30": "12.13", "2007-06-30": "14.95", "2007-03-31": "15.38", "2006-12-31": "14.27"}, "price sales": {"2021-02-05": "3.47", "2020-12-31": "2.95", "2020-09-30": "1.78", "2020-06-30": "1.85", "2020-03-31": "1.41", "2019-12-31": "3.24", "2019-09-30": "2.83", "2019-06-30": "2.91", "2019-03-31": "3.17", "2018-12-31": "3.16", "2018-09-30": "3.91", "2018-06-30": "4.36", "2018-03-31": "3.89", "2017-12-31": "4.03", "2017-09-30": "3.82", "2017-06-30": "3.85", "2017-03-31": "3.74", "2016-12-31": "4.10", "2016-09-30": "2.92", "2016-06-30": "2.63", "2016-03-31": "2.82", "2015-12-31": "2.96", "2015-09-30": "2.87", "2015-06-30": "3.23", "2015-03-31": "3.07", "2014-12-31": "2.72", "2014-09-30": "2.46", "2014-06-30": "2.68", "2014-03-31": "2.63", "2013-12-31": "2.65", "2013-09-30": "2.15", "2013-06-30": "2.15", "2013-03-31": "2.03", "2012-12-31": "1.72", "2012-09-30": "2.00", "2012-06-30": "1.82", "2012-03-31": "1.90", "2011-12-31": "1.70", "2011-09-30": "1.23", "2011-06-30": "1.64", "2011-03-31": "1.58", "2010-12-31": "1.39", "2010-09-30": "1.14", "2010-06-30": "1.10", "2010-03-31": "1.00", "2009-12-31": "0.60", "2009-09-30": "0.69", "2009-06-30": "0.41", "2009-03-31": "0.22", "2008-12-31": "0.67", "2008-09-30": "1.02", "2008-06-30": "0.70", "2008-03-31": "0.97", "2007-12-31": "1.10", "2007-09-30": "1.45", "2007-06-30": "1.50", "2007-03-31": "1.65", "2006-12-31": "1.64"}, "price book": {"current": "1.45", "2021-02-05": "1.39", "2020-09-30": "0.73", "2020-06-30": "0.79", "2020-03-31": "0.64", "2019-12-31": "1.46", "2019-09-30": "1.29", "2019-06-30": "1.34", "2019-03-31": "1.47", "2018-12-31": "1.46", "2018-09-30": "1.78", "2018-06-30": "1.95", "2018-03-31": "1.72", "2017-12-31": "1.74", "2017-09-30": "1.66", "2017-06-30": "1.66", "2017-03-31": "1.61", "2016-12-31": "1.76", "2016-09-30": "1.23", "2016-06-30": "1.11", "2016-03-31": "1.18", "2015-12-31": "1.23", "2015-09-30": "1.17", "2015-06-30": "1.31", "2015-03-31": "1.22", "2014-12-31": "1.07", "2014-09-30": "0.96", "2014-06-30": "1.04", "2014-03-31": "1.04", "2013-12-31": "1.05", "2013-09-30": "0.87", "2013-06-30": "0.89", "2013-03-31": "0.83", "2012-12-31": "0.68", "2012-09-30": "0.84", "2012-06-30": "0.79", "2012-03-31": "0.83", "2011-12-31": "0.77", "2011-09-30": "0.57", "2011-06-30": "0.79", "2011-03-31": "0.81", "2010-12-31": "0.76", "2010-09-30": "0.57", "2010-06-30": "0.59", "2010-03-31": "0.58", "2009-12-31": "0.37", "2009-09-30": "0.35", "2009-06-30": "0.22", "2009-03-31": "0.09", "2008-12-31": "0.30", "2008-09-30": "0.56", "2008-06-30": "0.39", "2008-03-31": "0.64", "2007-12-31": "0.72", "2007-09-30": "0.92", "2007-06-30": "0.93", "2007-03-31": "1.04", "2006-12-31": "0.98", "2006-09-30": "1.05", "2006-06-30": "1.08", "2006-03-31": "1.10"}, "price fcf": {"2021-02-05": "", "2020-09-30": "$3.44", "2020-06-30": "$2.43", "2020-03-31": "$1.91", "2019-12-31": "$3.03", "2019-09-30": "$0.86", "2019-06-30": "$3.15", "2019-03-31": "$3.75", "2018-12-31": "$4.74", "2018-09-30": "$6.54", "2018-06-30": "$5.33", "2018-03-31": "$4.46", "2017-12-31": "$4.55", "2017-09-30": "$5.30", "2017-06-30": "$4.88", "2017-03-31": "$5.37", "2016-12-31": "$3.91", "2016-09-30": "$2.94", "2016-06-30": "$2.77", "2016-03-31": "$2.63", "2015-12-31": "$2.92", "2015-09-30": "$2.10", "2015-06-30": "$2.41", "2015-03-31": "$2.09", "2014-12-31": "$2.39", "2014-09-30": "$2.86", "2014-06-30": "$3.21", "2014-03-31": "$4.81", "2013-12-31": "$4.91", "2013-09-30": "$4.71", "2013-06-30": "$4.30", "2013-03-31": "$2.94", "2012-12-31": "$2.58", "2012-09-30": "$1.94", "2012-06-30": "$1.75", "2012-03-31": "$1.89", "2011-12-31": "$2.63", "2011-09-30": "$3.14", "2011-06-30": "$3.60", "2011-03-31": "$6.41", "2010-12-31": "$3.88", "2010-09-30": "$3.30", "2010-06-30": "$4.06", "2010-03-31": "$-0.33", "2009-12-31": "$1.29", "2009-09-30": "$2.44", "2009-06-30": "$2.16", "2009-03-31": "$4.04", "2008-12-31": "$8.70", "2008-09-30": "$7.86", "2008-06-30": "$10.28", "2008-03-31": "$10.35", "2007-12-31": "$4.92", "2007-09-30": "$4.95", "2007-06-30": "$0.78", "2007-03-31": "$-0.13", "2006-12-31": "$2.27"}, "net worth": {"value": "$4.48B"}, "current ratio": {"2020-12-31": "0.77", "2020-09-30": "0.78", "2020-06-30": "0.80", "2020-03-31": "0.83", "2019-12-31": "0.84", "2019-09-30": "0.81", "2019-06-30": "0.83", "2019-03-31": "0.81", "2018-12-31": "0.83", "2018-09-30": "0.82", "2018-06-30": "0.82", "2018-03-31": "0.80", "2017-12-31": "0.82", "2017-09-30": "0.81", "2017-06-30": "0.82", "2017-03-31": "0.82", "2016-12-31": "0.85", "2016-09-30": "0.84", "2016-06-30": "0.84", "2016-03-31": "0.82", "2015-12-31": "0.84", "2015-09-30": "0.83", "2015-06-30": "0.83", "2015-03-31": "0.78", "2014-12-31": "0.85", "2014-09-30": "0.82", "2014-06-30": "0.82", "2014-03-31": "0.82", "2013-12-31": "0.80", "2013-09-30": "0.78", "2013-06-30": "0.77", "2013-03-31": "0.78", "2012-12-31": "0.79", "2012-09-30": "0.76", "2012-06-30": "0.77", "2012-03-31": "0.76", "2011-12-31": "0.77", "2011-09-30": "0.75", "2011-06-30": "0.75", "2011-03-31": "0.74", "2010-12-31": "0.75", "2010-09-30": "0.75", "2010-06-30": "0.76", "2010-03-31": "0.76", "2009-12-31": "0.79", "2009-09-30": "0.81", "2009-06-30": "0.83", "2009-03-31": "0.88", "2008-12-31": "0.92", "2008-09-30": "0.95", "2008-06-30": "0.96", "2008-03-31": "0.92", "2007-12-31": "0.95", "2007-09-30": "0.94", "2007-06-30": "0.94", "2007-03-31": "0.95", "2006-12-31": "1.02", "2006-09-30": "0.97", "2006-06-30": "0.96", "2006-03-31": "0.98", "2005-12-31": "0.96", "2005-09-30": "0.94", "2005-06-30": "0.94", "2005-03-31": "0.96"}, "quick ratio": {"2020-12-31": "0.00", "2020-09-30": "0.00", "2020-06-30": "0.00", "2020-03-31": "0.00", "2019-12-31": "0.00", "2019-09-30": "0.00", "2019-06-30": "0.00", "2019-03-31": "0.00", "2018-12-31": "0.00", "2018-09-30": "0.00", "2018-06-30": "0.00", "2018-03-31": "0.00", "2017-12-31": "0.00", "2017-09-30": "0.00", "2017-06-30": "0.00", "2017-03-31": "0.00", "2016-12-31": "0.00", "2016-09-30": "0.00", "2016-06-30": "0.00", "2016-03-31": "0.00", "2015-12-31": "0.00", "2015-09-30": "0.00", "2015-06-30": "0.00", "2015-03-31": "0.00", "2014-12-31": "0.00", "2014-09-30": "0.00", "2014-06-30": "0.00", "2014-03-31": "0.00", "2013-12-31": "0.00", "2013-09-30": "0.00", "2013-06-30": "0.00", "2013-03-31": "0.00", "2012-12-31": "0.00", "2012-09-30": "0.00", "2012-06-30": "0.00", "2012-03-31": "0.00", "2011-12-31": "0.00", "2011-09-30": "0.00", "2011-06-30": "0.00", "2011-03-31": "0.00", "2010-12-31": "0.00", "2010-09-30": "0.00", "2010-06-30": "0.00", "2010-03-31": "0.00", "2009-12-31": "0.00", "2009-09-30": "0.00", "2009-06-30": "0.00", "2009-03-31": "0.00", "2008-12-31": "0.00", "2008-09-30": "0.00", "2008-06-30": "0.00", "2008-03-31": "0.00", "2007-12-31": "0.00", "2007-09-30": "0.00", "2007-06-30": "0.00", "2007-03-31": "0.00", "2006-12-31": "0.00", "2006-09-30": "0.00", "2006-06-30": "0.00", "2006-03-31": "0.00", "2005-12-31": "0.00", "2005-09-30": "0.00", "2005-06-30": "0.00", "2005-03-31": "0.00"}, "debt equity ratio": {"current": "0.23", "2020-12-31": "9.08", "2020-09-30": "9.25", "2020-06-30": "9.30", "2020-03-31": "9.24", "2019-12-31": "8.47", "2019-09-30": "8.48", "2019-06-30": "8.44", "2019-03-31": "8.52", "2018-12-31": "8.57", "2018-09-30": "8.71", "2018-06-30": "8.79", "2018-03-31": "8.85", "2017-12-31": "8.80", "2017-09-30": "8.99", "2017-06-30": "9.05", "2017-03-31": "9.16", "2016-12-31": "9.32", "2016-09-30": "9.21", "2016-06-30": "9.14", "2016-03-31": "9.23", "2015-12-31": "9.21", "2015-09-30": "9.02", "2015-06-30": "8.93", "2015-03-31": "8.81", "2014-12-31": "8.70", "2014-09-30": "8.45", "2014-06-30": "8.42", "2014-03-31": "8.46", "2013-12-31": "8.44", "2013-09-30": "8.51", "2013-06-30": "8.56", "2013-03-31": "8.45", "2012-12-31": "8.62", "2012-09-30": "8.95", "2012-06-30": "9.06", "2012-03-31": "9.10", "2011-12-31": "9.14", "2011-09-30": "8.85", "2011-06-30": "8.66", "2011-03-31": "8.85", "2010-12-31": "9.14", "2010-09-30": "8.34", "2010-06-30": "8.42", "2010-03-31": "8.71", "2009-12-31": "8.06", "2009-09-30": "8.39", "2009-06-30": "8.43", "2009-03-31": "8.25", "2008-12-31": "8.33", "2008-09-30": "8.64", "2008-06-30": "8.24", "2008-03-31": "9.05", "2007-12-31": "8.91", "2007-09-30": "8.33", "2007-06-30": "8.22", "2007-03-31": "7.86", "2006-12-31": "8.12", "2006-09-30": "9.78", "2006-06-30": "9.96", "2006-03-31": "9.91", "2005-12-31": "9.83", "2005-09-30": "9.89", "2005-06-30": "9.85", "2005-03-31": "10.14"}, "return on equity": {"2020-12-31": "6.67%", "2020-09-30": "7.63%", "2020-06-30": "8.43%", "2020-03-31": "9.94%", "2019-12-31": "12.04%", "2019-09-30": "12.66%", "2019-06-30": "13.23%", "2019-03-31": "12.98%", "2018-12-31": "12.56%", "2018-09-30": "11.71%", "2018-06-30": "10.61%", "2018-03-31": "10.02%", "2017-12-31": "9.37%", "2017-09-30": "9.02%", "2017-06-30": "8.66%", "2017-03-31": "8.34%", "2016-12-31": "7.96%", "2016-09-30": "7.80%", "2016-06-30": "7.85%", "2016-03-31": "8.01%", "2015-12-31": "8.16%", "2015-09-30": "8.20%", "2015-06-30": "8.24%", "2015-03-31": "8.11%", "2014-12-31": "8.26%", "2014-09-30": "8.05%", "2014-06-30": "8.04%", "2014-03-31": "8.14%", "2013-12-31": "7.83%", "2013-09-30": "8.27%", "2013-06-30": "8.40%", "2013-03-31": "8.45%", "2012-12-31": "8.65%", "2012-09-30": "8.52%", "2012-06-30": "8.51%", "2012-03-31": "8.18%", "2011-12-31": "8.04%", "2011-09-30": "7.18%", "2011-06-30": "5.88%", "2011-03-31": "4.76%", "2010-12-31": "2.59%", "2010-09-30": "-1.63%", "2010-06-30": "-3.95%", "2010-03-31": "-3.76%", "2009-12-31": "-4.60%", "2009-09-30": "-18.09%", "2009-06-30": "-18.07%", "2009-03-31": "-20.43%", "2008-12-31": "-18.33%", "2008-09-30": "-2.01%", "2008-06-30": "1.17%", "2008-03-31": "4.79%", "2007-12-31": "5.27%", "2007-09-30": "7.71%", "2007-06-30": "6.41%", "2007-03-31": "7.04%", "2006-12-31": "7.83%", "2006-09-30": "8.52%", "2006-06-30": "10.90%", "2006-03-31": "11.14%", "2005-12-31": "11.46%"}, "return on assets": {"2020-12-31": "0.65%", "2020-09-30": "0.76%", "2020-06-30": "0.85%", "2020-03-31": "1.03%", "2019-12-31": "1.27%", "2019-09-30": "1.33%", "2019-06-30": "1.38%", "2019-03-31": "1.35%", "2018-12-31": "1.29%", "2018-09-30": "1.20%", "2018-06-30": "1.08%", "2018-03-31": "1.01%", "2017-12-31": "0.94%", "2017-09-30": "0.89%", "2017-06-30": "0.85%", "2017-03-31": "0.82%", "2016-12-31": "0.78%", "2016-09-30": "0.77%", "2016-06-30": "0.77%", "2016-03-31": "0.79%", "2015-12-31": "0.82%", "2015-09-30": "0.83%", "2015-06-30": "0.85%", "2015-03-31": "0.85%", "2014-12-31": "0.87%", "2014-09-30": "0.85%", "2014-06-30": "0.85%", "2014-03-31": "0.86%", "2013-12-31": "0.83%", "2013-09-30": "0.87%", "2013-06-30": "0.87%", "2013-03-31": "0.87%", "2012-12-31": "0.87%", "2012-09-30": "0.85%", "2012-06-30": "0.85%", "2012-03-31": "0.82%", "2011-12-31": "0.81%", "2011-09-30": "0.73%", "2011-06-30": "0.60%", "2011-03-31": "0.49%", "2010-12-31": "0.27%", "2010-09-30": "-0.17%", "2010-06-30": "-0.42%", "2010-03-31": "-0.40%", "2009-12-31": "-0.50%", "2009-09-30": "-1.93%", "2009-06-30": "-1.92%", "2009-03-31": "-2.18%", "2008-12-31": "-1.92%", "2008-09-30": "-0.21%", "2008-06-30": "0.12%", "2008-03-31": "0.50%", "2007-12-31": "0.57%", "2007-09-30": "0.84%", "2007-06-30": "0.68%", "2007-03-31": "0.71%", "2006-12-31": "0.75%", "2006-09-30": "0.78%", "2006-06-30": "1.00%", "2006-03-31": "1.03%", "2005-12-31": "1.05%"}, "return on investments": {"2020-12-31": "6.27%", "2020-09-30": "6.54%", "2020-06-30": "6.87%", "2020-03-31": "7.70%", "2019-12-31": "9.59%", "2019-09-30": "10.17%", "2019-06-30": "10.37%", "2019-03-31": "10.14%", "2018-12-31": "9.73%", "2018-09-30": "9.03%", "2018-06-30": "8.68%", "2018-03-31": "8.42%", "2017-12-31": "7.74%", "2017-09-30": "7.24%", "2017-06-30": "6.53%", "2017-03-31": "6.04%", "2016-12-31": "5.74%", "2016-09-30": "5.69%", "2016-06-30": "5.71%", "2016-03-31": "5.67%", "2015-12-31": "5.99%", "2015-09-30": "5.96%", "2015-06-30": "6.05%", "2015-03-31": "6.15%", "2014-12-31": "5.90%", "2014-09-30": "5.94%", "2014-06-30": "6.01%", "2014-03-31": "6.18%", "2013-12-31": "6.12%", "2013-09-30": "6.35%", "2013-06-30": "6.42%", "2013-03-31": "6.26%", "2012-12-31": "6.35%", "2012-09-30": "6.21%", "2012-06-30": "6.30%", "2012-03-31": "6.53%", "2011-12-31": "6.66%", "2011-09-30": "6.38%", "2011-06-30": "5.43%", "2011-03-31": "4.24%", "2010-12-31": "2.75%", "2010-09-30": "0.99%", "2010-06-30": "-1.23%", "2010-03-31": "-3.75%", "2009-12-31": "-4.15%", "2009-09-30": "-14.37%", "2009-06-30": "-12.96%", "2009-03-31": "-11.73%", "2008-12-31": "-10.27%", "2008-09-30": "-0.25%", "2008-06-30": "1.66%", "2008-03-31": "4.74%", "2007-12-31": "5.08%", "2007-09-30": "6.58%", "2007-06-30": "4.95%", "2007-03-31": "4.90%", "2006-12-31": "4.78%", "2006-09-30": "4.43%", "2006-06-30": "5.75%", "2006-03-31": "5.80%", "2005-12-31": "5.98%"}, "return on tangible equity": {"2020-09-30": "9.26%", "2020-06-30": "10.25%", "2020-03-31": "12.11%", "2019-12-31": "14.71%", "2019-09-30": "15.56%", "2019-06-30": "16.37%", "2019-03-31": "16.18%", "2018-12-31": "15.74%", "2018-09-30": "14.75%", "2018-06-30": "13.43%", "2018-03-31": "12.73%", "2017-12-31": "11.96%", "2017-09-30": "11.58%", "2017-06-30": "11.16%", "2017-03-31": "10.79%", "2016-12-31": "10.34%", "2016-09-30": "10.19%", "2016-06-30": "10.29%", "2016-03-31": "10.55%", "2015-12-31": "10.79%", "2015-09-30": "10.80%", "2015-06-30": "10.81%", "2015-03-31": "10.60%", "2014-12-31": "10.76%", "2014-09-30": "10.54%", "2014-06-30": "10.59%", "2014-03-31": "10.79%", "2013-12-31": "10.43%", "2013-09-30": "11.06%", "2013-06-30": "11.34%", "2013-03-31": "11.52%", "2012-12-31": "11.93%", "2012-09-30": "11.89%", "2012-06-30": "11.98%", "2012-03-31": "11.59%", "2011-12-31": "11.45%", "2011-09-30": "10.27%", "2011-06-30": "8.39%", "2011-03-31": "6.79%", "2010-12-31": "3.68%", "2010-09-30": "-2.30%", "2010-06-30": "-5.59%", "2010-03-31": "-5.33%", "2009-12-31": "-6.53%", "2009-09-30": "-25.82%", "2009-06-30": "-26.93%", "2009-03-31": "-31.61%", "2008-12-31": "-29.99%", "2008-09-30": "-3.50%", "2008-06-30": "2.08%", "2008-03-31": "8.66%", "2007-12-31": "9.46%", "2007-09-30": "13.66%", "2007-06-30": "11.17%", "2007-03-31": "12.14%", "2006-12-31": "13.47%", "2006-09-30": "14.72%", "2006-06-30": "18.98%", "2006-03-31": "19.54%", "2005-12-31": "20.37%"}, "dividend yield history": {"last payout": "$1.60", "last yield": "3.22%"}}