{"ticker": "WEC", "price": {"title": "WEC Energy Historical Annual Stock Price Data", "value": 86.82, "historical": {"2021": {"Average Stock Price": "88.3388", "Year Open": "90.3800", "Year High": "91.2300", "Year Low": "85.2700", "Year Close": "86.8200", "Annual % Change": "-5.66%"}, "2020": {"Average Stock Price": "94.2173", "Year Open": "90.6700", "Year High": "104.8500", "Year Low": "70.8900", "Year Close": "92.0300", "Annual % Change": "-0.22%"}, "2019": {"Average Stock Price": "84.0462", "Year Open": "67.5800", "Year High": "97.7300", "Year Low": "67.5800", "Year Close": "92.2300", "Annual % Change": "33.16%"}, "2018": {"Average Stock Price": "65.2795", "Year Open": "65.7700", "Year High": "74.9600", "Year Low": "58.6000", "Year Close": "69.2600", "Annual % Change": "4.26%"}, "2017": {"Average Stock Price": "62.9181", "Year Open": "58.4900", "Year High": "69.5300", "Year Low": "57.0300", "Year Close": "66.4300", "Annual % Change": "13.27%"}, "2016": {"Average Stock Price": "59.0225", "Year Open": "51.3200", "Year High": "65.8200", "Year Low": "51.3200", "Year Close": "58.6500", "Annual % Change": "14.31%"}, "2015": {"Average Stock Price": "49.9784", "Year Open": "53.1900", "Year High": "57.4700", "Year Low": "44.9700", "Year Close": "51.3100", "Annual % Change": "-2.71%"}, "2014": {"Average Stock Price": "45.7787", "Year Open": "40.7300", "Year High": "55.2300", "Year Low": "40.3100", "Year Close": "52.7400", "Annual % Change": "27.58%"}, "2013": {"Average Stock Price": "41.3817", "Year Open": "37.6600", "Year High": "44.9400", "Year Low": "37.1400", "Year Close": "41.3400", "Annual % Change": "12.18%"}, "2012": {"Average Stock Price": "37.0322", "Year Open": "34.5500", "Year High": "41.2800", "Year Low": "33.9200", "Year Close": "36.8500", "Annual % Change": "5.41%"}, "2011": {"Average Stock Price": "31.0561", "Year Open": "29.4000", "Year High": "35.2900", "Year Low": "27.9400", "Year Close": "34.9600", "Annual % Change": "18.79%"}, "2010": {"Average Stock Price": "26.8882", "Year Open": "24.8650", "Year High": "30.2450", "Year Low": "23.8300", "Year Close": "29.4300", "Annual % Change": "18.12%"}, "2009": {"Average Stock Price": "21.3922", "Year Open": "21.2700", "Year High": "25.2100", "Year Low": "18.2750", "Year Close": "24.9150", "Annual % Change": "18.70%"}, "2008": {"Average Stock Price": "22.3549", "Year Open": "23.9000", "Year High": "24.5200", "Year Low": "18.8000", "Year Close": "20.9900", "Annual % Change": "-13.82%"}, "2007": {"Average Stock Price": "23.3868", "Year Open": "23.9650", "Year High": "25.0000", "Year Low": "20.9100", "Year Close": "24.3550", "Annual % Change": "2.63%"}, "2006": {"Average Stock Price": "21.0309", "Year Open": "19.9500", "Year High": "24.2850", "Year Low": "19.2000", "Year Close": "23.7300", "Annual % Change": "21.51%"}, "2005": {"Average Stock Price": "18.5278", "Year Open": "16.8550", "Year High": "20.2050", "Year Low": "16.7250", "Year Close": "19.5300", "Annual % Change": "15.87%"}, "2004": {"Average Stock Price": "16.1927", "Year Open": "16.7250", "Year High": "17.2450", "Year Low": "14.8250", "Year Close": "16.8550", "Annual % Change": "0.78%"}, "2003": {"Average Stock Price": "14.0349", "Year Open": "12.8250", "Year High": "16.7300", "Year Low": "11.3350", "Year Close": "16.7250", "Annual % Change": "32.74%"}, "2002": {"Average Stock Price": "12.1351", "Year Open": "11.4450", "Year High": "13.1800", "Year Low": "10.3750", "Year Close": "12.6000", "Annual % Change": "11.70%"}, "2001": {"Average Stock Price": "11.0782", "Year Open": "11.0000", "Year High": "12.1850", "Year Low": "9.7200", "Year Close": "11.2800", "Annual % Change": "0.00%"}, "2000": {"Average Stock Price": "10.0679", "Year Open": "9.5300", "Year High": "11.5000", "Year Low": "8.4050", "Year Close": "11.2800", "Annual % Change": "17.19%"}, "1999": {"Average Stock Price": "12.4678", "Year Open": "15.6250", "Year High": "15.6250", "Year Low": "9.6250", "Year Close": "9.6250", "Annual % Change": "-38.77%"}, "1998": {"Average Stock Price": "14.8699", "Year Open": "14.2500", "Year High": "16.8150", "Year Low": "13.5300", "Year Close": "15.7200", "Annual % Change": "9.36%"}, "1997": {"Average Stock Price": "12.7731", "Year Open": "13.3750", "Year High": "14.5300", "Year Low": "11.6250", "Year Close": "14.3750", "Annual % Change": "6.96%"}, "1996": {"Average Stock Price": "14.0285", "Year Open": "15.3100", "Year High": "15.8750", "Year Low": "13.1250", "Year Close": "13.4400", "Annual % Change": "-12.24%"}, "1995": {"Average Stock Price": "13.9197", "Year Open": "13.0000", "Year High": "15.3150", "Year Low": "13.0000", "Year Close": "15.3150", "Annual % Change": "18.35%"}, "1994": {"Average Stock Price": "12.6867", "Year Open": "13.6900", "Year High": "13.6900", "Year Low": "11.6900", "Year Close": "12.9400", "Annual % Change": "-5.89%"}, "1993": {"Average Stock Price": "13.7637", "Year Open": "13.0000", "Year High": "14.6900", "Year Low": "12.4400", "Year Close": "13.7500", "Annual % Change": "3.77%"}, "1992": {"Average Stock Price": "13.0142", "Year Open": "13.0000", "Year High": "14.1250", "Year Low": "12.0833", "Year Close": "13.2500", "Annual % Change": "1.27%"}, "1991": {"Average Stock Price": "11.3507", "Year Open": "10.5433", "Year High": "13.2067", "Year Low": "10.0000", "Year Close": "13.0833", "Annual % Change": "24.09%"}, "1990": {"Average Stock Price": "9.7427", "Year Open": "10.6667", "Year High": "10.7500", "Year Low": "9.0000", "Year Close": "10.5433", "Annual % Change": "-1.16%"}, "1989": {"Average Stock Price": "9.4135", "Year Open": "9.0433", "Year High": "10.7067", "Year Low": "8.4567", "Year Close": "10.6667", "Annual % Change": "18.52%"}, "1988": {"Average Stock Price": "8.6371", "Year Open": "7.6267", "Year High": "9.2933", "Year Low": "7.6267", "Year Close": "9.0000", "Annual % Change": "20.00%"}, "1987": {"Average Stock Price": "8.2791", "Year Open": "8.8750", "Year High": "9.6250", "Year Low": "7.2500", "Year Close": "7.5000", "Annual % Change": "-14.48%"}, "1986": {"Average Stock Price": "8.6416", "Year Open": "6.6867", "Year High": "10.6667", "Year Low": "6.3950", "Year Close": "8.7700", "Annual % Change": "32.38%"}, "1985": {"Average Stock Price": "5.8914", "Year Open": "5.2083", "Year High": "6.7083", "Year Low": "5.1667", "Year Close": "6.6250", "Annual % Change": "27.73%"}}}, "market cap": {"value": "$27.39B"}, "income statement": {"Revenue": {"2020-12-31": "7241.70000", "2019-12-31": "7523.10000", "2018-12-31": "7679.50000", "2017-12-31": "7648.50000", "2016-12-31": "7472.30000", "2015-12-31": "5926.10000", "2014-12-31": "4997.10000", "2013-12-31": "4519.00000", "2012-12-31": "4246.40000", "2011-12-31": "4486.40000", "2010-12-31": "4202.50000", "2009-12-31": "4100.90000", "2008-12-31": "4402.40000", "2007-12-31": "4235.10000", "2006-12-31": "3996.40000", "2005-12-31": "3815.50000"}, "Cost Of Goods Sold": {"2020-12-31": "2319.50000", "2019-12-31": "2678.80000", "2018-12-31": "2897.90000", "2017-12-31": "2822.80000", "2016-12-31": "2647.40000", "2015-12-31": "2240.10000", "2014-12-31": "2259.40000", "2013-12-31": "1827.10000", "2012-12-31": "1644.40000", "2011-12-31": "1898.40000", "2010-12-31": "1851.40000", "2009-12-31": "1971.70000", "2008-12-31": "2459.00000", "2007-12-31": "2048.70000", "2006-12-31": "1820.30000", "2005-12-31": "1824.00000"}, "Gross Profit": {"2020-12-31": "4922.20000", "2019-12-31": "4844.30000", "2018-12-31": "4781.60000", "2017-12-31": "4825.70000", "2016-12-31": "4824.90000", "2015-12-31": "3686.00000", "2014-12-31": "2737.70000", "2013-12-31": "2691.90000", "2012-12-31": "2602.00000", "2011-12-31": "2588.00000", "2010-12-31": "2351.10000", "2009-12-31": "2129.20000", "2008-12-31": "1943.40000", "2007-12-31": "2186.40000", "2006-12-31": "2176.10000", "2005-12-31": "1991.50000"}, "Research And Development Expenses": {"2020-12-31": "", "2019-12-31": "", "2018-12-31": "", "2017-12-31": "", "2016-12-31": "", "2015-12-31": "", "2014-12-31": "", "2013-12-31": "", "2012-12-31": "", "2011-12-31": "", "2010-12-31": "", "2009-12-31": "", "2008-12-31": "", "2007-12-31": "", "2006-12-31": "", "2005-12-31": ""}, "SG&A Expenses": {"2020-12-31": "2240.20000", "2019-12-31": "2386.60000", "2018-12-31": "2467.40000", "2017-12-31": "2251.00000", "2016-12-31": "2366.00000", "2015-12-31": "1873.70000", "2014-12-31": "1234.20000", "2013-12-31": "1271.70000", "2012-12-31": "1237.50000", "2011-12-31": "1370.50000", "2010-12-31": "1433.50000", "2009-12-31": "1356.60000", "2008-12-31": "1452.70000", "2007-12-31": "1237.80000", "2006-12-31": "1281.20000", "2005-12-31": "1096.60000"}, "Other Operating Income Or Expenses": {"2020-12-31": "", "2019-12-31": "", "2018-12-31": "", "2017-12-31": "", "2016-12-31": "", "2015-12-31": "", "2014-12-31": "", "2013-12-31": "", "2012-12-31": "0.00000", "2011-12-31": "", "2010-12-31": "198.40000", "2009-12-31": "230.70000", "2008-12-31": "488.10000", "2007-12-31": "6.50000", "2006-12-31": "", "2005-12-31": ""}, "Operating Expenses": {"2020-12-31": "5535.60000", "2019-12-31": "5991.70000", "2018-12-31": "6211.10000", "2017-12-31": "5872.40000", "2016-12-31": "5776.00000", "2015-12-31": "4675.60000", "2014-12-31": "3885.00000", "2013-12-31": "3438.90000", "2012-12-31": "3246.10000", "2011-12-31": "3599.10000", "2010-12-31": "3392.10000", "2009-12-31": "3440.60000", "2008-12-31": "3747.20000", "2007-12-31": "3607.90000", "2006-12-31": "3427.90000", "2005-12-31": "3252.60000"}, "Operating Income": {"2020-12-31": "1706.10000", "2019-12-31": "1531.40000", "2018-12-31": "1468.40000", "2017-12-31": "1776.10000", "2016-12-31": "1696.29900", "2015-12-31": "1250.50000", "2014-12-31": "1112.10000", "2013-12-31": "1080.10000", "2012-12-31": "1000.30000", "2011-12-31": "887.30000", "2010-12-31": "810.39990", "2009-12-31": "660.30000", "2008-12-31": "655.20020", "2007-12-31": "627.20000", "2006-12-31": "568.50000", "2005-12-31": "562.90010"}, "Total Non-Operating Income/Expense": {"2020-12-31": "-276.80000", "2019-12-31": "-271.70000", "2018-12-31": "-238.10000", "2017-12-31": "-187.70000", "2016-12-31": "-189.60000", "2015-12-31": "-176.40000", "2014-12-31": "-160.90000", "2013-12-31": "-163.60000", "2012-12-31": "-147.70000", "2011-12-31": "-110.60000", "2010-12-31": "-106.10000", "2009-12-31": "-69.10000", "2008-12-31": "-85.00000", "2007-12-31": "-75.60000", "2006-12-31": "-81.00000", "2005-12-31": "-110.10000"}, "Pre-Tax Income": {"2020-12-31": "1429.30000", "2019-12-31": "1259.70000", "2018-12-31": "1230.30000", "2017-12-31": "1588.40000", "2016-12-31": "1506.70000", "2015-12-31": "1074.10000", "2014-12-31": "951.20000", "2013-12-31": "916.50000", "2012-12-31": "852.60000", "2011-12-31": "776.70000", "2010-12-31": "704.30000", "2009-12-31": "591.20000", "2008-12-31": "570.20000", "2007-12-31": "551.60000", "2006-12-31": "487.50000", "2005-12-31": "452.80000"}, "Income Taxes": {"2020-12-31": "227.90000", "2019-12-31": "125.00000", "2018-12-31": "169.80000", "2017-12-31": "383.50000", "2016-12-31": "566.50000", "2015-12-31": "433.80000", "2014-12-31": "361.70000", "2013-12-31": "337.90000", "2012-12-31": "306.30000", "2011-12-31": "263.90000", "2010-12-31": "249.90000", "2009-12-31": "215.50000", "2008-12-31": "215.10000", "2007-12-31": "215.90000", "2006-12-31": "175.00000", "2005-12-31": "149.20000"}, "Income After Taxes": {"2020-12-31": "1201.40000", "2019-12-31": "1134.70000", "2018-12-31": "1060.50000", "2017-12-31": "1204.90000", "2016-12-31": "940.20000", "2015-12-31": "640.30000", "2014-12-31": "589.50000", "2013-12-31": "578.60000", "2012-12-31": "546.30000", "2011-12-31": "512.80000", "2010-12-31": "454.40000", "2009-12-31": "375.70000", "2008-12-31": "355.10000", "2007-12-31": "335.70000", "2006-12-31": "312.50000", "2005-12-31": "303.60000"}, "Other Income": {"2020-12-31": "", "2019-12-31": "", "2018-12-31": "", "2017-12-31": "", "2016-12-31": "", "2015-12-31": "", "2014-12-31": "", "2013-12-31": "", "2012-12-31": "", "2011-12-31": "", "2010-12-31": "", "2009-12-31": "", "2008-12-31": "", "2007-12-31": "", "2006-12-31": "", "2005-12-31": ""}, "Income From Continuous Operations": {"2020-12-31": "1201.40000", "2019-12-31": "1134.70000", "2018-12-31": "1060.50000", "2017-12-31": "1204.90000", "2016-12-31": "940.20000", "2015-12-31": "640.30000", "2014-12-31": "589.50000", "2013-12-31": "578.60000", "2012-12-31": "546.30000", "2011-12-31": "512.80000", "2010-12-31": "454.40000", "2009-12-31": "375.70000", "2008-12-31": "355.10000", "2007-12-31": "335.70000", "2006-12-31": "312.50000", "2005-12-31": "303.60000"}, "Income From Discontinued Operations": {"2020-12-31": "", "2019-12-31": "", "2018-12-31": "", "2017-12-31": "", "2016-12-31": "", "2015-12-31": "", "2014-12-31": "", "2013-12-31": "", "2012-12-31": "", "2011-12-31": "13.40000", "2010-12-31": "2.10000", "2009-12-31": "6.70000", "2008-12-31": "4.00000", "2007-12-31": "-0.10000", "2006-12-31": "3.90000", "2005-12-31": "5.10000"}, "Net Income": {"2020-12-31": "1199.90000", "2019-12-31": "1134.00000", "2018-12-31": "1059.30000", "2017-12-31": "1203.70000", "2016-12-31": "939.00000", "2015-12-31": "638.50000", "2014-12-31": "588.30000", "2013-12-31": "577.40000", "2012-12-31": "546.30000", "2011-12-31": "526.20000", "2010-12-31": "456.50000", "2009-12-31": "382.40000", "2008-12-31": "359.10000", "2007-12-31": "335.60000", "2006-12-31": "316.40000", "2005-12-31": "308.70000"}, "EBITDA": {"2020-12-31": "2682.00000", "2019-12-31": "2457.70000", "2018-12-31": "2314.20000", "2017-12-31": "2574.70000", "2016-12-31": "2458.89900", "2015-12-31": "1834.00000", "2014-12-31": "1529.10000", "2013-12-31": "1476.10000", "2012-12-31": "1372.00000", "2011-12-31": "1223.70000", "2010-12-31": "929.39990", "2009-12-31": "776.50010", "2008-12-31": "496.70020", "2007-12-31": "964.90000", "2006-12-31": "905.30000", "2005-12-31": "935.90010"}, "EBIT": {"2020-12-31": "1706.10000", "2019-12-31": "1531.40000", "2018-12-31": "1468.40000", "2017-12-31": "1776.10000", "2016-12-31": "1696.29900", "2015-12-31": "1250.50000", "2014-12-31": "1112.10000", "2013-12-31": "1080.10000", "2012-12-31": "1000.30000", "2011-12-31": "887.30000", "2010-12-31": "810.39990", "2009-12-31": "660.30000", "2008-12-31": "655.20020", "2007-12-31": "627.20000", "2006-12-31": "568.50000", "2005-12-31": "562.90010"}, "Basic Shares Outstanding": {"2020-12-31": "315.40000", "2019-12-31": "315.40000", "2018-12-31": "315.50000", "2017-12-31": "315.60000", "2016-12-31": "315.60000", "2015-12-31": "271.10000", "2014-12-31": "225.60000", "2013-12-31": "227.60000", "2012-12-31": "230.20000", "2011-12-31": "232.60000", "2010-12-31": "233.80000", "2009-12-31": "233.80000", "2008-12-31": "233.80000", "2007-12-31": "233.80000", "2006-12-31": "234.00000", "2005-12-31": "234.00000"}, "Shares Outstanding": {"2020-12-31": "316.50000", "2019-12-31": "316.70000", "2018-12-31": "316.90000", "2017-12-31": "317.20000", "2016-12-31": "316.90000", "2015-12-31": "272.70000", "2014-12-31": "227.50000", "2013-12-31": "229.70000", "2012-12-31": "232.80000", "2011-12-31": "235.40000", "2010-12-31": "236.70000", "2009-12-31": "235.90000", "2008-12-31": "236.40000", "2007-12-31": "237.00000", "2006-12-31": "236.80000", "2005-12-31": "236.80000"}, "Basic EPS": {"2020-12-31": "3.80000", "2019-12-31": "3.60000", "2018-12-31": "3.36000", "2017-12-31": "3.81000", "2016-12-31": "2.98000", "2015-12-31": "2.36000", "2014-12-31": "2.61000", "2013-12-31": "2.54000", "2012-12-31": "2.37000", "2011-12-31": "2.26000", "2010-12-31": "1.95000", "2009-12-31": "1.64000", "2008-12-31": "1.53500", "2007-12-31": "1.43500", "2006-12-31": "1.35000", "2005-12-31": "1.32000"}, "EPS - Earnings Per Share": {"2020-12-31": "3.79000", "2019-12-31": "3.58000", "2018-12-31": "3.34000", "2017-12-31": "3.79000", "2016-12-31": "2.96000", "2015-12-31": "2.34000", "2014-12-31": "2.59000", "2013-12-31": "2.51000", "2012-12-31": "2.35000", "2011-12-31": "2.24000", "2010-12-31": "1.93000", "2009-12-31": "1.62000", "2008-12-31": "1.52000", "2007-12-31": "1.41500", "2006-12-31": "1.33500", "2005-12-31": "1.30500"}}, "income statement, quarterly": {"Revenue": {"2020-12-31": "1933.40000", "2020-09-30": "1651.00000", "2020-06-30": "1548.70000", "2020-03-31": "2108.60000", "2019-12-31": "1947.50000", "2019-09-30": "1608.00000", "2019-06-30": "1590.20000", "2019-03-31": "2377.40000", "2018-12-31": "2076.80000", "2018-09-30": "1643.70000", "2018-06-30": "1672.50000", "2018-03-31": "2286.50000", "2017-12-31": "2055.00000", "2017-09-30": "1657.50000", "2017-06-30": "1631.50000", "2017-03-31": "2304.50000", "2016-12-31": "1963.00000", "2016-09-30": "1712.50000", "2016-06-30": "1602.00000", "2016-03-31": "2194.80000", "2015-12-31": "1848.30000", "2015-09-30": "1698.70000", "2015-06-30": "991.20000", "2015-03-31": "1387.90000", "2014-12-31": "1225.10000", "2014-09-30": "1033.30000", "2014-06-30": "1043.70000", "2014-03-31": "1695.00000", "2013-12-31": "1178.30000", "2013-09-30": "1053.20000", "2013-06-30": "1012.30000", "2013-03-31": "1275.20000", "2012-12-31": "1071.20000", "2012-09-30": "1039.30000", "2012-06-30": "944.70000", "2012-03-31": "1191.20000", "2011-12-31": "1113.20000", "2011-09-30": "1052.80000", "2011-06-30": "991.70000", "2011-03-31": "1328.70000", "2010-12-31": "1089.80000", "2010-09-30": "973.20000", "2010-06-30": "890.90000", "2010-03-31": "1248.60000", "2009-12-31": "1053.50000", "2009-09-30": "815.50000", "2009-06-30": "835.70000", "2009-03-31": "1396.20000", "2008-12-31": "1174.40000", "2008-09-30": "851.50000", "2008-06-30": "945.40000", "2008-03-31": "1431.10000", "2007-12-31": "1146.00000", "2007-09-30": "881.50000", "2007-06-30": "906.50000", "2007-03-31": "1301.10000", "2006-12-31": "1095.20000", "2006-09-30": "839.80000", "2006-06-30": "814.40000", "2006-03-31": "1247.00000", "2005-12-31": "1135.00000", "2005-09-30": "797.30000", "2005-06-30": "788.50000", "2005-03-31": "1094.70000"}, "Cost Of Goods Sold": {"2020-12-31": "657.50000", "2020-09-30": "482.80000", "2020-06-30": "444.50000", "2020-03-31": "734.70000", "2019-12-31": "693.00000", "2019-09-30": "484.30000", "2019-06-30": "491.90000", "2019-03-31": "1009.60000", "2018-12-31": "853.99990", "2018-09-30": "524.10000", "2018-06-30": "547.70000", "2018-03-31": "972.10000", "2017-12-31": "797.20010", "2017-09-30": "542.70000", "2017-06-30": "541.80000", "2017-03-31": "941.10000", "2016-12-31": "745.49990", "2016-09-30": "554.70000", "2016-06-30": "508.30000", "2016-03-31": "838.90000", "2015-12-31": "682.60010", "2015-09-30": "590.60000", "2015-06-30": "353.00000", "2015-03-31": "613.90000", "2014-12-31": "523.49990", "2014-09-30": "407.40000", "2014-06-30": "418.40000", "2014-03-31": "910.10000", "2013-12-31": "493.99990", "2013-09-30": "400.70000", "2013-06-30": "391.30000", "2013-03-31": "541.10000", "2012-12-31": "427.49990", "2012-09-30": "391.90000", "2012-06-30": "333.70000", "2012-03-31": "491.30000", "2011-12-31": "460.50000", "2011-09-30": "420.10000", "2011-06-30": "407.80000", "2011-03-31": "610.00000", "2010-12-31": "461.00000", "2010-09-30": "403.00000", "2010-06-30": "354.20000", "2010-03-31": "633.20000", "2009-12-31": "492.79990", "2009-09-30": "355.30000", "2009-06-30": "354.50000", "2009-03-31": "769.10000", "2008-12-31": "637.20000", "2008-09-30": "439.80000", "2008-06-30": "483.60000", "2008-03-31": "898.40000", "2007-12-31": "622.20010", "2007-09-30": "332.30000", "2007-06-30": "390.90000", "2007-03-31": "703.30000", "2006-12-31": "541.40000", "2006-09-30": "314.90000", "2006-06-30": "314.40000", "2006-03-31": "649.60000", "2005-12-31": "606.09990", "2005-09-30": "320.80000", "2005-06-30": "328.40000", "2005-03-31": "568.70000"}, "Gross Profit": {"2020-12-31": "1275.90000", "2020-09-30": "1168.20000", "2020-06-30": "1104.20000", "2020-03-31": "1373.90000", "2019-12-31": "1254.50000", "2019-09-30": "1123.70000", "2019-06-30": "1098.30000", "2019-03-31": "1367.80000", "2018-12-31": "1222.80000", "2018-09-30": "1119.60000", "2018-06-30": "1124.80000", "2018-03-31": "1314.40000", "2017-12-31": "1257.80000", "2017-09-30": "1114.80000", "2017-06-30": "1089.70000", "2017-03-31": "1363.40000", "2016-12-31": "1217.50000", "2016-09-30": "1157.80000", "2016-06-30": "1093.70000", "2016-03-31": "1355.90000", "2015-12-31": "1165.70000", "2015-09-30": "1108.10000", "2015-06-30": "638.20000", "2015-03-31": "774.00000", "2014-12-31": "701.60020", "2014-09-30": "625.90000", "2014-06-30": "625.29990", "2014-03-31": "784.90000", "2013-12-31": "684.30020", "2013-09-30": "652.49990", "2013-06-30": "621.00000", "2013-03-31": "734.10000", "2012-12-31": "643.70010", "2012-09-30": "647.40000", "2012-06-30": "611.00000", "2012-03-31": "699.90000", "2011-12-31": "652.70000", "2011-09-30": "632.70010", "2011-06-30": "583.90000", "2011-03-31": "718.70000", "2010-12-31": "628.79990", "2010-09-30": "570.20000", "2010-06-30": "536.70000", "2010-03-31": "615.40000", "2009-12-31": "560.70010", "2009-09-30": "460.20000", "2009-06-30": "481.20000", "2009-03-31": "627.10000", "2008-12-31": "537.20010", "2008-09-30": "411.70000", "2008-06-30": "461.80000", "2008-03-31": "532.70000", "2007-12-31": "523.80000", "2007-09-30": "549.20000", "2007-06-30": "515.60000", "2007-03-31": "597.80000", "2006-12-31": "553.79970", "2006-09-30": "524.90000", "2006-06-30": "500.00000", "2006-03-31": "597.40000", "2005-12-31": "528.90010", "2005-09-30": "476.50000", "2005-06-30": "460.10000", "2005-03-31": "525.99990"}, "Research And Development Expenses": {"2020-12-31": "", "2020-09-30": "", "2020-06-30": "", "2020-03-31": "", "2019-12-31": "", "2019-09-30": "", "2019-06-30": "", "2019-03-31": "", "2018-12-31": "", "2018-09-30": "", "2018-06-30": "", "2018-03-31": "", "2017-12-31": "", "2017-09-30": "", "2017-06-30": "", "2017-03-31": "", "2016-12-31": "", "2016-09-30": "", "2016-06-30": "", "2016-03-31": "", "2015-12-31": "", "2015-09-30": "", "2015-06-30": "", "2015-03-31": "", "2014-12-31": "", "2014-09-30": "", "2014-06-30": "", "2014-03-31": "", "2013-12-31": "", "2013-09-30": "", "2013-06-30": "", "2013-03-31": "", "2012-12-31": "", "2012-09-30": "", "2012-06-30": "", "2012-03-31": "", "2011-12-31": "", "2011-09-30": "", "2011-06-30": "", "2011-03-31": "", "2010-12-31": "", "2010-09-30": "", "2010-06-30": "", "2010-03-31": "", "2009-12-31": "", "2009-09-30": "", "2009-06-30": "", "2009-03-31": "", "2008-12-31": "", "2008-09-30": "", "2008-06-30": "", "2008-03-31": "", "2007-12-31": "", "2007-09-30": "", "2007-06-30": "", "2007-03-31": "", "2006-12-31": "", "2006-09-30": "", "2006-06-30": "", "2006-03-31": "", "2005-12-31": "", "2005-09-30": "", "2005-06-30": "", "2005-03-31": ""}, "SG&A Expenses": {"2020-12-31": "656.10000", "2020-09-30": "553.00000", "2020-06-30": "522.90000", "2020-03-31": "508.20000", "2019-12-31": "655.20010", "2019-09-30": "579.00000", "2019-06-30": "553.80000", "2019-03-31": "598.60000", "2018-12-31": "715.29990", "2018-09-30": "604.10000", "2018-06-30": "587.30000", "2018-03-31": "560.70000", "2017-12-31": "645.70020", "2017-09-30": "521.40000", "2017-06-30": "529.80000", "2017-03-31": "554.10000", "2016-12-31": "648.50010", "2016-09-30": "567.20000", "2016-06-30": "571.60000", "2016-03-31": "578.70000", "2015-12-31": "606.30000", "2015-09-30": "585.90000", "2015-06-30": "368.90000", "2015-03-31": "312.60000", "2014-12-31": "361.90000", "2014-09-30": "280.00000", "2014-06-30": "286.30000", "2014-03-31": "306.00000", "2013-12-31": "361.70000", "2013-09-30": "297.60000", "2013-06-30": "294.80000", "2013-03-31": "317.60000", "2012-12-31": "347.80000", "2012-09-30": "275.00000", "2012-06-30": "298.10000", "2012-03-31": "316.60000", "2011-12-31": "375.70000", "2011-09-30": "325.80000", "2011-06-30": "327.20000", "2011-03-31": "341.80000", "2010-12-31": "382.70000", "2010-09-30": "345.00000", "2010-06-30": "343.80000", "2010-03-31": "362.00000", "2009-12-31": "334.59990", "2009-09-30": "327.20000", "2009-06-30": "332.30000", "2009-03-31": "362.50000", "2008-12-31": "349.00000", "2008-09-30": "346.70000", "2008-06-30": "360.50000", "2008-03-31": "396.50000", "2007-12-31": "268.80000", "2007-09-30": "310.50000", "2007-06-30": "329.30000", "2007-03-31": "329.20000", "2006-12-31": "332.20000", "2006-09-30": "311.70000", "2006-06-30": "314.10000", "2006-03-31": "323.20000", "2005-12-31": "264.50000", "2005-09-30": "263.50000", "2005-06-30": "291.20000", "2005-03-31": "277.40000"}, "Other Operating Income Or Expenses": {"2020-12-31": "", "2020-09-30": "", "2020-06-30": "", "2020-03-31": "", "2019-12-31": "", "2019-09-30": "", "2019-06-30": "", "2019-03-31": "", "2018-12-31": "", "2018-09-30": "", "2018-06-30": "", "2018-03-31": "", "2017-12-31": "", "2017-09-30": "", "2017-06-30": "", "2017-03-31": "", "2016-12-31": "", "2016-09-30": "", "2016-06-30": "", "2016-03-31": "", "2015-12-31": "", "2015-09-30": "", "2015-06-30": "", "2015-03-31": "", "2014-12-31": "", "2014-09-30": "", "2014-06-30": "3.10000", "2014-03-31": "3.50000", "2013-12-31": "", "2013-09-30": "0.00000", "2013-06-30": "", "2013-03-31": "0.00000", "2012-12-31": "", "2012-09-30": "", "2012-06-30": "", "2012-03-31": "", "2011-12-31": "", "2011-09-30": "", "2011-06-30": "", "2011-03-31": "", "2010-12-31": "46.60000", "2010-09-30": "55.20000", "2010-06-30": "47.20000", "2010-03-31": "49.40000", "2009-12-31": "53.50000", "2009-09-30": "57.90000", "2009-06-30": "55.10000", "2009-03-31": "64.20000", "2008-12-31": "84.70000", "2008-09-30": "157.40000", "2008-06-30": "87.00000", "2008-03-31": "159.00000", "2007-12-31": "", "2007-09-30": "", "2007-06-30": "", "2007-03-31": "0.00000", "2006-12-31": "", "2006-09-30": "", "2006-06-30": "", "2006-03-31": "", "2005-12-31": "", "2005-09-30": "", "2005-06-30": "", "2005-03-31": ""}, "Operating Expenses": {"2020-12-31": "1562.90000", "2020-09-30": "1280.80000", "2020-06-30": "1209.90000", "2020-03-31": "1482.00000", "2019-12-31": "1584.40000", "2019-09-30": "1297.10000", "2019-06-30": "1275.60000", "2019-03-31": "1834.60000", "2018-12-31": "1787.00000", "2018-09-30": "1341.00000", "2018-06-30": "1341.70000", "2018-03-31": "1741.40000", "2017-12-31": "1648.00100", "2017-09-30": "1265.30000", "2017-06-30": "1269.30000", "2017-03-31": "1689.80000", "2016-12-31": "1587.10100", "2016-09-30": "1313.50000", "2016-06-30": "1269.90000", "2016-03-31": "1605.50000", "2015-12-31": "1468.10000", "2015-09-30": "1353.00000", "2015-06-30": "825.40000", "2015-03-31": "1029.10000", "2014-12-31": "981.59990", "2014-09-30": "787.20000", "2014-06-30": "803.00010", "2014-03-31": "1313.20000", "2013-12-31": "906.70020", "2013-09-30": "795.20010", "2013-06-30": "782.80000", "2013-03-31": "954.20000", "2012-12-31": "869.80000", "2012-09-30": "758.70000", "2012-06-30": "722.10000", "2012-03-31": "895.49990", "2011-12-31": "920.20000", "2011-09-30": "828.50000", "2011-06-30": "817.29990", "2011-03-31": "1033.10000", "2010-12-31": "874.10020", "2010-09-30": "770.20000", "2010-06-30": "727.60000", "2010-03-31": "1020.20000", "2009-12-31": "858.99990", "2009-09-30": "711.10000", "2009-06-30": "717.30000", "2009-03-31": "1153.20000", "2008-12-31": "982.99960", "2008-09-30": "713.10000", "2008-06-30": "837.50010", "2008-03-31": "1213.60000", "2007-12-31": "961.50010", "2007-09-30": "728.40000", "2007-06-30": "801.40000", "2007-03-31": "1116.60000", "2006-12-31": "956.59970", "2006-09-30": "708.60000", "2006-06-30": "707.30000", "2006-03-31": "1055.40000", "2005-12-31": "957.19990", "2005-09-30": "668.90000", "2005-06-30": "698.60000", "2005-03-31": "927.90000"}, "Operating Income": {"2020-12-31": "370.50000", "2020-09-30": "370.20000", "2020-06-30": "338.79990", "2020-03-31": "626.60010", "2019-12-31": "363.10100", "2019-09-30": "310.89990", "2019-06-30": "314.60000", "2019-03-31": "542.79990", "2018-12-31": "289.80020", "2018-09-30": "302.70000", "2018-06-30": "330.80000", "2018-03-31": "545.10000", "2017-12-31": "406.99910", "2017-09-30": "392.20000", "2017-06-30": "362.20010", "2017-03-31": "614.70010", "2016-12-31": "375.89920", "2016-09-30": "399.00010", "2016-06-30": "332.10000", "2016-03-31": "589.30000", "2015-12-31": "380.20020", "2015-09-30": "345.70000", "2015-06-30": "165.80000", "2015-03-31": "358.80000", "2014-12-31": "243.50020", "2014-09-30": "246.10010", "2014-06-30": "240.69990", "2014-03-31": "381.80000", "2013-12-31": "271.59990", "2013-09-30": "257.99990", "2013-06-30": "229.50000", "2013-03-31": "321.00000", "2012-12-31": "201.40000", "2012-09-30": "280.60000", "2012-06-30": "222.60000", "2012-03-31": "295.70000", "2011-12-31": "193.00000", "2011-09-30": "224.30000", "2011-06-30": "174.40010", "2011-03-31": "295.60000", "2010-12-31": "215.69970", "2010-09-30": "203.00000", "2010-06-30": "163.30000", "2010-03-31": "228.40000", "2009-12-31": "194.50010", "2009-09-30": "104.40000", "2009-06-30": "118.40000", "2009-03-31": "242.99990", "2008-12-31": "191.40040", "2008-09-30": "138.40000", "2008-06-30": "107.90000", "2008-03-31": "217.50000", "2007-12-31": "184.50000", "2007-09-30": "153.10000", "2007-06-30": "105.10000", "2007-03-31": "184.50000", "2006-12-31": "138.60000", "2006-09-30": "131.20000", "2006-06-30": "107.10000", "2006-03-31": "191.60000", "2005-12-31": "177.80010", "2005-09-30": "128.40000", "2005-06-30": "89.90000", "2005-03-31": "166.80000"}, "Total Non-Operating Income/Expense": {"2020-12-31": "-93.70000", "2020-09-30": "-56.20000", "2020-06-30": "-42.90000", "2020-03-31": "-84.00000", "2019-12-31": "-85.40000", "2019-09-30": "-65.30000", "2019-06-30": "-63.60000", "2019-03-31": "-57.40000", "2018-12-31": "-71.10000", "2018-09-30": "-52.20000", "2018-06-30": "-48.40000", "2018-03-31": "-66.40000", "2017-12-31": "-49.40000", "2017-09-30": "-46.80000", "2017-06-30": "-47.00000", "2017-03-31": "-44.50000", "2016-12-31": "-69.80000", "2016-09-30": "-53.30000", "2016-06-30": "-36.80000", "2016-03-31": "-29.70000", "2015-12-31": "-62.60000", "2015-09-30": "-52.10000", "2015-06-30": "-21.40000", "2015-03-31": "-40.30000", "2014-12-31": "-44.10000", "2014-09-30": "-39.50000", "2014-06-30": "-33.40000", "2014-03-31": "-43.90000", "2013-12-31": "-39.60000", "2013-09-30": "-39.80000", "2013-06-30": "-40.20000", "2013-03-31": "-44.00000", "2012-12-31": "-48.90000", "2012-09-30": "-34.80000", "2012-06-30": "-36.70000", "2012-03-31": "-27.30000", "2011-12-31": "-22.50000", "2011-09-30": "-24.90000", "2011-06-30": "-27.80000", "2011-03-31": "-35.40000", "2010-12-31": "-22.20000", "2010-09-30": "-27.70000", "2010-06-30": "-28.20000", "2010-03-31": "-28.00000", "2009-12-31": "-17.60000", "2009-09-30": "-13.30000", "2009-06-30": "-18.00000", "2009-03-31": "-20.20000", "2008-12-31": "-35.20000", "2008-09-30": "-17.30000", "2008-06-30": "-15.40000", "2008-03-31": "-17.10000", "2007-12-31": "-28.30000", "2007-09-30": "-16.80000", "2007-06-30": "-11.70000", "2007-03-31": "-18.80000", "2006-12-31": "-25.20000", "2006-09-30": "-16.60000", "2006-06-30": "-14.90000", "2006-03-31": "-24.30000", "2005-12-31": "-37.90000", "2005-09-30": "-22.60000", "2005-06-30": "-24.90000", "2005-03-31": "-24.70000"}, "Pre-Tax Income": {"2020-12-31": "276.80000", "2020-09-30": "314.00000", "2020-06-30": "295.90000", "2020-03-31": "542.60000", "2019-12-31": "277.70000", "2019-09-30": "245.60000", "2019-06-30": "251.00000", "2019-03-31": "485.40000", "2018-12-31": "218.70000", "2018-09-30": "250.50000", "2018-06-30": "282.40000", "2018-03-31": "478.70000", "2017-12-31": "357.60000", "2017-09-30": "345.40000", "2017-06-30": "315.20000", "2017-03-31": "570.20000", "2016-12-31": "306.10000", "2016-09-30": "345.70000", "2016-06-30": "295.30000", "2016-03-31": "559.60000", "2015-12-31": "317.60000", "2015-09-30": "293.60000", "2015-06-30": "144.40000", "2015-03-31": "318.50000", "2014-12-31": "199.40000", "2014-09-30": "206.60000", "2014-06-30": "207.30000", "2014-03-31": "337.90000", "2013-12-31": "232.00000", "2013-09-30": "218.20000", "2013-06-30": "189.30000", "2013-03-31": "277.00000", "2012-12-31": "152.50000", "2012-09-30": "245.80000", "2012-06-30": "185.90000", "2012-03-31": "268.40000", "2011-12-31": "170.50000", "2011-09-30": "199.40000", "2011-06-30": "146.60000", "2011-03-31": "260.20000", "2010-12-31": "193.50000", "2010-09-30": "175.30000", "2010-06-30": "135.10000", "2010-03-31": "200.40000", "2009-12-31": "176.90000", "2009-09-30": "91.10000", "2009-06-30": "100.40000", "2009-03-31": "222.80000", "2008-12-31": "156.20000", "2008-09-30": "121.10000", "2008-06-30": "92.50000", "2008-03-31": "200.40000", "2007-12-31": "156.20000", "2007-09-30": "136.30000", "2007-06-30": "93.40000", "2007-03-31": "165.70000", "2006-12-31": "113.40000", "2006-09-30": "114.60000", "2006-06-30": "92.20000", "2006-03-31": "167.30000", "2005-12-31": "139.90000", "2005-09-30": "105.80000", "2005-06-30": "65.00000", "2005-03-31": "142.10000"}, "Income Taxes": {"2020-12-31": "37.20000", "2020-09-30": "46.90000", "2020-06-30": "53.80000", "2020-03-31": "90.00000", "2019-12-31": "33.50000", "2019-09-30": "11.30000", "2019-06-30": "15.20000", "2019-03-31": "65.00000", "2018-12-31": "13.40000", "2018-09-30": "17.00000", "2018-06-30": "51.10000", "2018-03-31": "88.30000", "2017-12-31": "-75.30000", "2017-09-30": "129.70000", "2017-06-30": "115.80000", "2017-03-31": "213.30000", "2016-12-31": "111.40000", "2016-09-30": "128.40000", "2016-06-30": "113.60000", "2016-03-31": "213.10000", "2015-12-31": "137.70000", "2015-09-30": "110.50000", "2015-06-30": "63.20000", "2015-03-31": "122.40000", "2014-12-31": "76.80000", "2014-09-30": "80.30000", "2014-06-30": "74.30000", "2014-03-31": "130.30000", "2013-12-31": "86.50000", "2013-09-30": "80.70000", "2013-06-30": "70.30000", "2013-03-31": "100.40000", "2012-12-31": "53.70000", "2012-09-30": "89.70000", "2012-06-30": "66.60000", "2012-03-31": "96.30000", "2011-12-31": "56.40000", "2011-09-30": "69.60000", "2011-06-30": "48.60000", "2011-03-31": "89.30000", "2010-12-31": "67.90000", "2010-09-30": "63.00000", "2010-06-30": "47.60000", "2010-03-31": "71.40000", "2009-12-31": "63.90000", "2009-09-30": "32.90000", "2009-06-30": "37.40000", "2009-03-31": "81.30000", "2008-12-31": "58.90000", "2008-09-30": "44.50000", "2008-06-30": "34.30000", "2008-03-31": "77.40000", "2007-12-31": "62.40000", "2007-09-30": "53.20000", "2007-06-30": "35.70000", "2007-03-31": "64.60000", "2006-12-31": "35.80000", "2006-09-30": "43.80000", "2006-06-30": "32.50000", "2006-03-31": "62.90000", "2005-12-31": "48.90000", "2005-09-30": "40.00000", "2005-06-30": "8.20000", "2005-03-31": "52.10000"}, "Income After Taxes": {"2020-12-31": "239.60000", "2020-09-30": "267.10000", "2020-06-30": "242.10000", "2020-03-31": "452.60000", "2019-12-31": "244.20000", "2019-09-30": "234.30000", "2019-06-30": "235.80000", "2019-03-31": "420.40000", "2018-12-31": "205.30000", "2018-09-30": "233.50000", "2018-06-30": "231.30000", "2018-03-31": "390.40000", "2017-12-31": "432.90000", "2017-09-30": "215.70000", "2017-06-30": "199.40000", "2017-03-31": "356.90000", "2016-12-31": "194.70000", "2016-09-30": "217.30000", "2016-06-30": "181.70000", "2016-03-31": "346.50000", "2015-12-31": "179.90000", "2015-09-30": "183.10000", "2015-06-30": "81.20000", "2015-03-31": "196.10000", "2014-12-31": "122.60000", "2014-09-30": "126.30000", "2014-06-30": "133.00000", "2014-03-31": "207.60000", "2013-12-31": "145.50000", "2013-09-30": "137.50000", "2013-06-30": "119.00000", "2013-03-31": "176.60000", "2012-12-31": "98.80000", "2012-09-30": "156.10000", "2012-06-30": "119.30000", "2012-03-31": "172.10000", "2011-12-31": "114.10010", "2011-09-30": "129.80000", "2011-06-30": "98.00000", "2011-03-31": "170.90000", "2010-12-31": "125.60000", "2010-09-30": "112.30000", "2010-06-30": "87.50000", "2010-03-31": "129.00000", "2009-12-31": "113.00000", "2009-09-30": "58.20000", "2009-06-30": "63.00000", "2009-03-31": "141.50000", "2008-12-31": "97.30000", "2008-09-30": "76.60000", "2008-06-30": "58.20000", "2008-03-31": "123.00000", "2007-12-31": "93.80000", "2007-09-30": "83.10000", "2007-06-30": "57.70000", "2007-03-31": "101.10000", "2006-12-31": "77.60000", "2006-09-30": "70.80000", "2006-06-30": "59.70000", "2006-03-31": "104.40000", "2005-12-31": "91.00000", "2005-09-30": "65.80000", "2005-06-30": "56.80000", "2005-03-31": "90.00000"}, "Other Income": {"2020-12-31": "", "2020-09-30": "", "2020-06-30": "", "2020-03-31": "", "2019-12-31": "", "2019-09-30": "", "2019-06-30": "", "2019-03-31": "", "2018-12-31": "", "2018-09-30": "", "2018-06-30": "", "2018-03-31": "", "2017-12-31": "", "2017-09-30": "", "2017-06-30": "", "2017-03-31": "", "2016-12-31": "", "2016-09-30": "", "2016-06-30": "", "2016-03-31": "", "2015-12-31": "", "2015-09-30": "", "2015-06-30": "", "2015-03-31": "", "2014-12-31": "", "2014-09-30": "", "2014-06-30": "", "2014-03-31": "", "2013-12-31": "", "2013-09-30": "", "2013-06-30": "", "2013-03-31": "", "2012-12-31": "", "2012-09-30": "", "2012-06-30": "", "2012-03-31": "", "2011-12-31": "", "2011-09-30": "", "2011-06-30": "", "2011-03-31": "", "2010-12-31": "", "2010-09-30": "", "2010-06-30": "", "2010-03-31": "", "2009-12-31": "", "2009-09-30": "", "2009-06-30": "", "2009-03-31": "", "2008-12-31": "", "2008-09-30": "", "2008-06-30": "", "2008-03-31": "", "2007-12-31": "", "2007-09-30": "", "2007-06-30": "", "2007-03-31": "", "2006-12-31": "", "2006-09-30": "", "2006-06-30": "", "2006-03-31": "", "2005-12-31": "", "2005-09-30": "", "2005-06-30": "", "2005-03-31": ""}, "Income From Continuous Operations": {"2020-12-31": "239.60000", "2020-09-30": "267.10000", "2020-06-30": "242.10000", "2020-03-31": "452.60000", "2019-12-31": "244.20000", "2019-09-30": "234.30000", "2019-06-30": "235.80000", "2019-03-31": "420.40000", "2018-12-31": "205.30000", "2018-09-30": "233.50000", "2018-06-30": "231.30000", "2018-03-31": "390.40000", "2017-12-31": "432.90000", "2017-09-30": "215.70000", "2017-06-30": "199.40000", "2017-03-31": "356.90000", "2016-12-31": "194.70000", "2016-09-30": "217.30000", "2016-06-30": "181.70000", "2016-03-31": "346.50000", "2015-12-31": "179.90000", "2015-09-30": "183.10000", "2015-06-30": "81.20000", "2015-03-31": "196.10000", "2014-12-31": "122.60000", "2014-09-30": "126.30000", "2014-06-30": "133.00000", "2014-03-31": "207.60000", "2013-12-31": "145.50000", "2013-09-30": "137.50000", "2013-06-30": "119.00000", "2013-03-31": "176.60000", "2012-12-31": "98.80000", "2012-09-30": "156.10000", "2012-06-30": "119.30000", "2012-03-31": "172.10000", "2011-12-31": "114.10000", "2011-09-30": "129.80000", "2011-06-30": "98.00000", "2011-03-31": "170.90000", "2010-12-31": "125.60000", "2010-09-30": "112.30000", "2010-06-30": "87.50000", "2010-03-31": "129.00000", "2009-12-31": "113.00000", "2009-09-30": "58.20000", "2009-06-30": "63.00000", "2009-03-31": "141.50000", "2008-12-31": "97.30000", "2008-09-30": "76.60000", "2008-06-30": "58.20000", "2008-03-31": "123.00000", "2007-12-31": "93.80000", "2007-09-30": "83.10000", "2007-06-30": "57.70000", "2007-03-31": "101.10000", "2006-12-31": "77.60000", "2006-09-30": "70.80000", "2006-06-30": "59.70000", "2006-03-31": "104.40000", "2005-12-31": "91.00000", "2005-09-30": "65.80000", "2005-06-30": "56.80000", "2005-03-31": "90.00000"}, "Income From Discontinued Operations": {"2020-12-31": "", "2020-09-30": "", "2020-06-30": "", "2020-03-31": "", "2019-12-31": "", "2019-09-30": "", "2019-06-30": "", "2019-03-31": "", "2018-12-31": "", "2018-09-30": "", "2018-06-30": "", "2018-03-31": "", "2017-12-31": "", "2017-09-30": "", "2017-06-30": "", "2017-03-31": "", "2016-12-31": "", "2016-09-30": "", "2016-06-30": "", "2016-03-31": "", "2015-12-31": "", "2015-09-30": "", "2015-06-30": "", "2015-03-31": "", "2014-12-31": "", "2014-09-30": "", "2014-06-30": "", "2014-03-31": "", "2013-12-31": "", "2013-09-30": "", "2013-06-30": "", "2013-03-31": "", "2012-12-31": "", "2012-09-30": "", "2012-06-30": "", "2012-03-31": "", "2011-12-31": "1.90000", "2011-09-30": "", "2011-06-30": "11.50000", "2011-03-31": "", "2010-12-31": "0.30000", "2010-09-30": "-0.10000", "2010-06-30": "1.20000", "2010-03-31": "0.70000", "2009-12-31": "5.70000", "2009-09-30": "0.30000", "2009-06-30": "0.70000", "2009-03-31": "", "2008-12-31": "3.10000", "2008-09-30": "0.90000", "2008-06-30": "-0.20000", "2008-03-31": "0.20000", "2007-12-31": "0.50000", "2007-09-30": "-0.20000", "2007-06-30": "-0.20000", "2007-03-31": "-0.20000", "2006-12-31": "-0.60000", "2006-09-30": "", "2006-06-30": "3.20000", "2006-03-31": "1.30000", "2005-12-31": "-0.40000", "2005-09-30": "0.40000", "2005-06-30": "5.20000", "2005-03-31": "-0.10000"}, "Net Income": {"2020-12-31": "239.00000", "2020-09-30": "266.80000", "2020-06-30": "241.60000", "2020-03-31": "452.50000", "2019-12-31": "243.90000", "2019-09-30": "234.30000", "2019-06-30": "235.70000", "2019-03-31": "420.10000", "2018-12-31": "205.00000", "2018-09-30": "233.20000", "2018-06-30": "231.00000", "2018-03-31": "390.10000", "2017-12-31": "432.59990", "2017-09-30": "215.40000", "2017-06-30": "199.10000", "2017-03-31": "356.60000", "2016-12-31": "194.40000", "2016-09-30": "217.00000", "2016-06-30": "181.40000", "2016-03-31": "346.20000", "2015-12-31": "179.30000", "2015-09-30": "182.50000", "2015-06-30": "80.90000", "2015-03-31": "195.80000", "2014-12-31": "121.40000", "2014-09-30": "126.30000", "2014-06-30": "133.00000", "2014-03-31": "207.60000", "2013-12-31": "144.30000", "2013-09-30": "137.50000", "2013-06-30": "119.00000", "2013-03-31": "176.60000", "2012-12-31": "98.80000", "2012-09-30": "156.10000", "2012-06-30": "119.30000", "2012-03-31": "172.10000", "2011-12-31": "116.00000", "2011-09-30": "129.80000", "2011-06-30": "109.50000", "2011-03-31": "170.90000", "2010-12-31": "125.90000", "2010-09-30": "112.20000", "2010-06-30": "88.70000", "2010-03-31": "129.70000", "2009-12-31": "118.70000", "2009-09-30": "58.50000", "2009-06-30": "63.70000", "2009-03-31": "141.50000", "2008-12-31": "100.40000", "2008-09-30": "77.50000", "2008-06-30": "58.00000", "2008-03-31": "123.20000", "2007-12-31": "94.30000", "2007-09-30": "82.90000", "2007-06-30": "57.50000", "2007-03-31": "100.90000", "2006-12-31": "77.00000", "2006-09-30": "70.80000", "2006-06-30": "62.90000", "2006-03-31": "105.70000", "2005-12-31": "90.60000", "2005-09-30": "66.20000", "2005-06-30": "62.00000", "2005-03-31": "89.90000"}, "EBITDA": {"2020-12-31": "", "2020-09-30": "615.20000", "2020-06-30": "581.29990", "2020-03-31": "865.70010", "2019-12-31": "599.30100", "2019-09-30": "544.69990", "2019-06-30": "544.50000", "2019-03-31": "769.20000", "2018-12-31": "507.50020", "2018-09-30": "515.49990", "2018-06-30": "537.50000", "2018-03-31": "753.70000", "2017-12-31": "612.09910", "2017-09-30": "593.40000", "2017-06-30": "559.90000", "2017-03-31": "809.30000", "2016-12-31": "556.99910", "2016-09-30": "594.50010", "2016-06-30": "526.20000", "2016-03-31": "781.20010", "2015-12-31": "572.80020", "2015-09-30": "521.49990", "2015-06-30": "273.60000", "2015-03-31": "466.10000", "2014-12-31": "347.60030", "2014-09-30": "352.50010", "2014-06-30": "343.49990", "2014-03-31": "485.50010", "2013-12-31": "369.99980", "2013-09-30": "357.89990", "2013-06-30": "329.00000", "2013-03-31": "419.20000", "2012-12-31": "294.90000", "2012-09-30": "375.00010", "2012-06-30": "315.80000", "2012-03-31": "386.30000", "2011-12-31": "280.50000", "2011-09-30": "304.00010", "2011-06-30": "259.40010", "2011-03-31": "379.80000", "2010-12-31": "248.89970", "2010-09-30": "228.00000", "2010-06-30": "201.60000", "2010-03-31": "250.90000", "2009-12-31": "220.10010", "2009-09-30": "136.50000", "2009-06-30": "153.50000", "2009-03-31": "266.39990", "2008-12-31": "186.40040", "2008-09-30": "66.50000", "2008-06-30": "102.90000", "2008-03-31": "140.90000", "2007-12-31": "264.00000", "2007-09-30": "241.10010", "2007-06-30": "188.40000", "2007-03-31": "271.40000", "2006-12-31": "203.10000", "2006-09-30": "222.80000", "2006-06-30": "195.50000", "2006-03-31": "283.90000", "2005-12-31": "272.80010", "2005-09-30": "222.90000", "2005-06-30": "178.50000", "2005-03-31": "261.70000"}, "EBIT": {"2020-12-31": "370.50000", "2020-09-30": "370.20000", "2020-06-30": "338.79990", "2020-03-31": "626.60010", "2019-12-31": "363.10060", "2019-09-30": "310.89990", "2019-06-30": "314.60000", "2019-03-31": "542.79990", "2018-12-31": "289.80040", "2018-09-30": "302.70000", "2018-06-30": "330.80000", "2018-03-31": "545.10000", "2017-12-31": "406.99950", "2017-09-30": "392.20000", "2017-06-30": "362.20010", "2017-03-31": "614.70010", "2016-12-31": "375.89920", "2016-09-30": "399.00010", "2016-06-30": "332.10000", "2016-03-31": "589.30000", "2015-12-31": "380.20000", "2015-09-30": "345.70000", "2015-06-30": "165.80000", "2015-03-31": "358.80000", "2014-12-31": "243.50030", "2014-09-30": "246.10010", "2014-06-30": "240.69990", "2014-03-31": "381.80000", "2013-12-31": "271.60000", "2013-09-30": "257.99990", "2013-06-30": "229.50000", "2013-03-31": "321.00000", "2012-12-31": "201.40000", "2012-09-30": "280.60000", "2012-06-30": "222.60000", "2012-03-31": "295.70000", "2011-12-31": "192.99990", "2011-09-30": "224.30000", "2011-06-30": "174.40010", "2011-03-31": "295.60000", "2010-12-31": "215.69980", "2010-09-30": "203.00000", "2010-06-30": "163.30000", "2010-03-31": "228.40000", "2009-12-31": "194.50010", "2009-09-30": "104.40000", "2009-06-30": "118.40000", "2009-03-31": "242.99990", "2008-12-31": "191.40020", "2008-09-30": "138.40000", "2008-06-30": "107.90000", "2008-03-31": "217.50000", "2007-12-31": "184.49990", "2007-09-30": "153.10000", "2007-06-30": "105.10000", "2007-03-31": "184.50000", "2006-12-31": "138.60000", "2006-09-30": "131.20000", "2006-06-30": "107.10000", "2006-03-31": "191.60000", "2005-12-31": "177.80020", "2005-09-30": "128.40000", "2005-06-30": "89.90000", "2005-03-31": "166.80000"}, "Basic Shares Outstanding": {"2020-12-31": "315.40000", "2020-09-30": "315.40000", "2020-06-30": "315.40000", "2020-03-31": "315.40000", "2019-12-31": "315.40000", "2019-09-30": "315.40000", "2019-06-30": "315.40000", "2019-03-31": "315.50000", "2018-12-31": "315.50000", "2018-09-30": "315.50000", "2018-06-30": "315.50000", "2018-03-31": "315.50000", "2017-12-31": "315.60000", "2017-09-30": "315.60000", "2017-06-30": "315.60000", "2017-03-31": "315.60000", "2016-12-31": "315.60000", "2016-09-30": "315.60000", "2016-06-30": "315.60000", "2016-03-31": "315.70000", "2015-12-31": "271.10000", "2015-09-30": "315.70000", "2015-06-30": "227.50000", "2015-03-31": "225.50000", "2014-12-31": "225.60000", "2014-09-30": "225.50000", "2014-06-30": "225.50000", "2014-03-31": "225.80000", "2013-12-31": "227.60000", "2013-09-30": "226.80000", "2013-06-30": "228.40000", "2013-03-31": "228.90000", "2012-12-31": "230.20000", "2012-09-30": "230.40000", "2012-06-30": "230.40000", "2012-03-31": "230.50000", "2011-12-31": "232.60000", "2011-09-30": "232.20000", "2011-06-30": "233.70000", "2011-03-31": "233.70000", "2010-12-31": "233.80000", "2010-09-30": "233.80000", "2010-06-30": "233.80000", "2010-03-31": "233.80000", "2009-12-31": "233.80000", "2009-09-30": "233.80000", "2009-06-30": "233.80000", "2009-03-31": "233.80000", "2008-12-31": "233.80000", "2008-09-30": "233.80000", "2008-06-30": "233.80000", "2008-03-31": "233.80000", "2007-12-31": "233.80000", "2007-09-30": "233.80000", "2007-06-30": "233.80000", "2007-03-31": "234.00000", "2006-12-31": "234.00000", "2006-09-30": "234.00000", "2006-06-30": "234.00000", "2006-03-31": "234.00000", "2005-12-31": "234.00000", "2005-09-30": "234.00000", "2005-06-30": "234.00000", "2005-03-31": "234.00000"}, "Shares Outstanding": {"2020-12-31": "316.50000", "2020-09-30": "316.50000", "2020-06-30": "316.50000", "2020-03-31": "316.70000", "2019-12-31": "316.70000", "2019-09-30": "316.80000", "2019-06-30": "316.70000", "2019-03-31": "316.70000", "2018-12-31": "316.90000", "2018-09-30": "316.90000", "2018-06-30": "316.90000", "2018-03-31": "316.90000", "2017-12-31": "317.20000", "2017-09-30": "317.50000", "2017-06-30": "317.40000", "2017-03-31": "317.20000", "2016-12-31": "316.90000", "2016-09-30": "316.90000", "2016-06-30": "317.00000", "2016-03-31": "317.10000", "2015-12-31": "272.70000", "2015-09-30": "317.10000", "2015-06-30": "229.10000", "2015-03-31": "227.30000", "2014-12-31": "227.50000", "2014-09-30": "227.40000", "2014-06-30": "227.60000", "2014-03-31": "227.70000", "2013-12-31": "229.70000", "2013-09-30": "228.80000", "2013-06-30": "230.50000", "2013-03-31": "231.20000", "2012-12-31": "232.80000", "2012-09-30": "232.90000", "2012-06-30": "233.10000", "2012-03-31": "233.20000", "2011-12-31": "235.40000", "2011-09-30": "234.90000", "2011-06-30": "236.60000", "2011-03-31": "236.60000", "2010-12-31": "236.70000", "2010-09-30": "236.90000", "2010-06-30": "236.60000", "2010-03-31": "236.70000", "2009-12-31": "235.90000", "2009-09-30": "236.00000", "2009-06-30": "235.60000", "2009-03-31": "236.00000", "2008-12-31": "236.40000", "2008-09-30": "236.40000", "2008-06-30": "236.60000", "2008-03-31": "236.60000", "2007-12-31": "237.00000", "2007-09-30": "236.40000", "2007-06-30": "237.00000", "2007-03-31": "237.40000", "2006-12-31": "236.80000", "2006-09-30": "236.80000", "2006-06-30": "236.80000", "2006-03-31": "237.00000", "2005-12-31": "236.80000", "2005-09-30": "237.20000", "2005-06-30": "236.60000", "2005-03-31": "236.60000"}, "Basic EPS": {"2020-12-31": "0.76000", "2020-09-30": "0.85000", "2020-06-30": "0.77000", "2020-03-31": "1.43000", "2019-12-31": "0.78000", "2019-09-30": "0.74000", "2019-06-30": "0.75000", "2019-03-31": "1.33000", "2018-12-31": "0.65000", "2018-09-30": "0.74000", "2018-06-30": "0.73000", "2018-03-31": "1.24000", "2017-12-31": "1.37000", "2017-09-30": "0.68000", "2017-06-30": "0.63000", "2017-03-31": "1.13000", "2016-12-31": "0.62000", "2016-09-30": "0.69000", "2016-06-30": "0.57000", "2016-03-31": "1.10000", "2015-12-31": "0.55000", "2015-09-30": "0.58000", "2015-06-30": "0.36000", "2015-03-31": "0.87000", "2014-12-31": "0.54000", "2014-09-30": "0.56000", "2014-06-30": "0.59000", "2014-03-31": "0.92000", "2013-12-31": "0.64000", "2013-09-30": "0.61000", "2013-06-30": "0.52000", "2013-03-31": "0.77000", "2012-12-31": "0.42000", "2012-09-30": "0.68000", "2012-06-30": "0.52000", "2012-03-31": "0.75000", "2011-12-31": "0.50000", "2011-09-30": "0.56000", "2011-06-30": "0.47000", "2011-03-31": "0.73000", "2010-12-31": "0.54000", "2010-09-30": "0.48000", "2010-06-30": "0.38000", "2010-03-31": "0.55000", "2009-12-31": "0.51500", "2009-09-30": "0.25000", "2009-06-30": "0.27000", "2009-03-31": "0.60500", "2008-12-31": "0.43000", "2008-09-30": "0.33000", "2008-06-30": "0.25000", "2008-03-31": "0.52500", "2007-12-31": "0.40500", "2007-09-30": "0.35500", "2007-06-30": "0.24500", "2007-03-31": "0.43000", "2006-12-31": "0.32500", "2006-09-30": "0.30500", "2006-06-30": "0.27000", "2006-03-31": "0.45000", "2005-12-31": "0.38500", "2005-09-30": "0.28500", "2005-06-30": "0.26500", "2005-03-31": "0.38500"}, "EPS - Earnings Per Share": {"2020-12-31": "0.76000", "2020-09-30": "0.84000", "2020-06-30": "0.76000", "2020-03-31": "1.43000", "2019-12-31": "0.77000", "2019-09-30": "0.74000", "2019-06-30": "0.74000", "2019-03-31": "1.33000", "2018-12-31": "0.64000", "2018-09-30": "0.74000", "2018-06-30": "0.73000", "2018-03-31": "1.23000", "2017-12-31": "1.36000", "2017-09-30": "0.68000", "2017-06-30": "0.63000", "2017-03-31": "1.12000", "2016-12-31": "0.62000", "2016-09-30": "0.68000", "2016-06-30": "0.57000", "2016-03-31": "1.09000", "2015-12-31": "0.55000", "2015-09-30": "0.58000", "2015-06-30": "0.35000", "2015-03-31": "0.86000", "2014-12-31": "0.54000", "2014-09-30": "0.56000", "2014-06-30": "0.58000", "2014-03-31": "0.91000", "2013-12-31": "0.63000", "2013-09-30": "0.60000", "2013-06-30": "0.52000", "2013-03-31": "0.76000", "2012-12-31": "0.43000", "2012-09-30": "0.67000", "2012-06-30": "0.51000", "2012-03-31": "0.74000", "2011-12-31": "0.51000", "2011-09-30": "0.55000", "2011-06-30": "0.46000", "2011-03-31": "0.72000", "2010-12-31": "0.54000", "2010-09-30": "0.47000", "2010-06-30": "0.37000", "2010-03-31": "0.55000", "2009-12-31": "0.50000", "2009-09-30": "0.25000", "2009-06-30": "0.27000", "2009-03-31": "0.60000", "2008-12-31": "0.43000", "2008-09-30": "0.32500", "2008-06-30": "0.24500", "2008-03-31": "0.52000", "2007-12-31": "0.39500", "2007-09-30": "0.35000", "2007-06-30": "0.24500", "2007-03-31": "0.42500", "2006-12-31": "0.32500", "2006-09-30": "0.30000", "2006-06-30": "0.26500", "2006-03-31": "0.44500", "2005-12-31": "0.38500", "2005-09-30": "0.28000", "2005-06-30": "0.26000", "2005-03-31": "0.38000"}}, "balance sheet": {"Cash On Hand": {"2020-12-31": "24.80000", "2019-12-31": "37.50000", "2018-12-31": "84.50000", "2017-12-31": "38.90000", "2016-12-31": "37.50000", "2015-12-31": "49.80000", "2014-12-31": "61.90000", "2013-12-31": "26.00000", "2012-12-31": "35.60000", "2011-12-31": "59.60000", "2010-12-31": "32.80000", "2009-12-31": "214.70000", "2008-12-31": "246.60000", "2007-12-31": "435.50000", "2006-12-31": "37.00000", "2005-12-31": "73.20000"}, "Receivables": {"2020-12-31": "1202.80000", "2019-12-31": "1176.50000", "2018-12-31": "1280.90000", "2017-12-31": "1350.70000", "2016-12-31": "1241.70000", "2015-12-31": "1028.60000", "2014-12-31": "643.40000", "2013-12-31": "406.00000", "2012-12-31": "285.30000", "2011-12-31": "504.50000", "2010-12-31": "428.30000", "2009-12-31": "298.70000", "2008-12-31": "369.50000", "2007-12-31": "361.80000", "2006-12-31": "379.30000", "2005-12-31": "441.80000"}, "Inventory": {"2020-12-31": "528.60000", "2019-12-31": "549.80000", "2018-12-31": "548.20000", "2017-12-31": "539.00000", "2016-12-31": "587.60000", "2015-12-31": "687.00000", "2014-12-31": "400.60000", "2013-12-31": "329.40000", "2012-12-31": "360.70000", "2011-12-31": "382.00000", "2010-12-31": "379.10000", "2009-12-31": "378.10000", "2008-12-31": "344.70000", "2007-12-31": "361.30000", "2006-12-31": "417.20000", "2005-12-31": "451.60000"}, "Pre-Paid Expenses": {"2020-12-31": "263.40000", "2019-12-31": "261.80000", "2018-12-31": "256.80000", "2017-12-31": "210.00000", "2016-12-31": "204.40000", "2015-12-31": "285.80000", "2014-12-31": "148.20000", "2013-12-31": "145.70000", "2012-12-31": "145.50000", "2011-12-31": "140.30000", "2010-12-31": "125.60000", "2009-12-31": "290.20000", "2008-12-31": "323.00000", "2007-12-31": "214.20000", "2006-12-31": "136.70000", "2005-12-31": "147.50000"}, "Other Current Assets": {"2020-12-31": "63.40000", "2019-12-31": "68.00000", "2018-12-31": "77.20000", "2017-12-31": "74.90000", "2016-12-31": "97.50000", "2015-12-31": "155.60000", "2014-12-31": "38.60000", "2013-12-31": "334.00000", "2012-12-31": "340.20000", "2011-12-31": "339.80000", "2010-12-31": "365.30000", "2009-12-31": "347.60000", "2008-12-31": "423.70000", "2007-12-31": "476.90000", "2006-12-31": "274.70000", "2005-12-31": "262.90000"}, "Total Current Assets": {"2020-12-31": "2083.00000", "2019-12-31": "2093.60000", "2018-12-31": "2247.60000", "2017-12-31": "2213.50000", "2016-12-31": "2168.70000", "2015-12-31": "2206.80000", "2014-12-31": "1292.70000", "2013-12-31": "1551.10000", "2012-12-31": "1272.60000", "2011-12-31": "1426.20000", "2010-12-31": "1331.10000", "2009-12-31": "1529.30000", "2008-12-31": "1707.50000", "2007-12-31": "1849.70000", "2006-12-31": "1244.90000", "2005-12-31": "1377.00000"}, "Property, Plant, And Equipment": {"2020-12-31": "25707.40000", "2019-12-31": "23620.10000", "2018-12-31": "22000.90000", "2017-12-31": "21347.00000", "2016-12-31": "19915.50000", "2015-12-31": "19189.70000", "2014-12-31": "11257.70000", "2013-12-31": "10906.60000", "2012-12-31": "10572.20000", "2011-12-31": "10160.40000", "2010-12-31": "9601.50000", "2009-12-31": "9015.80000", "2008-12-31": "8502.60000", "2007-12-31": "7681.20000", "2006-12-31": "7052.50000", "2005-12-31": "6362.90000"}, "Long-Term Investments": {"2020-12-31": "1764.30000", "2019-12-31": "1720.80000", "2018-12-31": "1665.30000", "2017-12-31": "1553.40000", "2016-12-31": "1443.90000", "2015-12-31": "1380.90000", "2014-12-31": "456.90000", "2013-12-31": "438.80000", "2012-12-31": "413.80000", "2011-12-31": "393.30000", "2010-12-31": "376.30000", "2009-12-31": "358.70000", "2008-12-31": "490.30000", "2007-12-31": "604.70000", "2006-12-31": "283.20000", "2005-12-31": "297.90000"}, "Goodwill And Intangible Assets": {"2020-12-31": "3052.80000", "2019-12-31": "3052.80000", "2018-12-31": "3052.80000", "2017-12-31": "3053.50000", "2016-12-31": "3046.20000", "2015-12-31": "3023.50000", "2014-12-31": "441.90000", "2013-12-31": "441.90000", "2012-12-31": "441.90000", "2011-12-31": "441.90000", "2010-12-31": "441.90000", "2009-12-31": "441.90000", "2008-12-31": "441.90000", "2007-12-31": "441.90000", "2006-12-31": "441.90000", "2005-12-31": "441.90000"}, "Other Long-Term Assets": {"2020-12-31": "896.50000", "2019-12-31": "957.80000", "2018-12-31": "704.10000", "2017-12-31": "619.90000", "2016-12-31": "461.00000", "2015-12-31": "489.70000", "2014-12-31": "184.60000", "2013-12-31": "322.50000", "2012-12-31": "204.20000", "2011-12-31": "201.60000", "2010-12-31": "218.90000", "2009-12-31": "171.70000", "2008-12-31": "214.40000", "2007-12-31": "181.20000", "2006-12-31": "152.10000", "2005-12-31": "174.60000"}, "Total Long-Term Assets": {"2020-12-31": "34945.10000", "2019-12-31": "32858.20000", "2018-12-31": "31228.20000", "2017-12-31": "29377.00000", "2016-12-31": "27954.50000", "2015-12-31": "27148.40000", "2014-12-31": "13612.30000", "2013-12-31": "13218.30000", "2012-12-31": "13012.40000", "2011-12-31": "12435.90000", "2010-12-31": "11728.70000", "2009-12-31": "11168.60000", "2008-12-31": "10910.30000", "2007-12-31": "9870.60100", "2006-12-31": "9885.30000", "2005-12-31": "9084.99900"}, "Total Assets": {"2020-12-31": "37028.10000", "2019-12-31": "34951.80000", "2018-12-31": "33475.80000", "2017-12-31": "31590.50000", "2016-12-31": "30123.20000", "2015-12-31": "29355.20000", "2014-12-31": "14905.00000", "2013-12-31": "14769.40000", "2012-12-31": "14285.00000", "2011-12-31": "13862.10000", "2010-12-31": "13059.80000", "2009-12-31": "12697.90000", "2008-12-31": "12617.80000", "2007-12-31": "11720.30000", "2006-12-31": "11130.20000", "2005-12-31": "10462.00000"}, "Total Current Liabilities": {"2020-12-31": "4148.10000", "2019-12-31": "3182.70000", "2018-12-31": "3331.70000", "2017-12-31": "3869.30000", "2016-12-31": "2431.60000", "2015-12-31": "2709.00000", "2014-12-31": "1668.70000", "2013-12-31": "1496.40000", "2012-12-31": "1441.40000", "2011-12-31": "1364.50000", "2010-12-31": "1721.10000", "2009-12-31": "1894.10000", "2008-12-31": "1735.10000", "2007-12-31": "2502.80000", "2006-12-31": "1892.50000", "2005-12-31": "1646.80000"}, "Long Term Debt": {"2020-12-31": "11728.10000", "2019-12-31": "11211.00000", "2018-12-31": "9994.00000", "2017-12-31": "8746.60000", "2016-12-31": "9158.20000", "2015-12-31": "9124.10000", "2014-12-31": "4170.70000", "2013-12-31": "4363.20000", "2012-12-31": "4453.80000", "2011-12-31": "4614.30000", "2010-12-31": "3932.00000", "2009-12-31": "3875.80000", "2008-12-31": "4074.70000", "2007-12-31": "3172.50000", "2006-12-31": "3073.40000", "2005-12-31": "3031.00000"}, "Other Non-Current Liabilities": {"2020-12-31": "5690.40000", "2019-12-31": "5710.90000", "2018-12-31": "5976.10000", "2017-12-31": "5542.30000", "2016-12-31": "3361.80000", "2015-12-31": "3092.10000", "2014-12-31": "1133.60000", "2013-12-31": "1175.00000", "2012-12-31": "1153.60000", "2011-12-31": "1216.30000", "2010-12-31": "1260.70000", "2009-12-31": "1217.30000", "2008-12-31": "1404.70000", "2007-12-31": "1658.10000", "2006-12-31": "2069.90000", "2005-12-31": "2149.30000"}, "Total Long Term Liabilities": {"2020-12-31": "22217.50000", "2019-12-31": "21514.50000", "2018-12-31": "20301.40000", "2017-12-31": "18229.40000", "2016-12-31": "18731.40000", "2015-12-31": "17961.00000", "2014-12-31": "8786.20000", "2013-12-31": "9009.60200", "2012-12-31": "8678.10100", "2011-12-31": "8503.90000", "2010-12-31": "7506.20000", "2009-12-31": "7206.50000", "2008-12-31": "7515.40000", "2007-12-31": "6087.90000", "2006-12-31": "6318.29900", "2005-12-31": "6104.70000"}, "Total Liabilities": {"2020-12-31": "26365.60000", "2019-12-31": "24697.20000", "2018-12-31": "23633.10000", "2017-12-31": "22098.70000", "2016-12-31": "21163.00000", "2015-12-31": "20670.00000", "2014-12-31": "10454.90000", "2013-12-31": "10506.00000", "2012-12-31": "10119.50000", "2011-12-31": "9868.40000", "2010-12-31": "9227.30000", "2009-12-31": "9100.60000", "2008-12-31": "9250.50000", "2007-12-31": "8590.70000", "2006-12-31": "8210.80000", "2005-12-31": "7751.50000"}, "Common Stock Net": {"2020-12-31": "3.20000", "2019-12-31": "3.20000", "2018-12-31": "3.20000", "2017-12-31": "3.20000", "2016-12-31": "3.20000", "2015-12-31": "3.20000", "2014-12-31": "2.30000", "2013-12-31": "2.30000", "2012-12-31": "2.30000", "2011-12-31": "2.30000", "2010-12-31": "2.30000", "2009-12-31": "1.20000", "2008-12-31": "1.20000", "2007-12-31": "1.20000", "2006-12-31": "1.20000", "2005-12-31": "1.20000"}, "Retained Earnings (Accumulated Deficit)": {"2020-12-31": "6329.60000", "2019-12-31": "5927.70000", "2018-12-31": "5538.20000", "2017-12-31": "5176.80000", "2016-12-31": "4613.90000", "2015-12-31": "4299.80000", "2014-12-31": "4117.00000", "2013-12-31": "3881.00000", "2012-12-31": "3632.50000", "2011-12-31": "3362.50000", "2010-12-31": "3078.30000", "2009-12-31": "2808.80000", "2008-12-31": "2584.20000", "2007-12-31": "2351.40000", "2006-12-31": "2133.30000", "2005-12-31": "1924.50000"}, "Comprehensive Income": {"2020-12-31": "-6.80000", "2019-12-31": "-4.10000", "2018-12-31": "-2.60000", "2017-12-31": "2.90000", "2016-12-31": "2.90000", "2015-12-31": "4.60000", "2014-12-31": "0.30000", "2013-12-31": "", "2012-12-31": "", "2011-12-31": "", "2010-12-31": "-0.10000", "2009-12-31": "-0.50000", "2008-12-31": "-0.90000", "2007-12-31": "-1.30000", "2006-12-31": "-1.60000", "2005-12-31": "-11.50000"}, "Other Share Holders Equity": {"2020-12-31": "", "2019-12-31": "", "2018-12-31": "", "2017-12-31": "", "2016-12-31": "", "2015-12-31": "", "2014-12-31": "", "2013-12-31": "", "2012-12-31": "", "2011-12-31": "", "2010-12-31": "", "2009-12-31": "", "2008-12-31": "", "2007-12-31": "", "2006-12-31": "", "2005-12-31": ""}, "Share Holder Equity": {"2020-12-31": "10662.50000", "2019-12-31": "10254.60000", "2018-12-31": "9842.70000", "2017-12-31": "9491.80000", "2016-12-31": "8960.20000", "2015-12-31": "8685.20000", "2014-12-31": "4450.10000", "2013-12-31": "4263.40000", "2012-12-31": "4165.50000", "2011-12-31": "3993.70000", "2010-12-31": "3832.50000", "2009-12-31": "3597.30000", "2008-12-31": "3367.30000", "2007-12-31": "3129.60000", "2006-12-31": "2919.40000", "2005-12-31": "2710.50000"}, "Total Liabilities And Share Holders Equity": {"2020-12-31": "37028.10000", "2019-12-31": "34951.80000", "2018-12-31": "33475.80000", "2017-12-31": "31590.50000", "2016-12-31": "30123.20000", "2015-12-31": "29355.20000", "2014-12-31": "14905.00000", "2013-12-31": "14769.40000", "2012-12-31": "14285.00000", "2011-12-31": "13862.10000", "2010-12-31": "13059.80000", "2009-12-31": "12697.90000", "2008-12-31": "12617.80000", "2007-12-31": "11720.30000", "2006-12-31": "11130.20000", "2005-12-31": "10462.00000"}}, "balance sheet, quarterly": {"Cash On Hand": {"2020-12-31": "24.80000", "2020-09-30": "13.10000", "2020-06-30": "13.30000", "2020-03-31": "15.40000", "2019-12-31": "37.50000", "2019-09-30": "20.00000", "2019-06-30": "37.90000", "2019-03-31": "30.60000", "2018-12-31": "84.50000", "2018-09-30": "14.50000", "2018-06-30": "29.80000", "2018-03-31": "48.10000", "2017-12-31": "38.90000", "2017-09-30": "18.10000", "2017-06-30": "36.50000", "2017-03-31": "45.70000", "2016-12-31": "37.50000", "2016-09-30": "25.00000", "2016-06-30": "32.10000", "2016-03-31": "34.70000", "2015-12-31": "49.80000", "2015-09-30": "22.20000", "2015-06-30": "214.40000", "2015-03-31": "65.20000", "2014-12-31": "61.90000", "2014-09-30": "88.70000", "2014-06-30": "33.40000", "2014-03-31": "27.60000", "2013-12-31": "26.00000", "2013-09-30": "18.50000", "2013-06-30": "21.00000", "2013-03-31": "24.70000", "2012-12-31": "35.60000", "2012-09-30": "22.50000", "2012-06-30": "31.00000", "2012-03-31": "42.80000", "2011-12-31": "59.60000", "2011-09-30": "60.60000", "2011-06-30": "56.10000", "2011-03-31": "281.50000", "2010-12-31": "32.80000", "2010-09-30": "73.90000", "2010-06-30": "123.20000", "2010-03-31": "163.80000", "2009-12-31": "214.70000", "2009-09-30": "191.20000", "2009-06-30": "186.00000", "2009-03-31": "200.70000", "2008-12-31": "246.60000", "2008-09-30": "258.80000", "2008-06-30": "347.20000", "2008-03-31": "367.10000", "2007-12-31": "435.50000", "2007-09-30": "500.00000", "2007-06-30": "36.70000", "2007-03-31": "24.10000", "2006-12-31": "37.00000", "2006-09-30": "21.20000", "2006-06-30": "18.10000", "2006-03-31": "37.10000", "2005-12-31": "73.20000", "2005-09-30": "29.80000", "2005-06-30": "20.60000", "2005-03-31": "18.50000"}, "Receivables": {"2020-12-31": "1202.80000", "2020-09-30": "911.80000", "2020-06-30": "957.90000", "2020-03-31": "1176.90000", "2019-12-31": "1176.50000", "2019-09-30": "911.80000", "2019-06-30": "1004.30000", "2019-03-31": "1430.10000", "2018-12-31": "1280.90000", "2018-09-30": "1017.30000", "2018-06-30": "1086.10000", "2018-03-31": "1356.80000", "2017-12-31": "1350.70000", "2017-09-30": "948.00000", "2017-06-30": "1004.30000", "2017-03-31": "1191.40000", "2016-12-31": "1241.70000", "2016-09-30": "871.50000", "2016-06-30": "914.90000", "2016-03-31": "1088.10000", "2015-12-31": "1028.60000", "2015-09-30": "844.70000", "2015-06-30": "667.50000", "2015-03-31": "437.30000", "2014-12-31": "643.40000", "2014-09-30": "339.00000", "2014-06-30": "404.90000", "2014-03-31": "605.80000", "2013-12-31": "406.00000", "2013-09-30": "299.00000", "2013-06-30": "327.30000", "2013-03-31": "389.00000", "2012-12-31": "285.30000", "2012-09-30": "347.00000", "2012-06-30": "297.30000", "2012-03-31": "386.90000", "2011-12-31": "504.50000", "2011-09-30": "314.00000", "2011-06-30": "344.90000", "2011-03-31": "425.20000", "2010-12-31": "428.30000", "2010-09-30": "300.30000", "2010-06-30": "317.30000", "2010-03-31": "407.30000", "2009-12-31": "298.70000", "2009-09-30": "309.50000", "2009-06-30": "354.30000", "2009-03-31": "527.60000", "2008-12-31": "369.50000", "2008-09-30": "334.30000", "2008-06-30": "395.70000", "2008-03-31": "521.40000", "2007-12-31": "361.80000", "2007-09-30": "320.70000", "2007-06-30": "364.20000", "2007-03-31": "513.70000", "2006-12-31": "379.30000", "2006-09-30": "278.30000", "2006-06-30": "341.50000", "2006-03-31": "505.80000", "2005-12-31": "441.80000", "2005-09-30": "287.20000", "2005-06-30": "353.70000", "2005-03-31": "465.90000"}, "Inventory": {"2020-12-31": "528.60000", "2020-09-30": "573.40000", "2020-06-30": "467.70000", "2020-03-31": "391.10000", "2019-12-31": "549.80000", "2019-09-30": "593.30000", "2019-06-30": "461.40000", "2019-03-31": "330.10000", "2018-12-31": "548.20000", "2018-09-30": "608.50000", "2018-06-30": "466.60000", "2018-03-31": "376.00000", "2017-12-31": "539.00000", "2017-09-30": "672.20000", "2017-06-30": "510.00000", "2017-03-31": "417.10000", "2016-12-31": "587.60000", "2016-09-30": "654.30000", "2016-06-30": "494.50000", "2016-03-31": "470.70000", "2015-12-31": "687.00000", "2015-09-30": "719.80000", "2015-06-30": "562.50000", "2015-03-31": "289.70000", "2014-12-31": "400.60000", "2014-09-30": "379.30000", "2014-06-30": "304.30000", "2014-03-31": "234.90000", "2013-12-31": "329.40000", "2013-09-30": "367.60000", "2013-06-30": "317.90000", "2013-03-31": "266.80000", "2012-12-31": "360.70000", "2012-09-30": "342.10000", "2012-06-30": "335.00000", "2012-03-31": "311.60000", "2011-12-31": "382.00000", "2011-09-30": "368.10000", "2011-06-30": "339.10000", "2011-03-31": "284.40000", "2010-12-31": "379.10000", "2010-09-30": "422.30000", "2010-06-30": "390.20000", "2010-03-31": "337.00000", "2009-12-31": "378.10000", "2009-09-30": "388.90000", "2009-06-30": "314.50000", "2009-03-31": "251.30000", "2008-12-31": "344.70000", "2008-09-30": "359.50000", "2008-06-30": "279.00000", "2008-03-31": "235.10000", "2007-12-31": "361.30000", "2007-09-30": "410.30000", "2007-06-30": "333.70000", "2007-03-31": "264.90000", "2006-12-31": "417.20000", "2006-09-30": "427.70000", "2006-06-30": "342.90000", "2006-03-31": "278.40000", "2005-12-31": "451.60000", "2005-09-30": "504.20000", "2005-06-30": "319.20000", "2005-03-31": "209.50000"}, "Pre-Paid Expenses": {"2020-12-31": "263.40000", "2020-09-30": "169.50000", "2020-06-30": "210.30000", "2020-03-31": "200.00000", "2019-12-31": "261.80000", "2019-09-30": "166.10000", "2019-06-30": "254.80000", "2019-03-31": "167.20000", "2018-12-31": "256.80000", "2018-09-30": "137.60000", "2018-06-30": "178.60000", "2018-03-31": "165.90000", "2017-12-31": "210.00000", "2017-09-30": "142.00000", "2017-06-30": "181.60000", "2017-03-31": "161.80000", "2016-12-31": "204.40000", "2016-09-30": "217.40000", "2016-06-30": "235.30000", "2016-03-31": "243.40000", "2015-12-31": "285.80000", "2015-09-30": "", "2015-06-30": "306.90000", "2015-03-31": "142.30000", "2014-12-31": "148.20000", "2014-09-30": "142.90000", "2014-06-30": "168.80000", "2014-03-31": "126.10000", "2013-12-31": "145.70000", "2013-09-30": "161.30000", "2013-06-30": "430.50000", "2013-03-31": "387.00000", "2012-12-31": "145.50000", "2012-09-30": "194.70000", "2012-06-30": "372.10000", "2012-03-31": "348.20000", "2011-12-31": "140.30000", "2011-09-30": "227.50000", "2011-06-30": "206.40000", "2011-03-31": "190.10000", "2010-12-31": "125.60000", "2010-09-30": "179.90000", "2010-06-30": "210.70000", "2010-03-31": "165.10000", "2009-12-31": "290.20000", "2009-09-30": "221.60000", "2009-06-30": "190.40000", "2009-03-31": "231.50000", "2008-12-31": "323.00000", "2008-09-30": "195.80000", "2008-06-30": "246.60000", "2008-03-31": "191.50000", "2007-12-31": "214.20000", "2007-09-30": "100.40000", "2007-06-30": "166.20000", "2007-03-31": "119.30000", "2006-12-31": "136.70000", "2006-09-30": "108.00000", "2006-06-30": "126.10000", "2006-03-31": "81.60000", "2005-12-31": "147.50000", "2005-09-30": "175.70000", "2005-06-30": "183.60000", "2005-03-31": "104.70000"}, "Other Current Assets": {"2020-12-31": "63.40000", "2020-09-30": "59.40000", "2020-06-30": "64.20000", "2020-03-31": "61.90000", "2019-12-31": "68.00000", "2019-09-30": "81.80000", "2019-06-30": "80.30000", "2019-03-31": "50.30000", "2018-12-31": "77.20000", "2018-09-30": "61.80000", "2018-06-30": "49.30000", "2018-03-31": "34.00000", "2017-12-31": "74.90000", "2017-09-30": "43.00000", "2017-06-30": "47.30000", "2017-03-31": "39.30000", "2016-12-31": "97.50000", "2016-09-30": "49.50000", "2016-06-30": "89.10000", "2016-03-31": "59.50000", "2015-12-31": "155.60000", "2015-09-30": "344.40000", "2015-06-30": "289.10000", "2015-03-31": "221.60000", "2014-12-31": "38.60000", "2014-09-30": "159.10000", "2014-06-30": "174.80000", "2014-03-31": "289.20000", "2013-12-31": "334.00000", "2013-09-30": "161.00000", "2013-06-30": "174.40000", "2013-03-31": "246.30000", "2012-12-31": "340.20000", "2012-09-30": "178.50000", "2012-06-30": "201.50000", "2012-03-31": "190.30000", "2011-12-31": "339.80000", "2011-09-30": "162.20000", "2011-06-30": "225.40000", "2011-03-31": "278.60000", "2010-12-31": "365.30000", "2010-09-30": "212.20000", "2010-06-30": "231.60000", "2010-03-31": "246.70000", "2009-12-31": "347.60000", "2009-09-30": "217.40000", "2009-06-30": "254.90000", "2009-03-31": "321.70000", "2008-12-31": "423.70000", "2008-09-30": "237.40000", "2008-06-30": "254.30000", "2008-03-31": "341.90000", "2007-12-31": "476.90000", "2007-09-30": "147.30000", "2007-06-30": "161.00000", "2007-03-31": "197.30000", "2006-12-31": "274.70000", "2006-09-30": "141.20000", "2006-06-30": "159.60000", "2006-03-31": "201.00000", "2005-12-31": "262.90000", "2005-09-30": "168.50000", "2005-06-30": "157.80000", "2005-03-31": "218.20000"}, "Total Current Assets": {"2020-12-31": "2083.00000", "2020-09-30": "1727.20000", "2020-06-30": "1713.40000", "2020-03-31": "1845.30000", "2019-12-31": "2093.60000", "2019-09-30": "1773.00000", "2019-06-30": "1838.70000", "2019-03-31": "2008.30000", "2018-12-31": "2247.60000", "2018-09-30": "1839.70000", "2018-06-30": "1810.40000", "2018-03-31": "1980.80000", "2017-12-31": "2213.50000", "2017-09-30": "1823.30000", "2017-06-30": "1779.70000", "2017-03-31": "1855.30000", "2016-12-31": "2168.70000", "2016-09-30": "1817.70000", "2016-06-30": "1765.90000", "2016-03-31": "1896.40000", "2015-12-31": "2206.80000", "2015-09-30": "2181.90000", "2015-06-30": "2276.80000", "2015-03-31": "1326.40000", "2014-12-31": "1292.70000", "2014-09-30": "1274.50000", "2014-06-30": "1285.50000", "2014-03-31": "1545.00000", "2013-12-31": "1551.10000", "2013-09-30": "1238.20000", "2013-06-30": "1271.10000", "2013-03-31": "1313.80000", "2012-12-31": "1272.60000", "2012-09-30": "1084.80000", "2012-06-30": "1236.90000", "2012-03-31": "1279.80000", "2011-12-31": "1426.20000", "2011-09-30": "1132.40000", "2011-06-30": "1171.90000", "2011-03-31": "1459.80000", "2010-12-31": "1331.10000", "2010-09-30": "1188.60000", "2010-06-30": "1273.00000", "2010-03-31": "1319.90000", "2009-12-31": "1529.30000", "2009-09-30": "1328.60000", "2009-06-30": "1300.10000", "2009-03-31": "1532.80000", "2008-12-31": "1707.50000", "2008-09-30": "1385.80000", "2008-06-30": "1522.80000", "2008-03-31": "1657.00000", "2007-12-31": "1849.70000", "2007-09-30": "1478.70000", "2007-06-30": "1061.80000", "2007-03-31": "1119.30000", "2006-12-31": "1244.90000", "2006-09-30": "976.40000", "2006-06-30": "988.20000", "2006-03-31": "1103.90000", "2005-12-31": "1377.00000", "2005-09-30": "1165.40000", "2005-06-30": "1048.40000", "2005-03-31": "1032.40000"}, "Property, Plant, And Equipment": {"2020-12-31": "25707.40000", "2020-09-30": "24551.70000", "2020-06-30": "24171.80000", "2020-03-31": "23797.10000", "2019-12-31": "23620.10000", "2019-09-30": "23035.10000", "2019-06-30": "22535.80000", "2019-03-31": "22193.30000", "2018-12-31": "22000.90000", "2018-09-30": "21663.70000", "2018-06-30": "21078.40000", "2018-03-31": "21466.30000", "2017-12-31": "21347.00000", "2017-09-30": "20882.90000", "2017-06-30": "20524.30000", "2017-03-31": "19990.20000", "2016-12-31": "19915.50000", "2016-09-30": "19612.20000", "2016-06-30": "19398.90000", "2016-03-31": "19259.00000", "2015-12-31": "19189.70000", "2015-09-30": "18785.20000", "2015-06-30": "18529.40000", "2015-03-31": "11316.00000", "2014-12-31": "11257.70000", "2014-09-30": "11134.90000", "2014-06-30": "11024.00000", "2014-03-31": "10941.70000", "2013-12-31": "10906.60000", "2013-09-30": "10805.20000", "2013-06-30": "10704.50000", "2013-03-31": "10616.10000", "2012-12-31": "10572.20000", "2012-09-30": "10438.80000", "2012-06-30": "10340.70000", "2012-03-31": "10235.00000", "2011-12-31": "10160.40000", "2011-09-30": "9999.10000", "2011-06-30": "9821.30000", "2011-03-31": "9639.00000", "2010-12-31": "9601.50000", "2010-09-30": "9399.90000", "2010-06-30": "9290.00000", "2010-03-31": "9237.20000", "2009-12-31": "9015.80000", "2009-09-30": "8903.70000", "2009-06-30": "8751.80000", "2009-03-31": "8600.40000", "2008-12-31": "8502.60000", "2008-09-30": "8333.70000", "2008-06-30": "8132.10000", "2008-03-31": "7911.70000", "2007-12-31": "7681.20000", "2007-09-30": "7281.60000", "2007-06-30": "7486.60000", "2007-03-31": "7277.80000", "2006-12-31": "7052.50000", "2006-09-30": "6833.00000", "2006-06-30": "6677.90000", "2006-03-31": "6501.90000", "2005-12-31": "6362.90000", "2005-09-30": "6190.50000", "2005-06-30": "6053.30000", "2005-03-31": "5974.30000"}, "Long-Term Investments": {"2020-12-31": "1764.30000", "2020-09-30": "1750.40000", "2020-06-30": "1744.70000", "2020-03-31": "1717.70000", "2019-12-31": "1720.80000", "2019-09-30": "1720.40000", "2019-06-30": "1696.50000", "2019-03-31": "1670.60000", "2018-12-31": "1665.30000", "2018-09-30": "1613.70000", "2018-06-30": "1596.60000", "2018-03-31": "1598.90000", "2017-12-31": "1553.40000", "2017-09-30": "1560.80000", "2017-06-30": "1544.00000", "2017-03-31": "1513.30000", "2016-12-31": "1443.90000", "2016-09-30": "1544.50000", "2016-06-30": "1513.00000", "2016-03-31": "1510.00000", "2015-12-31": "1380.90000", "2015-09-30": "1096.40000", "2015-06-30": "1169.70000", "2015-03-31": "464.10000", "2014-12-31": "456.90000", "2014-09-30": "455.90000", "2014-06-30": "452.10000", "2014-03-31": "445.40000", "2013-12-31": "438.80000", "2013-09-30": "433.20000", "2013-06-30": "428.80000", "2013-03-31": "419.80000", "2012-12-31": "413.80000", "2012-09-30": "408.90000", "2012-06-30": "399.70000", "2012-03-31": "393.40000", "2011-12-31": "393.30000", "2011-09-30": "382.80000", "2011-06-30": "376.70000", "2011-03-31": "374.80000", "2010-12-31": "376.30000", "2010-09-30": "365.20000", "2010-06-30": "362.80000", "2010-03-31": "358.90000", "2009-12-31": "358.70000", "2009-09-30": "397.50000", "2009-06-30": "442.30000", "2009-03-31": "469.50000", "2008-12-31": "490.30000", "2008-09-30": "518.40000", "2008-06-30": "546.20000", "2008-03-31": "579.00000", "2007-12-31": "604.70000", "2007-09-30": "1240.70000", "2007-06-30": "277.60000", "2007-03-31": "278.70000", "2006-12-31": "283.20000", "2006-09-30": "272.40000", "2006-06-30": "266.40000", "2006-03-31": "300.60000", "2005-12-31": "297.90000", "2005-09-30": "280.20000", "2005-06-30": "279.40000", "2005-03-31": "278.70000"}, "Goodwill And Intangible Assets": {"2020-12-31": "3052.80000", "2020-09-30": "3052.80000", "2020-06-30": "3052.80000", "2020-03-31": "3052.80000", "2019-12-31": "3052.80000", "2019-09-30": "3052.80000", "2019-06-30": "3052.80000", "2019-03-31": "3052.80000", "2018-12-31": "3052.80000", "2018-09-30": "3052.80000", "2018-06-30": "3052.80000", "2018-03-31": "3052.80000", "2017-12-31": "3053.50000", "2017-09-30": "3053.50000", "2017-06-30": "3053.50000", "2017-03-31": "3046.20000", "2016-12-31": "3046.20000", "2016-09-30": "3046.20000", "2016-06-30": "3046.20000", "2016-03-31": "2999.10000", "2015-12-31": "3023.50000", "2015-09-30": "3389.10000", "2015-06-30": "3386.50000", "2015-03-31": "441.90000", "2014-12-31": "441.90000", "2014-09-30": "441.90000", "2014-06-30": "441.90000", "2014-03-31": "441.90000", "2013-12-31": "441.90000", "2013-09-30": "441.90000", "2013-06-30": "441.90000", "2013-03-31": "441.90000", "2012-12-31": "441.90000", "2012-09-30": "441.90000", "2012-06-30": "441.90000", "2012-03-31": "441.90000", "2011-12-31": "441.90000", "2011-09-30": "441.90000", "2011-06-30": "441.90000", "2011-03-31": "441.90000", "2010-12-31": "441.90000", "2010-09-30": "441.90000", "2010-06-30": "441.90000", "2010-03-31": "441.90000", "2009-12-31": "441.90000", "2009-09-30": "441.90000", "2009-06-30": "441.90000", "2009-03-31": "441.90000", "2008-12-31": "441.90000", "2008-09-30": "441.90000", "2008-06-30": "441.90000", "2008-03-31": "441.90000", "2007-12-31": "441.90000", "2007-09-30": "441.90000", "2007-06-30": "441.90000", "2007-03-31": "441.90000", "2006-12-31": "441.90000", "2006-09-30": "441.90000", "2006-06-30": "441.90000", "2006-03-31": "441.90000", "2005-12-31": "441.90000", "2005-09-30": "441.90000", "2005-06-30": "441.90000", "2005-03-31": "441.90000"}, "Other Long-Term Assets": {"2020-12-31": "896.50000", "2020-09-30": "877.70000", "2020-06-30": "848.90000", "2020-03-31": "853.20000", "2019-12-31": "957.80000", "2019-09-30": "796.00000", "2019-06-30": "803.50000", "2019-03-31": "802.30000", "2018-12-31": "704.10000", "2018-09-30": "749.00000", "2018-06-30": "753.50000", "2018-03-31": "757.10000", "2017-12-31": "619.90000", "2017-09-30": "584.80000", "2017-06-30": "549.70000", "2017-03-31": "527.50000", "2016-12-31": "461.00000", "2016-09-30": "418.30000", "2016-06-30": "419.90000", "2016-03-31": "379.30000", "2015-12-31": "489.70000", "2015-09-30": "511.50000", "2015-06-30": "455.70000", "2015-03-31": "317.20000", "2014-12-31": "184.60000", "2014-09-30": "321.00000", "2014-06-30": "321.40000", "2014-03-31": "328.80000", "2013-12-31": "322.50000", "2013-09-30": "186.90000", "2013-06-30": "185.10000", "2013-03-31": "179.80000", "2012-12-31": "204.20000", "2012-09-30": "179.90000", "2012-06-30": "180.80000", "2012-03-31": "184.90000", "2011-12-31": "201.60000", "2011-09-30": "210.40000", "2011-06-30": "209.50000", "2011-03-31": "215.40000", "2010-12-31": "218.90000", "2010-09-30": "183.50000", "2010-06-30": "182.60000", "2010-03-31": "184.60000", "2009-12-31": "171.70000", "2009-09-30": "162.70000", "2009-06-30": "158.20000", "2009-03-31": "154.70000", "2008-12-31": "214.40000", "2008-09-30": "204.00000", "2008-06-30": "194.30000", "2008-03-31": "182.20000", "2007-12-31": "181.20000", "2007-09-30": "165.30000", "2007-06-30": "159.20000", "2007-03-31": "141.00000", "2006-12-31": "152.10000", "2006-09-30": "186.40000", "2006-06-30": "184.70000", "2006-03-31": "176.20000", "2005-12-31": "174.60000", "2005-09-30": "212.90000", "2005-06-30": "156.60000", "2005-03-31": "173.10000"}, "Total Long-Term Assets": {"2020-12-31": "34945.10000", "2020-09-30": "33694.80000", "2020-06-30": "33328.60000", "2020-03-31": "32986.90000", "2019-12-31": "32858.20000", "2019-09-30": "32604.20000", "2019-06-30": "32095.60000", "2019-03-31": "31728.80000", "2018-12-31": "31228.20000", "2018-09-30": "30722.70000", "2018-06-30": "30127.20000", "2018-03-31": "29804.80000", "2017-12-31": "29377.00000", "2017-09-30": "29189.70000", "2017-06-30": "28779.90000", "2017-03-31": "28161.30000", "2016-12-31": "27954.50000", "2016-09-30": "27625.80000", "2016-06-30": "27409.40000", "2016-03-31": "27208.20000", "2015-12-31": "27148.40000", "2015-09-30": "26587.70000", "2015-06-30": "26337.70000", "2015-03-31": "13809.20000", "2014-12-31": "13612.30000", "2014-09-30": "13450.40000", "2014-06-30": "13334.30000", "2014-03-31": "13255.80000", "2013-12-31": "13218.30000", "2013-09-30": "13134.60000", "2013-06-30": "13045.90000", "2013-03-31": "12981.50000", "2012-12-31": "13012.40000", "2012-09-30": "12749.90000", "2012-06-30": "12650.70000", "2012-03-31": "12541.50000", "2011-12-31": "12435.90000", "2011-09-30": "12117.10000", "2011-06-30": "11904.40000", "2011-03-31": "11728.80000", "2010-12-31": "11728.70000", "2010-09-30": "11529.90000", "2010-06-30": "11420.50000", "2010-03-31": "11401.60000", "2009-12-31": "11168.60000", "2009-09-30": "11092.10000", "2009-06-30": "10998.20000", "2009-03-31": "10878.30000", "2008-12-31": "10910.30000", "2008-09-30": "10417.90000", "2008-06-30": "10202.20000", "2008-03-31": "10021.10000", "2007-12-31": "9870.60100", "2007-09-30": "10283.50000", "2007-06-30": "10400.60000", "2007-03-31": "10114.70000", "2006-12-31": "9885.30000", "2006-09-30": "9647.80100", "2006-06-30": "9412.20000", "2006-03-31": "9271.50000", "2005-12-31": "9084.99900", "2005-09-30": "8834.70000", "2005-06-30": "8572.29900", "2005-03-31": "8457.60000"}, "Total Assets": {"2020-12-31": "37028.10000", "2020-09-30": "35422.00000", "2020-06-30": "35042.00000", "2020-03-31": "34832.20000", "2019-12-31": "34951.80000", "2019-09-30": "34377.20000", "2019-06-30": "33934.30000", "2019-03-31": "33737.10000", "2018-12-31": "33475.80000", "2018-09-30": "32562.40000", "2018-06-30": "31937.60000", "2018-03-31": "31785.60000", "2017-12-31": "31590.50000", "2017-09-30": "31013.00000", "2017-06-30": "30559.60000", "2017-03-31": "30016.60000", "2016-12-31": "30123.20000", "2016-09-30": "29443.50000", "2016-06-30": "29175.30000", "2016-03-31": "29104.60000", "2015-12-31": "29355.20000", "2015-09-30": "28769.60000", "2015-06-30": "28614.50000", "2015-03-31": "15135.60000", "2014-12-31": "14905.00000", "2014-09-30": "14724.90000", "2014-06-30": "14619.80000", "2014-03-31": "14800.80000", "2013-12-31": "14769.40000", "2013-09-30": "14372.80000", "2013-06-30": "14317.00000", "2013-03-31": "14295.30000", "2012-12-31": "14285.00000", "2012-09-30": "13834.70000", "2012-06-30": "13887.60000", "2012-03-31": "13821.30000", "2011-12-31": "13862.10000", "2011-09-30": "13249.50000", "2011-06-30": "13076.30000", "2011-03-31": "13188.60000", "2010-12-31": "13059.80000", "2010-09-30": "12718.50000", "2010-06-30": "12693.50000", "2010-03-31": "12721.50000", "2009-12-31": "12697.90000", "2009-09-30": "12420.70000", "2009-06-30": "12298.30000", "2009-03-31": "12411.10000", "2008-12-31": "12617.80000", "2008-09-30": "11803.70000", "2008-06-30": "11725.00000", "2008-03-31": "11678.10000", "2007-12-31": "11720.30000", "2007-09-30": "11762.20000", "2007-06-30": "11462.40000", "2007-03-31": "11234.00000", "2006-12-31": "11130.20000", "2006-09-30": "10624.20000", "2006-06-30": "10400.40000", "2006-03-31": "10375.40000", "2005-12-31": "10462.00000", "2005-09-30": "10000.10000", "2005-06-30": "9620.70000", "2005-03-31": "9490.00000"}, "Total Current Liabilities": {"2020-12-31": "4148.10000", "2020-09-30": "2840.00000", "2020-06-30": "3484.60000", "2020-03-31": "2847.70000", "2019-12-31": "3182.70000", "2019-09-30": "2818.40000", "2019-06-30": "3362.00000", "2019-03-31": "2889.90000", "2018-12-31": "3331.70000", "2018-09-30": "3602.50000", "2018-06-30": "3053.20000", "2018-03-31": "3605.90000", "2017-12-31": "3869.30000", "2017-09-30": "3026.10000", "2017-06-30": "2787.30000", "2017-03-31": "2054.60000", "2016-12-31": "2431.60000", "2016-09-30": "2025.50000", "2016-06-30": "2137.10000", "2016-03-31": "2229.80000", "2015-12-31": "2709.00000", "2015-09-30": "2666.80000", "2015-06-30": "2940.30000", "2015-03-31": "1560.30000", "2014-12-31": "1668.70000", "2014-09-30": "1065.60000", "2014-06-30": "980.80000", "2014-03-31": "1424.60000", "2013-12-31": "1496.40000", "2013-09-30": "1291.20000", "2013-06-30": "1280.70000", "2013-03-31": "1278.10000", "2012-12-31": "1441.40000", "2012-09-30": "1387.00000", "2012-06-30": "1428.40000", "2012-03-31": "1171.90000", "2011-12-31": "1364.50000", "2011-09-30": "1089.40000", "2011-06-30": "1143.70000", "2011-03-31": "1340.30000", "2010-12-31": "1721.10000", "2010-09-30": "1609.40000", "2010-06-30": "1652.70000", "2010-03-31": "1255.30000", "2009-12-31": "1894.10000", "2009-09-30": "2009.90000", "2009-06-30": "1821.00000", "2009-03-31": "1705.80000", "2008-12-31": "1735.10000", "2008-09-30": "2259.60000", "2008-06-30": "2349.80000", "2008-03-31": "2633.00000", "2007-12-31": "2502.80000", "2007-09-30": "2059.50000", "2007-06-30": "1523.00000", "2007-03-31": "1877.30000", "2006-12-31": "1892.50000", "2006-09-30": "1541.30000", "2006-06-30": "1396.60000", "2006-03-31": "1431.80000", "2005-12-31": "1646.80000", "2005-09-30": "1186.70000", "2005-06-30": "1168.00000", "2005-03-31": "808.20000"}, "Long Term Debt": {"2020-12-31": "11728.10000", "2020-09-30": "11652.50000", "2020-06-30": "10721.60000", "2020-03-31": "11194.70000", "2019-12-31": "11211.00000", "2019-09-30": "10897.30000", "2019-06-30": "9921.00000", "2019-03-31": "10326.70000", "2018-12-31": "9994.00000", "2018-09-30": "9119.00000", "2018-06-30": "9209.30000", "2018-03-31": "8617.50000", "2017-12-31": "8746.60000", "2017-09-30": "8785.80000", "2017-06-30": "8799.70000", "2017-03-31": "9143.60000", "2016-12-31": "9158.20000", "2016-09-30": "9088.10000", "2016-06-30": "8902.10000", "2016-03-31": "8955.80000", "2015-12-31": "9124.10000", "2015-09-30": "8727.00000", "2015-06-30": "8547.60000", "2015-03-31": "4169.20000", "2014-12-31": "4170.70000", "2014-09-30": "4569.60000", "2014-06-30": "4587.50000", "2014-03-31": "4348.80000", "2013-12-31": "4363.20000", "2013-09-30": "4370.90000", "2013-06-30": "4383.20000", "2013-03-31": "4441.00000", "2012-12-31": "4453.80000", "2012-09-30": "4240.60000", "2012-06-30": "4297.50000", "2012-03-31": "4602.80000", "2011-12-31": "4614.30000", "2011-09-30": "4618.90000", "2011-06-30": "4334.60000", "2011-03-31": "4339.10000", "2010-12-31": "3932.00000", "2010-09-30": "3935.70000", "2010-06-30": "3942.60000", "2010-03-31": "4396.10000", "2009-12-31": "3875.80000", "2009-09-30": "3631.20000", "2009-06-30": "3820.10000", "2009-03-31": "4083.40000", "2008-12-31": "4074.70000", "2008-09-30": "3271.10000", "2008-06-30": "3126.60000", "2008-03-31": "2974.20000", "2007-12-31": "3172.50000", "2007-09-30": "3493.40000", "2007-06-30": "3544.10000", "2007-03-31": "3065.50000", "2006-12-31": "3073.40000", "2006-09-30": "3034.80000", "2006-06-30": "3025.40000", "2006-03-31": "3025.30000", "2005-12-31": "3031.00000", "2005-09-30": "3132.80000", "2005-06-30": "2992.40000", "2005-03-31": "3230.50000"}, "Other Non-Current Liabilities": {"2020-12-31": "5690.40000", "2020-09-30": "5657.30000", "2020-06-30": "5651.30000", "2020-03-31": "5682.50000", "2019-12-31": "5710.90000", "2019-09-30": "5947.00000", "2019-06-30": "5982.20000", "2019-03-31": "6015.90000", "2018-12-31": "5976.10000", "2018-09-30": "5811.10000", "2018-06-30": "5779.60000", "2018-03-31": "5732.90000", "2017-12-31": "5542.30000", "2017-09-30": "3347.00000", "2017-06-30": "3367.70000", "2017-03-31": "3355.10000", "2016-12-31": "3361.80000", "2016-09-30": "3226.40000", "2016-06-30": "3219.70000", "2016-03-31": "3096.60000", "2015-12-31": "3092.10000", "2015-09-30": "2958.20000", "2015-06-30": "2939.90000", "2015-03-31": "1114.50000", "2014-12-31": "1133.60000", "2014-09-30": "1112.20000", "2014-06-30": "1130.40000", "2014-03-31": "1154.60000", "2013-12-31": "1175.00000", "2013-09-30": "1120.60000", "2013-06-30": "1142.80000", "2013-03-31": "1130.10000", "2012-12-31": "1153.60000", "2012-09-30": "1171.60000", "2012-06-30": "1208.60000", "2012-03-31": "1211.60000", "2011-12-31": "1216.30000", "2011-09-30": "1254.30000", "2011-06-30": "1265.40000", "2011-03-31": "1283.80000", "2010-12-31": "1260.70000", "2010-09-30": "1240.60000", "2010-06-30": "1243.60000", "2010-03-31": "1270.00000", "2009-12-31": "1217.30000", "2009-09-30": "1307.50000", "2009-06-30": "1363.40000", "2009-03-31": "1412.50000", "2008-12-31": "1404.70000", "2008-09-30": "1522.70000", "2008-06-30": "1619.70000", "2008-03-31": "1644.10000", "2007-12-31": "1658.10000", "2007-09-30": "2600.10000", "2007-06-30": "2573.80000", "2007-03-31": "2742.40000", "2006-12-31": "2069.90000", "2006-09-30": "2603.70000", "2006-06-30": "2582.20000", "2006-03-31": "2537.80000", "2005-12-31": "2149.30000", "2005-09-30": "2425.00000", "2005-06-30": "2304.70000", "2005-03-31": "2302.60000"}, "Total Long Term Liabilities": {"2020-12-31": "22217.50000", "2020-09-30": "22022.90000", "2020-06-30": "21064.70000", "2020-03-31": "21499.90000", "2019-12-31": "21514.50000", "2019-09-30": "21372.40000", "2019-06-30": "20424.00000", "2019-03-31": "20735.10000", "2018-12-31": "20301.40000", "2018-09-30": "19117.20000", "2018-06-30": "19128.20000", "2018-03-31": "18481.50000", "2017-12-31": "18229.40000", "2017-09-30": "18761.20000", "2017-06-30": "18589.10000", "2017-03-31": "18806.00000", "2016-12-31": "18731.40000", "2016-09-30": "18496.10000", "2016-06-30": "18174.30000", "2016-03-31": "18026.10000", "2015-12-31": "17961.00000", "2015-09-30": "17391.40000", "2015-06-30": "17136.00000", "2015-03-31": "9034.30000", "2014-12-31": "8786.20000", "2014-09-30": "9230.60100", "2014-06-30": "9241.50000", "2014-03-31": "9023.80000", "2013-12-31": "9009.60200", "2013-09-30": "8853.10100", "2013-06-30": "8810.50100", "2013-03-31": "8783.20100", "2012-12-31": "8678.10100", "2012-09-30": "8270.10100", "2012-06-30": "8347.70000", "2012-03-31": "8567.50000", "2011-12-31": "8503.90000", "2011-09-30": "8189.00000", "2011-06-30": "7954.60000", "2011-03-31": "7913.20000", "2010-12-31": "7506.20000", "2010-09-30": "7351.00000", "2010-06-30": "7333.30000", "2010-03-31": "7794.00000", "2009-12-31": "7206.50000", "2009-09-30": "6893.50000", "2009-06-30": "6979.80000", "2009-03-31": "7235.29900", "2008-12-31": "7515.40000", "2008-09-30": "6248.40000", "2008-06-30": "6127.10000", "2008-03-31": "5823.20000", "2007-12-31": "6087.90000", "2007-09-30": "6637.70000", "2007-06-30": "6930.40000", "2007-03-31": "6373.50000", "2006-12-31": "6318.29900", "2006-09-30": "6217.89900", "2006-06-30": "6177.00000", "2006-03-31": "6154.70000", "2005-12-31": "6104.70000", "2005-09-30": "6165.80000", "2005-06-30": "5843.20000", "2005-03-31": "6104.10000"}, "Total Liabilities": {"2020-12-31": "26365.60000", "2020-09-30": "24862.90000", "2020-06-30": "24549.30000", "2020-03-31": "24347.60000", "2019-12-31": "24697.20000", "2019-09-30": "24190.80000", "2019-06-30": "23786.00000", "2019-03-31": "23625.00000", "2018-12-31": "23633.10000", "2018-09-30": "22719.70000", "2018-06-30": "22181.40000", "2018-03-31": "22087.40000", "2017-12-31": "22098.70000", "2017-09-30": "21787.30000", "2017-06-30": "21376.40000", "2017-03-31": "20860.60000", "2016-12-31": "21163.00000", "2016-09-30": "20521.60000", "2016-06-30": "20311.40000", "2016-03-31": "20255.90000", "2015-12-31": "20670.00000", "2015-09-30": "20058.20000", "2015-06-30": "20076.30000", "2015-03-31": "10594.60000", "2014-12-31": "10454.90000", "2014-09-30": "10296.20000", "2014-06-30": "10222.30000", "2014-03-31": "10448.40000", "2013-12-31": "10506.00000", "2013-09-30": "10144.30000", "2013-06-30": "10091.20000", "2013-03-31": "10061.30000", "2012-12-31": "10119.50000", "2012-09-30": "9657.10000", "2012-06-30": "9776.10000", "2012-03-31": "9739.40000", "2011-12-31": "9868.40000", "2011-09-30": "9278.40000", "2011-06-30": "9098.30000", "2011-03-31": "9253.50000", "2010-12-31": "9227.30000", "2010-09-30": "8960.40000", "2010-06-30": "8986.00000", "2010-03-31": "9049.30000", "2009-12-31": "9100.60000", "2009-09-30": "8903.40000", "2009-06-30": "8800.80000", "2009-03-31": "8941.10000", "2008-12-31": "9250.50000", "2008-09-30": "8508.00000", "2008-06-30": "8476.90000", "2008-03-31": "8456.20000", "2007-12-31": "8590.70000", "2007-09-30": "8697.20000", "2007-06-30": "8453.40000", "2007-03-31": "8250.80000", "2006-12-31": "8210.80000", "2006-09-30": "7759.20000", "2006-06-30": "7573.60000", "2006-03-31": "7586.50000", "2005-12-31": "7751.50000", "2005-09-30": "7352.50000", "2005-06-30": "7011.20000", "2005-03-31": "6912.30000"}, "Common Stock Net": {"2020-12-31": "3.20000", "2020-09-30": "3.20000", "2020-06-30": "3.20000", "2020-03-31": "3.20000", "2019-12-31": "3.20000", "2019-09-30": "3.20000", "2019-06-30": "3.20000", "2019-03-31": "3.20000", "2018-12-31": "3.20000", "2018-09-30": "3.20000", "2018-06-30": "3.20000", "2018-03-31": "3.20000", "2017-12-31": "3.20000", "2017-09-30": "3.20000", "2017-06-30": "3.20000", "2017-03-31": "3.20000", "2016-12-31": "3.20000", "2016-09-30": "3.20000", "2016-06-30": "3.20000", "2016-03-31": "3.20000", "2015-12-31": "3.20000", "2015-09-30": "3.20000", "2015-06-30": "", "2015-03-31": "", "2014-12-31": "2.30000", "2014-09-30": "", "2014-06-30": "", "2014-03-31": "", "2013-12-31": "2.30000", "2013-09-30": "", "2013-06-30": "", "2013-03-31": "", "2012-12-31": "2.30000", "2012-09-30": "", "2012-06-30": "", "2012-03-31": "", "2011-12-31": "2.30000", "2011-09-30": "", "2011-06-30": "", "2011-03-31": "", "2010-12-31": "2.30000", "2010-09-30": "", "2010-06-30": "", "2010-03-31": "", "2009-12-31": "1.20000", "2009-09-30": "", "2009-06-30": "", "2009-03-31": "", "2008-12-31": "1.20000", "2008-09-30": "", "2008-06-30": "", "2008-03-31": "", "2007-12-31": "1.20000", "2007-09-30": "", "2007-06-30": "", "2007-03-31": "", "2006-12-31": "1.20000", "2006-09-30": "", "2006-06-30": "", "2006-03-31": "", "2005-12-31": "1.20000", "2005-09-30": "", "2005-06-30": "", "2005-03-31": ""}, "Retained Earnings (Accumulated Deficit)": {"2020-12-31": "6329.60000", "2020-09-30": "6290.10000", "2020-06-30": "6222.80000", "2020-03-31": "6180.70000", "2019-12-31": "5927.70000", "2019-09-30": "5869.90000", "2019-06-30": "5821.70000", "2019-03-31": "5772.10000", "2018-12-31": "5538.20000", "2018-09-30": "5508.10000", "2018-06-30": "5449.10000", "2018-03-31": "5392.70000", "2017-12-31": "5176.80000", "2017-09-30": "4908.30000", "2017-06-30": "4857.00000", "2017-03-31": "4822.00000", "2016-12-31": "4613.90000", "2016-09-30": "4575.80000", "2016-06-30": "4515.00000", "2016-03-31": "4489.70000", "2015-12-31": "4299.80000", "2015-09-30": "4264.90000", "2015-06-30": "", "2015-03-31": "", "2014-12-31": "4117.00000", "2014-09-30": "", "2014-06-30": "", "2014-03-31": "", "2013-12-31": "3881.00000", "2013-09-30": "", "2013-06-30": "", "2013-03-31": "", "2012-12-31": "3632.50000", "2012-09-30": "", "2012-06-30": "", "2012-03-31": "", "2011-12-31": "3362.50000", "2011-09-30": "", "2011-06-30": "", "2011-03-31": "", "2010-12-31": "3078.30000", "2010-09-30": "", "2010-06-30": "", "2010-03-31": "", "2009-12-31": "2808.80000", "2009-09-30": "", "2009-06-30": "", "2009-03-31": "", "2008-12-31": "2584.20000", "2008-09-30": "", "2008-06-30": "", "2008-03-31": "", "2007-12-31": "2351.40000", "2007-09-30": "", "2007-06-30": "", "2007-03-31": "", "2006-12-31": "2133.30000", "2006-09-30": "", "2006-06-30": "", "2006-03-31": "", "2005-12-31": "1924.50000", "2005-09-30": "", "2005-06-30": "", "2005-03-31": ""}, "Comprehensive Income": {"2020-12-31": "-6.80000", "2020-09-30": "-6.40000", "2020-06-30": "-7.30000", "2020-03-31": "-7.10000", "2019-12-31": "-4.10000", "2019-09-30": "-7.10000", "2019-06-30": "-6.60000", "2019-03-31": "-4.00000", "2018-12-31": "-2.60000", "2018-09-30": "2.40000", "2018-06-30": "2.50000", "2018-03-31": "4.60000", "2017-12-31": "2.90000", "2017-09-30": "2.40000", "2017-06-30": "2.50000", "2017-03-31": "2.70000", "2016-12-31": "2.90000", "2016-09-30": "3.70000", "2016-06-30": "4.40000", "2016-03-31": "4.30000", "2015-12-31": "4.60000", "2015-09-30": "11.20000", "2015-06-30": "", "2015-03-31": "", "2014-12-31": "0.30000", "2014-09-30": "", "2014-06-30": "", "2014-03-31": "", "2013-12-31": "", "2013-09-30": "", "2013-06-30": "", "2013-03-31": "", "2012-12-31": "", "2012-09-30": "", "2012-06-30": "", "2012-03-31": "", "2011-12-31": "", "2011-09-30": "", "2011-06-30": "", "2011-03-31": "", "2010-12-31": "-0.10000", "2010-09-30": "", "2010-06-30": "", "2010-03-31": "", "2009-12-31": "-0.50000", "2009-09-30": "", "2009-06-30": "", "2009-03-31": "", "2008-12-31": "-0.90000", "2008-09-30": "", "2008-06-30": "", "2008-03-31": "", "2007-12-31": "-1.30000", "2007-09-30": "", "2007-06-30": "", "2007-03-31": "", "2006-12-31": "-1.60000", "2006-09-30": "", "2006-06-30": "", "2006-03-31": "", "2005-12-31": "-11.50000", "2005-09-30": "", "2005-06-30": "", "2005-03-31": ""}, "Other Share Holders Equity": {"2020-12-31": "", "2020-09-30": "", "2020-06-30": "", "2020-03-31": "", "2019-12-31": "", "2019-09-30": "", "2019-06-30": "", "2019-03-31": "", "2018-12-31": "", "2018-09-30": "", "2018-06-30": "", "2018-03-31": "", "2017-12-31": "", "2017-09-30": "", "2017-06-30": "", "2017-03-31": "", "2016-12-31": "", "2016-09-30": "", "2016-06-30": "", "2016-03-31": "", "2015-12-31": "", "2015-09-30": "", "2015-06-30": "", "2015-03-31": "", "2014-12-31": "", "2014-09-30": "", "2014-06-30": "", "2014-03-31": "", "2013-12-31": "", "2013-09-30": "", "2013-06-30": "", "2013-03-31": "", "2012-12-31": "", "2012-09-30": "", "2012-06-30": "", "2012-03-31": "", "2011-12-31": "", "2011-09-30": "", "2011-06-30": "", "2011-03-31": "", "2010-12-31": "", "2010-09-30": "", "2010-06-30": "", "2010-03-31": "", "2009-12-31": "", "2009-09-30": "", "2009-06-30": "", "2009-03-31": "", "2008-12-31": "", "2008-09-30": "", "2008-06-30": "", "2008-03-31": "", "2007-12-31": "", "2007-09-30": "", "2007-06-30": "", "2007-03-31": "", "2006-12-31": "", "2006-09-30": "", "2006-06-30": "", "2006-03-31": "", "2005-12-31": "", "2005-09-30": "", "2005-06-30": "", "2005-03-31": ""}, "Share Holder Equity": {"2020-12-31": "10662.50000", "2020-09-30": "10559.10000", "2020-06-30": "10492.70000", "2020-03-31": "10484.60000", "2019-12-31": "10254.60000", "2019-09-30": "10186.40000", "2019-06-30": "10148.33000", "2019-03-31": "10112.10000", "2018-12-31": "9842.70000", "2018-09-30": "9842.70000", "2018-06-30": "9756.20000", "2018-03-31": "9698.20000", "2017-12-31": "9491.80000", "2017-09-30": "9225.70000", "2017-06-30": "9183.20000", "2017-03-31": "9156.00000", "2016-12-31": "8960.20000", "2016-09-30": "8921.90000", "2016-06-30": "8863.90000", "2016-03-31": "8848.70000", "2015-12-31": "8685.20000", "2015-09-30": "8711.40000", "2015-06-30": "8538.20000", "2015-03-31": "4541.00000", "2014-12-31": "4450.10000", "2014-09-30": "4428.70000", "2014-06-30": "4397.50000", "2014-03-31": "4352.40000", "2013-12-31": "4263.40000", "2013-09-30": "4228.50000", "2013-06-30": "4225.80000", "2013-03-31": "4234.00000", "2012-12-31": "4165.50000", "2012-09-30": "4177.60000", "2012-06-30": "4111.50000", "2012-03-31": "4081.90000", "2011-12-31": "3993.70000", "2011-09-30": "3971.10000", "2011-06-30": "3978.00000", "2011-03-31": "3935.10000", "2010-12-31": "3832.50000", "2010-09-30": "3758.10000", "2010-06-30": "3707.50000", "2010-03-31": "3672.20000", "2009-12-31": "3597.30000", "2009-09-30": "3517.30000", "2009-06-30": "3497.50000", "2009-03-31": "3470.00000", "2008-12-31": "3367.30000", "2008-09-30": "3295.70000", "2008-06-30": "3248.10000", "2008-03-31": "3221.90000", "2007-12-31": "3129.60000", "2007-09-30": "3065.00000", "2007-06-30": "3009.00000", "2007-03-31": "2983.20000", "2006-12-31": "2919.40000", "2006-09-30": "2865.00000", "2006-06-30": "2826.80000", "2006-03-31": "2788.90000", "2005-12-31": "2710.50000", "2005-09-30": "2647.60000", "2005-06-30": "2609.50000", "2005-03-31": "2577.70000"}, "Total Liabilities And Share Holders Equity": {"2020-12-31": "37028.10000", "2020-09-30": "35422.00000", "2020-06-30": "35042.00000", "2020-03-31": "34832.20000", "2019-12-31": "34951.80000", "2019-09-30": "34377.20000", "2019-06-30": "33934.30000", "2019-03-31": "33737.10000", "2018-12-31": "33475.80000", "2018-09-30": "32562.40000", "2018-06-30": "31937.60000", "2018-03-31": "31785.60000", "2017-12-31": "31590.50000", "2017-09-30": "31013.00000", "2017-06-30": "30559.60000", "2017-03-31": "30016.60000", "2016-12-31": "30123.20000", "2016-09-30": "29443.50000", "2016-06-30": "29175.30000", "2016-03-31": "29104.60000", "2015-12-31": "29355.20000", "2015-09-30": "28769.60000", "2015-06-30": "28614.50000", "2015-03-31": "15135.60000", "2014-12-31": "14905.00000", "2014-09-30": "14724.90000", "2014-06-30": "14619.80000", "2014-03-31": "14800.80000", "2013-12-31": "14769.40000", "2013-09-30": "14372.80000", "2013-06-30": "14317.00000", "2013-03-31": "14295.30000", "2012-12-31": "14285.00000", "2012-09-30": "13834.70000", "2012-06-30": "13887.60000", "2012-03-31": "13821.30000", "2011-12-31": "13862.10000", "2011-09-30": "13249.50000", "2011-06-30": "13076.30000", "2011-03-31": "13188.60000", "2010-12-31": "13059.80000", "2010-09-30": "12718.50000", "2010-06-30": "12693.50000", "2010-03-31": "12721.50000", "2009-12-31": "12697.90000", "2009-09-30": "12420.70000", "2009-06-30": "12298.30000", "2009-03-31": "12411.10000", "2008-12-31": "12617.80000", "2008-09-30": "11803.70000", "2008-06-30": "11725.00000", "2008-03-31": "11678.10000", "2007-12-31": "11720.30000", "2007-09-30": "11762.20000", "2007-06-30": "11462.40000", "2007-03-31": "11234.00000", "2006-12-31": "11130.20000", "2006-09-30": "10624.20000", "2006-06-30": "10400.40000", "2006-03-31": "10375.40000", "2005-12-31": "10462.00000", "2005-09-30": "10000.10000", "2005-06-30": "9620.70000", "2005-03-31": "9490.00000"}}, "cash flow statement": {"Net Income/Loss": {"2020-12-31": "1201.40000", "2019-12-31": "1134.70000", "2018-12-31": "1060.50000", "2017-12-31": "1204.90000", "2016-12-31": "940.20000", "2015-12-31": "640.30000", "2014-12-31": "589.50000", "2013-12-31": "578.60000", "2012-12-31": "546.30000", "2011-12-31": "526.20000", "2010-12-31": "456.50000", "2009-12-31": "382.40000", "2008-12-31": "359.10000", "2007-12-31": "335.60000", "2006-12-31": "316.40000", "2005-12-31": "308.70000"}, "Total Depreciation And Amortization - Cash Flow": {"2020-12-31": "975.90000", "2019-12-31": "926.30000", "2018-12-31": "845.80000", "2017-12-31": "798.60000", "2016-12-31": "762.60000", "2015-12-31": "583.50000", "2014-12-31": "417.00000", "2013-12-31": "396.00000", "2012-12-31": "371.70000", "2011-12-31": "336.40000", "2010-12-31": "119.00000", "2009-12-31": "116.20000", "2008-12-31": "-158.50000", "2007-12-31": "337.70000", "2006-12-31": "336.80000", "2005-12-31": "373.00000"}, "Other Non-Cash Items": {"2020-12-31": "67.10000", "2019-12-31": "94.10000", "2018-12-31": "201.10000", "2017-12-31": "146.40000", "2016-12-31": "418.50000", "2015-12-31": "286.70000", "2014-12-31": "305.70000", "2013-12-31": "289.90000", "2012-12-31": "193.20000", "2011-12-31": "153.20000", "2010-12-31": "205.70000", "2009-12-31": "99.80000", "2008-12-31": "438.60000", "2007-12-31": "144.30000", "2006-12-31": "-41.30000", "2005-12-31": "110.50000"}, "Total Non-Cash Items": {"2020-12-31": "1043.00000", "2019-12-31": "1020.40000", "2018-12-31": "1046.90000", "2017-12-31": "945.00000", "2016-12-31": "1181.10000", "2015-12-31": "870.20000", "2014-12-31": "722.70000", "2013-12-31": "685.90000", "2012-12-31": "564.90000", "2011-12-31": "489.60000", "2010-12-31": "324.70000", "2009-12-31": "216.00000", "2008-12-31": "280.10000", "2007-12-31": "481.99990", "2006-12-31": "295.50000", "2005-12-31": "483.50000"}, "Change In Accounts Receivable": {"2020-12-31": "16.10000", "2019-12-31": "98.20000", "2018-12-31": "23.50000", "2017-12-31": "-86.40000", "2016-12-31": "-180.70000", "2015-12-31": "84.00000", "2014-12-31": "80.70000", "2013-12-31": "-162.90000", "2012-12-31": "38.30000", "2011-12-31": "30.10000", "2010-12-31": "-50.40000", "2009-12-31": "111.10000", "2008-12-31": "7.90000", "2007-12-31": "-36.90000", "2006-12-31": "61.20000", "2005-12-31": "-124.60000"}, "Change In Inventories": {"2020-12-31": "21.20000", "2019-12-31": "-1.50000", "2018-12-31": "-8.80000", "2017-12-31": "49.30000", "2016-12-31": "100.00000", "2015-12-31": "-69.40000", "2014-12-31": "-71.20000", "2013-12-31": "31.30000", "2012-12-31": "21.30000", "2011-12-31": "-2.90000", "2010-12-31": "-1.00000", "2009-12-31": "-34.60000", "2008-12-31": "16.70000", "2007-12-31": "31.30000", "2006-12-31": "34.40000", "2005-12-31": "-48.50000"}, "Change In Accounts Payable": {"2020-12-31": "-61.30000", "2019-12-31": "1.50000", "2018-12-31": "110.60000", "2017-12-31": "8.50000", "2016-12-31": "34.40000", "2015-12-31": "-9.30000", "2014-12-31": "23.70000", "2013-12-31": "-14.80000", "2012-12-31": "43.80000", "2011-12-31": "11.80000", "2010-12-31": "21.30000", "2009-12-31": "-119.10000", "2008-12-31": "50.70000", "2007-12-31": "10.10000", "2006-12-31": "-36.30000", "2005-12-31": "93.40000"}, "Change In Assets/Liabilities": {"2020-12-31": "-24.40000", "2019-12-31": "71.60000", "2018-12-31": "-77.60000", "2017-12-31": "154.70000", "2016-12-31": "82.40000", "2015-12-31": "-13.10000", "2014-12-31": "-59.20000", "2013-12-31": "1.30000", "2012-12-31": "6.40000", "2011-12-31": "49.50000", "2010-12-31": "62.00000", "2009-12-31": "59.30000", "2008-12-31": "37.40000", "2007-12-31": "-46.90000", "2006-12-31": "-76.80000", "2005-12-31": "-139.60000"}, "Total Change In Assets/Liabilities": {"2020-12-31": "-48.40000", "2019-12-31": "169.80000", "2018-12-31": "47.70000", "2017-12-31": "126.10000", "2016-12-31": "36.10000", "2015-12-31": "-7.80000", "2014-12-31": "-26.00000", "2013-12-31": "-108.50000", "2012-12-31": "226.70000", "2011-12-31": "1.10000", "2010-12-31": "-10.80000", "2009-12-31": "60.10000", "2008-12-31": "23.30000", "2007-12-31": "-149.30000", "2006-12-31": "32.70000", "2005-12-31": "-213.20000"}, "Cash Flow From Operating Activities": {"2020-12-31": "2196.00000", "2019-12-31": "2345.50000", "2018-12-31": "2445.50000", "2017-12-31": "2078.60000", "2016-12-31": "2103.80000", "2015-12-31": "1293.60000", "2014-12-31": "1198.90000", "2013-12-31": "1232.20000", "2012-12-31": "1173.90000", "2011-12-31": "993.40000", "2010-12-31": "810.40000", "2009-12-31": "628.90000", "2008-12-31": "736.30000", "2007-12-31": "532.40000", "2006-12-31": "730.00000", "2005-12-31": "579.00000"}, "Net Change In Property, Plant, And Equipment": {"2020-12-31": "-2218.50000", "2019-12-31": "-2260.80000", "2018-12-31": "-2115.70000", "2017-12-31": "-1959.50000", "2016-12-31": "-1257.40000", "2015-12-31": "-1237.30000", "2014-12-31": "-761.20000", "2013-12-31": "-722.70000", "2012-12-31": "-698.30000", "2011-12-31": "-789.30000", "2010-12-31": "-729.50000", "2009-12-31": "-797.80000", "2008-12-31": "-1119.60000", "2007-12-31": "-247.10000", "2006-12-31": "-826.30000", "2005-12-31": "-611.30000"}, "Net Change In Intangible Assets": {"2020-12-31": "", "2019-12-31": "", "2018-12-31": "", "2017-12-31": "", "2016-12-31": "", "2015-12-31": "", "2014-12-31": "", "2013-12-31": "", "2012-12-31": "", "2011-12-31": "", "2010-12-31": "", "2009-12-31": "", "2008-12-31": "", "2007-12-31": "", "2006-12-31": "", "2005-12-31": ""}, "Net Acquisitions/Divestitures": {"2020-12-31": "-604.50000", "2019-12-31": "-230.60000", "2018-12-31": "-289.30000", "2017-12-31": "-202.00000", "2016-12-31": "", "2015-12-31": "-1329.90000", "2014-12-31": "13.90000", "2013-12-31": "", "2012-12-31": "", "2011-12-31": "", "2010-12-31": "", "2009-12-31": "", "2008-12-31": "", "2007-12-31": "", "2006-12-31": "", "2005-12-31": ""}, "Net Change In Short-term Investments": {"2020-12-31": "", "2019-12-31": "", "2018-12-31": "", "2017-12-31": "", "2016-12-31": "", "2015-12-31": "", "2014-12-31": "", "2013-12-31": "", "2012-12-31": "", "2011-12-31": "", "2010-12-31": "", "2009-12-31": "", "2008-12-31": "", "2007-12-31": "", "2006-12-31": "", "2005-12-31": ""}, "Net Change In Long-Term Investments": {"2020-12-31": "-2.80000", "2019-12-31": "-52.40000", "2018-12-31": "0.10000", "2017-12-31": "-104.60000", "2016-12-31": "-99.80000", "2015-12-31": "-8.70000", "2014-12-31": "-13.10000", "2013-12-31": "-10.50000", "2012-12-31": "27.10000", "2011-12-31": "-43.80000", "2010-12-31": "181.00000", "2009-12-31": "166.10000", "2008-12-31": "319.80000", "2007-12-31": "-179.20020", "2006-12-31": "-62.30000", "2005-12-31": "-77.80000"}, "Net Change In Investments - Total": {"2020-12-31": "-2.80000", "2019-12-31": "-52.40000", "2018-12-31": "0.10000", "2017-12-31": "-104.60000", "2016-12-31": "-99.80000", "2015-12-31": "-8.70000", "2014-12-31": "-13.10000", "2013-12-31": "-10.50000", "2012-12-31": "27.10000", "2011-12-31": "-43.80000", "2010-12-31": "181.00000", "2009-12-31": "166.10000", "2008-12-31": "319.80000", "2007-12-31": "-179.20020", "2006-12-31": "-62.30000", "2005-12-31": "-77.80000"}, "Investing Activities - Other": {"2020-12-31": "19.00000", "2019-12-31": "48.90000", "2018-12-31": "20.50000", "2017-12-31": "12.00000", "2016-12-31": "3.00000", "2015-12-31": "58.40000", "2014-12-31": "3.60000", "2013-12-31": "-12.60000", "2012-12-31": "-58.40000", "2011-12-31": "-59.40000", "2010-12-31": "-85.00000", "2009-12-31": "-104.40000", "2008-12-31": "-106.50000", "2007-12-31": "-116.80000", "2006-12-31": "-50.90000", "2005-12-31": "-10.10000"}, "Cash Flow From Investing Activities": {"2020-12-31": "-2806.80000", "2019-12-31": "-2494.90000", "2018-12-31": "-2384.40000", "2017-12-31": "-2254.10000", "2016-12-31": "-1354.20000", "2015-12-31": "-2517.50000", "2014-12-31": "-756.80000", "2013-12-31": "-745.80000", "2012-12-31": "-729.60000", "2011-12-31": "-892.50000", "2010-12-31": "-633.50000", "2009-12-31": "-736.10000", "2008-12-31": "-906.30000", "2007-12-31": "-543.10000", "2006-12-31": "-939.50000", "2005-12-31": "-699.20000"}, "Net Long-Term Debt": {"2020-12-31": "550.80000", "2019-12-31": "1534.90000", "2018-12-31": "786.70000", "2017-12-31": "280.50000", "2016-12-31": "94.00000", "2015-12-31": "1620.40000", "2014-12-31": "-74.30000", "2013-12-31": "-146.20000", "2012-12-31": "231.50000", "2011-12-31": "253.40000", "2010-12-31": "238.30000", "2009-12-31": "40.40000", "2008-12-31": "615.20000", "2007-12-31": "159.60000", "2006-12-31": "-155.90000", "2005-12-31": "173.60000"}, "Net Current Debt": {"2020-12-31": "946.10000", "2019-12-31": "-609.30000", "2018-12-31": "-4.50000", "2017-12-31": "584.40000", "2016-12-31": "-234.80000", "2015-12-31": "163.00000", "2014-12-31": "80.20000", "2013-12-31": "142.80000", "2012-12-31": "-275.30000", "2011-12-31": "12.00000", "2010-12-31": "-167.20000", "2009-12-31": "222.80000", "2008-12-31": "-298.40000", "2007-12-31": "-11.20000", "2006-12-31": "455.60000", "2005-12-31": "118.30000"}, "Debt Issuance/Retirement Net - Total": {"2020-12-31": "1496.90000", "2019-12-31": "925.60000", "2018-12-31": "782.20000", "2017-12-31": "864.90000", "2016-12-31": "-140.80000", "2015-12-31": "1783.40000", "2014-12-31": "5.90000", "2013-12-31": "-3.40000", "2012-12-31": "-43.80000", "2011-12-31": "265.40000", "2010-12-31": "71.10000", "2009-12-31": "263.20000", "2008-12-31": "316.80000", "2007-12-31": "148.40000", "2006-12-31": "299.70000", "2005-12-31": "291.90000"}, "Net Common Equity Issued/Repurchased": {"2020-12-31": "-55.40000", "2019-12-31": "-73.10000", "2018-12-31": "-43.30000", "2017-12-31": "-40.50000", "2016-12-31": "-66.40000", "2015-12-31": "-44.60000", "2014-12-31": "-72.90000", "2013-12-31": "-174.90000", "2012-12-31": "-103.40000", "2011-12-31": "-139.50000", "2010-12-31": "-65.70000", "2009-12-31": "-12.60000", "2008-12-31": "-11.40000", "2007-12-31": "-31.70000", "2006-12-31": "-21.20000", "2005-12-31": "-28.10000"}, "Net Total Equity Issued/Repurchased": {"2020-12-31": "-55.40000", "2019-12-31": "-73.10000", "2018-12-31": "-43.30000", "2017-12-31": "-40.50000", "2016-12-31": "-66.40000", "2015-12-31": "-97.30000", "2014-12-31": "-72.90000", "2013-12-31": "-174.90000", "2012-12-31": "-103.40000", "2011-12-31": "-139.50000", "2010-12-31": "-65.70000", "2009-12-31": "-12.60000", "2008-12-31": "-11.40000", "2007-12-31": "-31.70000", "2006-12-31": "-21.20000", "2005-12-31": "-28.10000"}, "Total Common And Preferred Stock Dividends Paid": {"2020-12-31": "-798.00000", "2019-12-31": "-744.50000", "2018-12-31": "-697.30000", "2017-12-31": "-656.50000", "2016-12-31": "-624.90000", "2015-12-31": "-455.40000", "2014-12-31": "-352.00000", "2013-12-31": "-328.90000", "2012-12-31": "-276.30000", "2011-12-31": "-242.00000", "2010-12-31": "-187.00000", "2009-12-31": "-157.80000", "2008-12-31": "-126.30000", "2007-12-31": "-116.90000", "2006-12-31": "-107.60000", "2005-12-31": "-102.90000"}, "Financial Activities - Other": {"2020-12-31": "-42.40000", "2019-12-31": "-22.40000", "2018-12-31": "-15.20000", "2017-12-31": "-6.50000", "2016-12-31": "-13.60000", "2015-12-31": "-18.90000", "2014-12-31": "12.80000", "2013-12-31": "11.20000", "2012-12-31": "0.70000", "2011-12-31": "4.80000", "2010-12-31": "9.00000", "2009-12-31": "2.90000", "2008-12-31": "-4.10000", "2007-12-31": "1.30000", "2006-12-31": "2.40000", "2005-12-31": "-3.10000"}, "Cash Flow From Financial Activities": {"2020-12-31": "601.10000", "2019-12-31": "85.60000", "2018-12-31": "26.40000", "2017-12-31": "161.40000", "2016-12-31": "-845.70000", "2015-12-31": "1211.80000", "2014-12-31": "-406.20000", "2013-12-31": "-496.00000", "2012-12-31": "-422.80000", "2011-12-31": "-111.30000", "2010-12-31": "-172.60000", "2009-12-31": "95.70000", "2008-12-31": "175.00000", "2007-12-31": "1.10000", "2006-12-31": "173.30000", "2005-12-31": "157.80000"}, "Net Cash Flow": {"2020-12-31": "-9.70000", "2019-12-31": "-63.80000", "2018-12-31": "87.50000", "2017-12-31": "-14.10000", "2016-12-31": "-96.10000", "2015-12-31": "-12.10000", "2014-12-31": "35.90000", "2013-12-31": "-9.60000", "2012-12-31": "21.50000", "2011-12-31": "-10.40000", "2010-12-31": "4.30000", "2009-12-31": "-11.50000", "2008-12-31": "5.00000", "2007-12-31": "-9.60000", "2006-12-31": "-36.20000", "2005-12-31": "37.60000"}, "Stock-Based Compensation": {"2020-12-31": "", "2019-12-31": "", "2018-12-31": "", "2017-12-31": "", "2016-12-31": "", "2015-12-31": "", "2014-12-31": "", "2013-12-31": "", "2012-12-31": "", "2011-12-31": "", "2010-12-31": "", "2009-12-31": "", "2008-12-31": "", "2007-12-31": "", "2006-12-31": "", "2005-12-31": ""}, "Common Stock Dividends Paid": {"2020-12-31": "-798.00000", "2019-12-31": "-744.50000", "2018-12-31": "-697.30000", "2017-12-31": "-656.50000", "2016-12-31": "-624.90000", "2015-12-31": "-455.40000", "2014-12-31": "-352.00000", "2013-12-31": "-328.90000", "2012-12-31": "-276.30000", "2011-12-31": "-242.00000", "2010-12-31": "-187.00000", "2009-12-31": "-157.80000", "2008-12-31": "-126.30000", "2007-12-31": "-116.90000", "2006-12-31": "-107.60000", "2005-12-31": "-102.90000"}}, "cash flow statement, quarterly": {"Net Income/Loss": {"2020-12-31": 239.6, "2020-09-30": 267.1, "2020-06-30": 242.1, "2020-03-31": "452.60000", "2019-12-31": 244.2, "2019-09-30": 234.3, "2019-06-30": 235.8, "2019-03-31": "420.40000", "2018-12-31": 205.3, "2018-09-30": 233.5, "2018-06-30": 231.3, "2018-03-31": "390.40000", "2017-12-31": 432.9, "2017-09-30": 215.7, "2017-06-30": 199.4, "2017-03-31": "356.90000", "2016-12-31": 194.7, "2016-09-30": 217.3, "2016-06-30": 181.7, "2016-03-31": "346.50000", "2015-12-31": 179.9, "2015-09-30": 183.1, "2015-06-30": 81.2, "2015-03-31": "196.10000", "2014-12-31": 122.6, "2014-09-30": 126.3, "2014-06-30": 133, "2014-03-31": "207.60000", "2013-12-31": 145.5, "2013-09-30": 137.5, "2013-06-30": 119, "2013-03-31": "176.60000", "2012-12-31": 98.8, "2012-09-30": 156.1, "2012-06-30": 119.3, "2012-03-31": "172.10000", "2011-12-31": 116, "2011-09-30": 129.8, "2011-06-30": 109.5, "2011-03-31": "170.90000", "2010-12-31": 125.9, "2010-09-30": 112.2, "2010-06-30": 88.7, "2010-03-31": "129.70000", "2009-12-31": 118.7, "2009-09-30": 58.5, "2009-06-30": 63.7, "2009-03-31": "141.50000", "2008-12-31": 100.4, "2008-09-30": 77.5, "2008-06-30": 58, "2008-03-31": "123.20000", "2007-12-31": 94.3, "2007-09-30": 82.9, "2007-06-30": 57.5, "2007-03-31": "100.90000", "2006-12-31": 77, "2006-09-30": 70.8, "2006-06-30": 62.9, "2006-03-31": "105.70000", "2005-12-31": 90.6, "2005-09-30": 66.2, "2005-06-30": 62, "2005-03-31": "89.90000"}, "Total Depreciation And Amortization - Cash Flow": {"2020-12-31": 249.3, "2020-09-30": 245, "2020-06-30": 242.5, "2020-03-31": "239.10000", "2019-12-31": 236.2, "2019-09-30": 233.8, "2019-06-30": 229.9, "2019-03-31": "226.40000", "2018-12-31": 217.7, "2018-09-30": 212.8, "2018-06-30": 206.7, "2018-03-31": "208.60000", "2017-12-31": 205.1, "2017-09-30": 201.2, "2017-06-30": 197.7, "2017-03-31": "194.60000", "2016-12-31": 181.1, "2016-09-30": 195.5, "2016-06-30": 194.1, "2016-03-31": "191.90000", "2015-12-31": 192.6, "2015-09-30": 175.8, "2015-06-30": 107.8, "2015-03-31": "107.30000", "2014-12-31": 104.1, "2014-09-30": 106.4, "2014-06-30": 102.8, "2014-03-31": "103.70000", "2013-12-31": 98.4, "2013-09-30": 99.9, "2013-06-30": 99.5, "2013-03-31": "98.20000", "2012-12-31": 93.5, "2012-09-30": 94.4, "2012-06-30": 93.2, "2012-03-31": "90.60000", "2011-12-31": 87.5, "2011-09-30": 79.7, "2011-06-30": 85, "2011-03-31": "84.20000", "2010-12-31": 33.2, "2010-09-30": 25, "2010-06-30": 38.3, "2010-03-31": "22.50000", "2009-12-31": 25.6, "2009-09-30": 32.1, "2009-06-30": 35.1, "2009-03-31": "23.40000", "2008-12-31": -5, "2008-09-30": -71.9, "2008-06-30": -5, "2008-03-31": "-76.60000", "2007-12-31": 79.5, "2007-09-30": 88, "2007-06-30": 83.3, "2007-03-31": "86.90000", "2006-12-31": 64.5, "2006-09-30": 91.6, "2006-06-30": 88.4, "2006-03-31": "92.30000", "2005-12-31": 95, "2005-09-30": 94.5, "2005-06-30": 88.6, "2005-03-31": "94.90000"}, "Other Non-Cash Items": {"2020-12-31": -55, "2020-09-30": 5.3, "2020-06-30": 28.4, "2020-03-31": "88.40000", "2019-12-31": 65.2, "2019-09-30": -49.5, "2019-06-30": 65.4, "2019-03-31": "13.00000", "2018-12-31": 185, "2018-09-30": -10.8, "2018-06-30": 8.1, "2018-03-31": "18.80000", "2017-12-31": -164.1, "2017-09-30": 161.9, "2017-06-30": 111.1, "2017-03-31": "37.50000", "2016-12-31": 38.3, "2016-09-30": 115.3, "2016-06-30": 88.8, "2016-03-31": "176.10000", "2015-12-31": 193.7, "2015-09-30": 86.6, "2015-06-30": 9.2, "2015-03-31": "-2.80000", "2014-12-31": 59.2, "2014-09-30": 58.5, "2014-06-30": 76.4, "2014-03-31": "111.60000", "2013-12-31": 70.1, "2013-09-30": 76.7, "2013-06-30": 41.3, "2013-03-31": "101.80000", "2012-12-31": 43.6, "2012-09-30": 8.4, "2012-06-30": 73.3, "2012-03-31": "67.90000", "2011-12-31": 194.7, "2011-09-30": -56.1, "2011-06-30": 65.1, "2011-03-31": "-50.50000", "2010-12-31": 137.2, "2010-09-30": 11.7, "2010-06-30": 22.2, "2010-03-31": "34.60000", "2009-12-31": 127.9, "2009-09-30": 155, "2009-06-30": 63.3, "2009-03-31": "-246.40000", "2008-12-31": 190.7, "2008-09-30": 75.7, "2008-06-30": 182.8, "2008-03-31": "-10.60000", "2007-12-31": 57.2, "2007-09-30": 44.2, "2007-06-30": 33.6, "2007-03-31": "9.30000", "2006-12-31": -63.2, "2006-09-30": 20.6, "2006-06-30": 1.3, "2006-03-31": "", "2005-12-31": 0.6, "2005-09-30": 101.6, "2005-06-30": 26.1, "2005-03-31": "-17.80000"}, "Total Non-Cash Items": {"2020-12-31": 194.3, "2020-09-30": 250.3, "2020-06-30": 270.9, "2020-03-31": "327.50000", "2019-12-31": 301.4, "2019-09-30": 184.3, "2019-06-30": 295.3, "2019-03-31": "239.40000", "2018-12-31": 402.7, "2018-09-30": 202, "2018-06-30": 214.8, "2018-03-31": "227.40000", "2017-12-31": 41, "2017-09-30": 363.1, "2017-06-30": 308.8, "2017-03-31": "232.10000", "2016-12-31": 219.4, "2016-09-30": 310.8, "2016-06-30": 282.9, "2016-03-31": "368.00000", "2015-12-31": 386.3, "2015-09-30": 262.4, "2015-06-30": 117, "2015-03-31": "104.50000", "2014-12-31": 163.3, "2014-09-30": 164.9, "2014-06-30": 179.2, "2014-03-31": "215.30000", "2013-12-31": 168.5, "2013-09-30": 176.6, "2013-06-30": 140.8, "2013-03-31": "200.00000", "2012-12-31": 137.1, "2012-09-30": 102.8, "2012-06-30": 166.5, "2012-03-31": "158.50000", "2011-12-31": 282.2, "2011-09-30": 23.6, "2011-06-30": 150.1, "2011-03-31": "33.70000", "2010-12-31": 170.4, "2010-09-30": 36.7, "2010-06-30": 60.5, "2010-03-31": "57.10000", "2009-12-31": 153.5, "2009-09-30": 187.1, "2009-06-30": 98.4, "2009-03-31": "-223.00000", "2008-12-31": 185.7, "2008-09-30": 3.8, "2008-06-30": 177.8, "2008-03-31": "-87.20000", "2007-12-31": 136.6999, "2007-09-30": 132.2, "2007-06-30": 116.9, "2007-03-31": "96.20000", "2006-12-31": 1.3, "2006-09-30": 112.2, "2006-06-30": 89.7, "2006-03-31": "92.30000", "2005-12-31": 95.6, "2005-09-30": 196.1, "2005-06-30": 114.7, "2005-03-31": "77.10000"}, "Change In Accounts Receivable": {"2020-12-31": -246.2, "2020-09-30": 46.9, "2020-06-30": 218.9, "2020-03-31": "-3.50000", "2019-12-31": -262, "2019-09-30": 92.3, "2019-06-30": 392.2, "2019-03-31": "-124.30000", "2018-12-31": -288.6, "2018-09-30": 76.6, "2018-06-30": 295.6, "2018-03-31": "-60.10000", "2017-12-31": -396.9, "2017-09-30": 63.2, "2017-06-30": 192.3, "2017-03-31": "55.00000", "2016-12-31": -365.9, "2016-09-30": 55.1, "2016-06-30": 178.7, "2016-03-31": "-48.60000", "2015-12-31": -185.5, "2015-09-30": 135, "2015-06-30": 162.5, "2015-03-31": "-28.00000", "2014-12-31": -140.4, "2014-09-30": 89.1, "2014-06-30": 316.8, "2014-03-31": "-184.80000", "2013-12-31": -258.2, "2013-09-30": 46, "2013-06-30": 133.6, "2013-03-31": "-84.30000", "2012-12-31": -80.4, "2012-09-30": 22.5, "2012-06-30": 84.7, "2012-03-31": "11.50000", "2011-12-31": -106.3, "2011-09-30": 45.3, "2011-06-30": 132, "2011-03-31": "-40.90000", "2010-12-31": -161.8, "2010-09-30": 38.9, "2010-06-30": 106.2, "2010-03-31": "-33.70000", "2009-12-31": -126, "2009-09-30": 68.9, "2009-06-30": 241.3, "2009-03-31": "-73.10000", "2008-12-31": -200.4, "2008-09-30": 101.8, "2008-06-30": 213.3, "2008-03-31": "-106.80000", "2007-12-31": -206, "2007-09-30": 57.2, "2007-06-30": 185.8, "2007-03-31": "-73.90000", "2006-12-31": -224, "2006-09-30": 65.6, "2006-06-30": 204.3, "2006-03-31": "15.30000", "2005-12-31": -283.5, "2005-09-30": 76.7, "2005-06-30": 142.6, "2005-03-31": "-60.40000"}, "Change In Inventories": {"2020-12-31": 44.8, "2020-09-30": -105.7, "2020-06-30": -76.6, "2020-03-31": "158.70000", "2019-12-31": 43.4, "2019-09-30": -131.9, "2019-06-30": -131.3, "2019-03-31": "218.30000", "2018-12-31": 60.2, "2018-09-30": -141.6, "2018-06-30": -90.4, "2018-03-31": "163.00000", "2017-12-31": 133.4, "2017-09-30": -162, "2017-06-30": -92.6, "2017-03-31": "170.50000", "2016-12-31": 66.2, "2016-09-30": -159.7, "2016-06-30": -23.7, "2016-03-31": "217.20000", "2015-12-31": 32, "2015-09-30": -173.6, "2015-06-30": -38.7, "2015-03-31": "110.90000", "2014-12-31": -21.3, "2014-09-30": -75, "2014-06-30": -69.4, "2014-03-31": "94.50000", "2013-12-31": 38.2, "2013-09-30": -49.7, "2013-06-30": -51.1, "2013-03-31": "93.90000", "2012-12-31": -18.6, "2012-09-30": -7.1, "2012-06-30": -23.4, "2012-03-31": "70.40000", "2011-12-31": -14, "2011-09-30": -28.9, "2011-06-30": -54.7, "2011-03-31": "94.70000", "2010-12-31": 43.2, "2010-09-30": -32.1, "2010-06-30": -54.4, "2010-03-31": "42.30000", "2009-12-31": 9.7, "2009-09-30": -74.5, "2009-06-30": -63.2, "2009-03-31": "93.40000", "2008-12-31": 14.9, "2008-09-30": -80.5, "2008-06-30": -43.9, "2008-03-31": "126.20000", "2007-12-31": 49, "2007-09-30": -101.2, "2007-06-30": -68.8, "2007-03-31": "152.30000", "2006-12-31": 10.5, "2006-09-30": -84.8, "2006-06-30": -64.5, "2006-03-31": "173.20000", "2005-12-31": 52.6, "2005-09-30": -187.6, "2005-06-30": -109.7, "2005-03-31": "196.20000"}, "Change In Accounts Payable": {"2020-12-31": 117.6, "2020-09-30": 9.4, "2020-06-30": 61.8, "2020-03-31": "-250.10000", "2019-12-31": 193.8, "2019-09-30": 30.4, "2019-06-30": -18.4, "2019-03-31": "-204.30000", "2018-12-31": 181.8, "2018-09-30": 13.8, "2018-06-30": 85.9, "2018-03-31": "-170.90000", "2017-12-31": 119.7, "2017-09-30": 2.8, "2017-06-30": 98.7, "2017-03-31": "-212.70000", "2016-12-31": 129.1, "2016-09-30": 17.7, "2016-06-30": 11.3, "2016-03-31": "-123.70000", "2015-12-31": 46.6, "2015-09-30": -83.3, "2015-06-30": 98.7, "2015-03-31": "-71.30000", "2014-12-31": 51.4, "2014-09-30": 24.9, "2014-06-30": -147.3, "2014-03-31": "94.70000", "2013-12-31": 44.4, "2013-09-30": 27.4, "2013-06-30": 17.9, "2013-03-31": "-104.50000", "2012-12-31": 100.3, "2012-09-30": 3.7, "2012-06-30": 22.1, "2012-03-31": "-82.30000", "2011-12-31": 53.6, "2011-09-30": -3.1, "2011-06-30": 9.7, "2011-03-31": "-48.40000", "2010-12-31": 61.1, "2010-09-30": -10, "2010-06-30": 6.3, "2010-03-31": "-36.10000", "2009-12-31": 69.5, "2009-09-30": -31.9, "2009-06-30": -37.2, "2009-03-31": "-119.50000", "2008-12-31": 121.4, "2008-09-30": -23.5, "2008-06-30": -53, "2008-03-31": "5.80000", "2007-12-31": 41.5, "2007-09-30": 43.4, "2007-06-30": -8.5, "2007-03-31": "-66.30000", "2006-12-31": 115, "2006-09-30": 5.4, "2006-06-30": -19.4, "2006-03-31": "-137.30000", "2005-12-31": 65.3, "2005-09-30": 36.2, "2005-06-30": 28.6, "2005-03-31": "-36.70000"}, "Change In Assets/Liabilities": {"2020-12-31": -130.6, "2020-09-30": 110.9, "2020-06-30": -42.4, "2020-03-31": "37.70000", "2019-12-31": -37, "2019-09-30": 143.7, "2019-06-30": -214.8, "2019-03-31": "179.70000", "2018-12-31": -232.8, "2018-09-30": 76.3, "2018-06-30": -131, "2018-03-31": "209.90000", "2017-12-31": 74.5, "2017-09-30": 47.4, "2017-06-30": -99.2, "2017-03-31": "132.00000", "2016-12-31": 86.8, "2016-09-30": 67.9, "2016-06-30": -65.3, "2016-03-31": "-7.00000", "2015-12-31": -186.6, "2015-09-30": 158, "2015-06-30": -57.1, "2015-03-31": "72.60000", "2014-12-31": -59.6, "2014-09-30": 10.2, "2014-06-30": -5.2, "2014-03-31": "-4.60000", "2013-12-31": -39.2, "2013-09-30": 29.6, "2013-06-30": -52.9, "2013-03-31": "63.80000", "2012-12-31": -28.9, "2012-09-30": 46.1, "2012-06-30": -55.8, "2012-03-31": "45.00000", "2011-12-31": 41.1, "2011-09-30": -13.2, "2011-06-30": -73, "2011-03-31": "94.60000", "2010-12-31": -46.3, "2010-09-30": 60.2, "2010-06-30": -23.7, "2010-03-31": "71.80000", "2009-12-31": -48.8, "2009-09-30": 78.9, "2009-06-30": -49.4, "2009-03-31": "78.60000", "2008-12-31": -59.5, "2008-09-30": 1.8, "2008-06-30": -12.3, "2008-03-31": "107.40000", "2007-12-31": -45.2, "2007-09-30": 6.7, "2007-06-30": -104.8, "2007-03-31": "96.40000", "2006-12-31": -65, "2006-09-30": 12.4, "2006-06-30": -46.3, "2006-03-31": "22.10000", "2005-12-31": -80.9, "2005-09-30": -35.5, "2005-06-30": -79.4, "2005-03-31": "56.20000"}, "Total Change In Assets/Liabilities": {"2020-12-31": -214.4, "2020-09-30": 61.5, "2020-06-30": 161.7, "2020-03-31": "-57.20000", "2019-12-31": -61.8, "2019-09-30": 134.5, "2019-06-30": 27.7, "2019-03-31": "69.40000", "2018-12-31": -279.4, "2018-09-30": 25.1, "2018-06-30": 160.1, "2018-03-31": "141.90000", "2017-12-31": -69.3, "2017-09-30": -48.6, "2017-06-30": 99.2, "2017-03-31": "144.80000", "2016-12-31": -83.8, "2016-09-30": -19, "2016-06-30": 101, "2016-03-31": "37.90000", "2015-12-31": -293.5, "2015-09-30": 25.6, "2015-06-30": 182.4, "2015-03-31": "77.70000", "2014-12-31": -159.6, "2014-09-30": 49.5, "2014-06-30": 82.9, "2014-03-31": "1.20000", "2013-12-31": -226.4, "2013-09-30": 85.3, "2013-06-30": 76.5, "2013-03-31": "-43.90000", "2012-12-31": -18.3, "2012-09-30": 167.1, "2012-06-30": 17.8, "2012-03-31": "60.10000", "2011-12-31": -182.1, "2011-09-30": 10, "2011-06-30": 33.5, "2011-03-31": "139.70000", "2010-12-31": -148.8, "2010-09-30": 72.6, "2010-06-30": -26.9, "2010-03-31": "92.30000", "2009-12-31": -74.4, "2009-09-30": -35.9, "2009-06-30": 109, "2009-03-31": "61.40000", "2008-12-31": -206, "2008-09-30": 8.5, "2008-06-30": 2.5, "2008-03-31": "218.30000", "2007-12-31": -283.9, "2007-09-30": 50.5, "2007-06-30": -81.7, "2007-03-31": "165.80000", "2006-12-31": -142, "2006-09-30": -55.3, "2006-06-30": 88.3, "2006-03-31": "141.70000", "2005-12-31": -171.2, "2005-09-30": -121, "2005-06-30": -82.9, "2005-03-31": "161.90000"}, "Cash Flow From Operating Activities": {"2020-12-31": 246.3, "2020-09-30": 570.1, "2020-06-30": 689.1, "2020-03-31": "690.50000", "2019-12-31": 504.8, "2019-09-30": 549.5, "2019-06-30": 555.5, "2019-03-31": "735.70000", "2018-12-31": 437.3, "2018-09-30": 494.8, "2018-06-30": 619.4, "2018-03-31": "894.00000", "2017-12-31": 332.9, "2017-09-30": 478.8, "2017-06-30": 552.3, "2017-03-31": "714.60000", "2016-12-31": 381.9, "2016-09-30": 497.8, "2016-06-30": 528.2, "2016-03-31": "695.90000", "2015-12-31": 219.2, "2015-09-30": 357.9, "2015-06-30": 386.5, "2015-03-31": "330.00000", "2014-12-31": 164.3, "2014-09-30": 313.3, "2014-06-30": 336.2, "2014-03-31": "385.10000", "2013-12-31": 181.9, "2013-09-30": 368.8, "2013-06-30": 351.2, "2013-03-31": "330.30000", "2012-12-31": 181.5, "2012-09-30": 383.7, "2012-06-30": 268.2, "2012-03-31": "340.50000", "2011-12-31": 165.8, "2011-09-30": 179, "2011-06-30": 257.6, "2011-03-31": "391.00000", "2010-12-31": 156.7, "2010-09-30": 230, "2010-06-30": 120, "2010-03-31": "303.70000", "2009-12-31": 195.2, "2009-09-30": 202.7, "2009-06-30": 210.7, "2009-03-31": "20.30000", "2008-12-31": 93.3, "2008-09-30": 69.3, "2008-06-30": 229.9, "2008-03-31": "343.80000", "2007-12-31": -100.3, "2007-09-30": 177.1, "2007-06-30": 92.7, "2007-03-31": "362.90000", "2006-12-31": 21.7, "2006-09-30": 127.7, "2006-06-30": 240.9, "2006-03-31": "339.70000", "2005-12-31": 15, "2005-09-30": 129, "2005-06-30": 58.3, "2005-03-31": "376.70000"}, "Net Change In Property, Plant, And Equipment": {"2020-12-31": -609.6, "2020-09-30": -571.7, "2020-06-30": -542.4, "2020-03-31": "-494.80000", "2019-12-31": -781.5, "2019-09-30": -624.1, "2019-06-30": -507, "2019-03-31": "-348.20000", "2018-12-31": -625.2, "2018-09-30": -575, "2018-06-30": -476.7, "2018-03-31": "-438.80000", "2017-12-31": -673, "2017-09-30": -517.2, "2017-06-30": -439.6, "2017-03-31": "-329.70000", "2016-12-31": -257.3, "2016-09-30": -542.4, "2016-06-30": -145.7, "2016-03-31": "-312.00000", "2015-12-31": -472.2, "2015-09-30": -397.1, "2015-06-30": -214.8, "2015-03-31": "-153.20000", "2014-12-31": -248.2, "2014-09-30": -207.5, "2014-06-30": -176.3, "2014-03-31": "-129.20000", "2013-12-31": -225, "2013-09-30": -190.4, "2013-06-30": -173.7, "2013-03-31": "-133.60000", "2012-12-31": -220.8, "2012-09-30": -163.5, "2012-06-30": -171.7, "2012-03-31": "-142.30000", "2011-12-31": -215.6, "2011-09-30": -265.1, "2011-06-30": -211.4, "2011-03-31": "-97.20000", "2010-12-31": -247.7, "2010-09-30": -166.2, "2010-06-30": -121.2, "2010-03-31": "-194.40000", "2009-12-31": -260.4, "2009-09-30": -188.8, "2009-06-30": -177.3, "2009-03-31": "-171.30000", "2008-12-31": -244.5, "2008-09-30": -242.6, "2008-06-30": -293.4, "2008-03-31": "-339.10000", "2007-12-31": -362.5, "2007-09-30": 671.9, "2007-06-30": -271.4, "2007-03-31": "-285.10000", "2006-12-31": -231.3, "2006-09-30": -215.6, "2006-06-30": -164.9, "2006-03-31": "-214.50000", "2005-12-31": -169.8, "2005-09-30": -174.4, "2005-06-30": -105.2, "2005-03-31": "-161.90000"}, "Net Change In Intangible Assets": {"2020-12-31": 0, "2020-09-30": 0, "2020-06-30": 0, "2020-03-31": "", "2019-12-31": 0, "2019-09-30": 0, "2019-06-30": 0, "2019-03-31": "", "2018-12-31": 0, "2018-09-30": 0, "2018-06-30": 0, "2018-03-31": "", "2017-12-31": 0, "2017-09-30": 0, "2017-06-30": 0, "2017-03-31": "", "2016-12-31": 0, "2016-09-30": 0, "2016-06-30": 0, "2016-03-31": "", "2015-12-31": 0, "2015-09-30": 0, "2015-06-30": 0, "2015-03-31": "", "2014-12-31": 0, "2014-09-30": 0, "2014-06-30": 0, "2014-03-31": "", "2013-12-31": 0, "2013-09-30": 0, "2013-06-30": 0, "2013-03-31": "", "2012-12-31": 0, "2012-09-30": 0, "2012-06-30": 0, "2012-03-31": "", "2011-12-31": 0, "2011-09-30": 0, "2011-06-30": 0, "2011-03-31": "", "2010-12-31": 0, "2010-09-30": 0, "2010-06-30": 0, "2010-03-31": "", "2009-12-31": 0, "2009-09-30": 0, "2009-06-30": 0, "2009-03-31": "", "2008-12-31": 0, "2008-09-30": 0, "2008-06-30": 0, "2008-03-31": "", "2007-12-31": 0, "2007-09-30": 0, "2007-06-30": 0, "2007-03-31": "", "2006-12-31": 0, "2006-09-30": 0, "2006-06-30": 0, "2006-03-31": "", "2005-12-31": 0, "2005-09-30": 0, "2005-06-30": 0, "2005-03-31": ""}, "Net Acquisitions/Divestitures": {"2020-12-31": -604.5, "2020-09-30": -2.1, "2020-06-30": 2.1, "2020-03-31": "", "2019-12-31": 37.6, "2019-09-30": -30, "2019-06-30": 30, "2019-03-31": "-268.20000", "2018-12-31": -79.6, "2018-09-30": -140.5, "2018-06-30": -69.2, "2018-03-31": "", "2017-12-31": 24, "2017-09-30": 0, "2017-06-30": -239.1, "2017-03-31": "13.10000", "2016-12-31": -161.2, "2016-09-30": 161.2, "2016-06-30": -106.5, "2016-03-31": "106.50000", "2015-12-31": 0, "2015-09-30": -21.7, "2015-06-30": -1308.2, "2015-03-31": "", "2014-12-31": 13.9, "2014-09-30": 0, "2014-06-30": 0, "2014-03-31": "", "2013-12-31": 0, "2013-09-30": 0, "2013-06-30": 0, "2013-03-31": "", "2012-12-31": 0, "2012-09-30": 0, "2012-06-30": 0, "2012-03-31": "", "2011-12-31": 0, "2011-09-30": 0, "2011-06-30": 0, "2011-03-31": "", "2010-12-31": 0, "2010-09-30": 0, "2010-06-30": 0, "2010-03-31": "", "2009-12-31": 0, "2009-09-30": 0, "2009-06-30": 0, "2009-03-31": "", "2008-12-31": 0, "2008-09-30": 0, "2008-06-30": 0, "2008-03-31": "", "2007-12-31": 0, "2007-09-30": 0, "2007-06-30": 0, "2007-03-31": "", "2006-12-31": 0, "2006-09-30": 0, "2006-06-30": 0, "2006-03-31": "", "2005-12-31": 0, "2005-09-30": 0, "2005-06-30": 0, "2005-03-31": ""}, "Net Change In Short-term Investments": {"2020-12-31": 0, "2020-09-30": 0, "2020-06-30": 0, "2020-03-31": "", "2019-12-31": 0, "2019-09-30": 0, "2019-06-30": 0, "2019-03-31": "", "2018-12-31": 0, "2018-09-30": 0, "2018-06-30": 0, "2018-03-31": "", "2017-12-31": 0, "2017-09-30": 0, "2017-06-30": 0, "2017-03-31": "", "2016-12-31": 0, "2016-09-30": 0, "2016-06-30": 0, "2016-03-31": "", "2015-12-31": 0, "2015-09-30": 0, "2015-06-30": 0, "2015-03-31": "", "2014-12-31": 0, "2014-09-30": 0, "2014-06-30": 0, "2014-03-31": "", "2013-12-31": 0, "2013-09-30": 0, "2013-06-30": 0, "2013-03-31": "", "2012-12-31": 0, "2012-09-30": 0, "2012-06-30": 0, "2012-03-31": "", "2011-12-31": 0, "2011-09-30": 0, "2011-06-30": 0, "2011-03-31": "", "2010-12-31": 0, "2010-09-30": 0, "2010-06-30": 0, "2010-03-31": "", "2009-12-31": 0, "2009-09-30": 0, "2009-06-30": 0, "2009-03-31": "", "2008-12-31": 0, "2008-09-30": 0, "2008-06-30": 0, "2008-03-31": "", "2007-12-31": 0, "2007-09-30": 0, "2007-06-30": 0, "2007-03-31": "", "2006-12-31": 0, "2006-09-30": 0, "2006-06-30": 0, "2006-03-31": "", "2005-12-31": 0, "2005-09-30": 0, "2005-06-30": 0, "2005-03-31": ""}, "Net Change In Long-Term Investments": {"2020-12-31": -4.7, "2020-09-30": -6.2, "2020-06-30": -5.9, "2020-03-31": "14.00000", "2019-12-31": -15.3, "2019-09-30": -15.3, "2019-06-30": -18.5, "2019-03-31": "-3.30000", "2018-12-31": 27.2, "2018-09-30": -11.2, "2018-06-30": -19.6, "2018-03-31": "3.70000", "2017-12-31": -49.9, "2017-09-30": -12.8, "2017-06-30": -22.9, "2017-03-31": "-19.00000", "2016-12-31": -72.7, "2016-09-30": -15, "2016-06-30": -3.1, "2016-03-31": "-9.00000", "2015-12-31": -3.1, "2015-09-30": -3, "2015-06-30": -1.3, "2015-03-31": "-1.30000", "2014-12-31": -2.6, "2014-09-30": -2.6, "2014-06-30": -4, "2014-03-31": "-3.90000", "2013-12-31": -2.6, "2013-09-30": -2.7, "2013-06-30": -3.9, "2013-03-31": "-1.30000", "2012-12-31": 4.2, "2012-09-30": 1.9, "2012-06-30": 2.8, "2012-03-31": "18.20000", "2011-12-31": 0, "2011-09-30": -2, "2011-06-30": -2, "2011-03-31": "-39.80000", "2010-12-31": 53.1, "2010-09-30": 50, "2010-06-30": 38.3, "2010-03-31": "39.60000", "2009-12-31": 34.7, "2009-09-30": 39.8, "2009-06-30": 40, "2009-03-31": "51.60000", "2008-12-31": 56.5, "2008-09-30": 118.6, "2008-06-30": 56.4, "2008-03-31": "88.30000", "2007-12-31": -1291.2002, "2007-09-30": 1112, "2007-06-30": 0, "2007-03-31": "", "2006-12-31": -444.9, "2006-09-30": 407.4, "2006-06-30": -16.9, "2006-03-31": "-7.90000", "2005-12-31": -51.1, "2005-09-30": -5.4, "2005-06-30": -13.1, "2005-03-31": "-8.20000"}, "Net Change In Investments - Total": {"2020-12-31": -4.7, "2020-09-30": -6.2, "2020-06-30": -5.9, "2020-03-31": "14.00000", "2019-12-31": -15.3, "2019-09-30": -15.3, "2019-06-30": -18.5, "2019-03-31": "-3.30000", "2018-12-31": 27.2, "2018-09-30": -11.2, "2018-06-30": -19.6, "2018-03-31": "3.70000", "2017-12-31": -49.9, "2017-09-30": -12.8, "2017-06-30": -22.9, "2017-03-31": "-19.00000", "2016-12-31": -72.7, "2016-09-30": -15, "2016-06-30": -3.1, "2016-03-31": "-9.00000", "2015-12-31": -3.1, "2015-09-30": -3, "2015-06-30": -1.3, "2015-03-31": "-1.30000", "2014-12-31": -2.6, "2014-09-30": -2.6, "2014-06-30": -4, "2014-03-31": "-3.90000", "2013-12-31": -2.6, "2013-09-30": -2.7, "2013-06-30": -3.9, "2013-03-31": "-1.30000", "2012-12-31": 4.2, "2012-09-30": 1.9, "2012-06-30": 2.8, "2012-03-31": "18.20000", "2011-12-31": 0, "2011-09-30": -2, "2011-06-30": -2, "2011-03-31": "-39.80000", "2010-12-31": 53.1, "2010-09-30": 50, "2010-06-30": 38.3, "2010-03-31": "39.60000", "2009-12-31": 34.7, "2009-09-30": 39.8, "2009-06-30": 40, "2009-03-31": "51.60000", "2008-12-31": 56.5, "2008-09-30": 118.6, "2008-06-30": 56.4, "2008-03-31": "88.30000", "2007-12-31": -1291.2002, "2007-09-30": 1112, "2007-06-30": 0, "2007-03-31": "", "2006-12-31": -444.9, "2006-09-30": 407.4, "2006-06-30": -16.9, "2006-03-31": "-7.90000", "2005-12-31": -51.1, "2005-09-30": -5.4, "2005-06-30": -13.1, "2005-03-31": "-8.20000"}, "Investing Activities - Other": {"2020-12-31": -24.9, "2020-09-30": 23.1, "2020-06-30": 3, "2020-03-31": "17.80000", "2019-12-31": -1.2, "2019-09-30": 1.3, "2019-06-30": 35.7, "2019-03-31": "13.10000", "2018-12-31": 13.2, "2018-09-30": 3.5, "2018-06-30": 4.5, "2018-03-31": "-0.70000", "2017-12-31": 10.6, "2017-09-30": 0.4, "2017-06-30": -1.5, "2017-03-31": "2.50000", "2016-12-31": -21.4, "2016-09-30": 3.7, "2016-06-30": -5.4, "2016-03-31": "26.10000", "2015-12-31": 53.7, "2015-09-30": 5.1, "2015-06-30": 1.4, "2015-03-31": "-1.80000", "2014-12-31": 9, "2014-09-30": -5.9, "2014-06-30": 6.5, "2014-03-31": "-6.00000", "2013-12-31": 26.6, "2013-09-30": -15.1, "2013-06-30": -13.7, "2013-03-31": "-10.40000", "2012-12-31": -21.6, "2012-09-30": -17.2, "2012-06-30": -13.3, "2012-03-31": "-6.30000", "2011-12-31": -26.6, "2011-09-30": -15.7, "2011-06-30": -9.7, "2011-03-31": "-7.40000", "2010-12-31": -28.9, "2010-09-30": -18.5, "2010-06-30": -21.3, "2010-03-31": "-16.30000", "2009-12-31": -34.4, "2009-09-30": -22.2, "2009-06-30": -24.5, "2009-03-31": "-23.30000", "2008-12-31": -36.6, "2008-09-30": -23.3, "2008-06-30": -26.5, "2008-03-31": "-20.10000", "2007-12-31": 1497, "2007-09-30": -1573.5, "2007-06-30": -21.1, "2007-03-31": "-19.20000", "2006-12-31": 387, "2006-09-30": -440.6, "2006-06-30": -5.5, "2006-03-31": "8.20000", "2005-12-31": -7, "2005-09-30": -6.3, "2005-06-30": -3.9, "2005-03-31": "7.10000"}, "Cash Flow From Investing Activities": {"2020-12-31": -1243.7, "2020-09-30": -556.9, "2020-06-30": -543.2, "2020-03-31": "-463.00000", "2019-12-31": -760.4, "2019-09-30": -668.1, "2019-06-30": -459.8, "2019-03-31": "-606.60000", "2018-12-31": -664.4, "2018-09-30": -723.2, "2018-06-30": -561, "2018-03-31": "-435.80000", "2017-12-31": -688.3, "2017-09-30": -529.6, "2017-06-30": -703.1, "2017-03-31": "-333.10000", "2016-12-31": -512.6, "2016-09-30": -392.5, "2016-06-30": -260.7, "2016-03-31": "-188.40000", "2015-12-31": -421.6, "2015-09-30": -416.7, "2015-06-30": -1522.9, "2015-03-31": "-156.30000", "2014-12-31": -227.9, "2014-09-30": -216, "2014-06-30": -173.8, "2014-03-31": "-139.10000", "2013-12-31": -201, "2013-09-30": -208.2, "2013-06-30": -191.3, "2013-03-31": "-145.30000", "2012-12-31": -238.2, "2012-09-30": -178.8, "2012-06-30": -182.2, "2012-03-31": "-130.40000", "2011-12-31": -242.2, "2011-09-30": -282.8, "2011-06-30": -223.1, "2011-03-31": "-144.40000", "2010-12-31": -223.5, "2010-09-30": -134.7, "2010-06-30": -104.2, "2010-03-31": "-171.10000", "2009-12-31": -260.1, "2009-09-30": -171.2, "2009-06-30": -161.8, "2009-03-31": "-143.00000", "2008-12-31": -224.6, "2008-09-30": -147.3, "2008-06-30": -263.5, "2008-03-31": "-270.90000", "2007-12-31": -156.7, "2007-09-30": 210.4, "2007-06-30": -292.5, "2007-03-31": "-304.30000", "2006-12-31": -289.2, "2006-09-30": -248.8, "2006-06-30": -187.3, "2006-03-31": "-214.20000", "2005-12-31": -227.9, "2005-09-30": -186.1, "2005-06-30": -122.2, "2005-03-31": "-163.00000"}, "Net Long-Term Debt": {"2020-12-31": 223.4, "2020-09-30": 635.6, "2020-06-30": -294.2, "2020-03-31": "-14.00000", "2019-12-31": 320.9, "2019-09-30": 881.3, "2019-06-30": -4, "2019-03-31": "336.70000", "2018-12-31": 881.1, "2018-09-30": -13, "2018-06-30": -68.8, "2018-03-31": "-12.60000", "2017-12-31": 97.4, "2017-09-30": -12.3, "2017-06-30": 207.4, "2017-03-31": "-12.00000", "2016-12-31": 147.5, "2016-09-30": 188.3, "2016-06-30": -102.4, "2016-03-31": "-139.40000", "2015-12-31": -2.5, "2015-09-30": 184.5, "2015-06-30": 1447.7, "2015-03-31": "-9.30000", "2014-12-31": -2.3, "2014-09-30": -10.9, "2014-06-30": -52.2, "2014-03-31": "-8.90000", "2013-12-31": -33, "2013-09-30": -52.7, "2013-06-30": -52, "2013-03-31": "-8.50000", "2012-12-31": 249.8, "2012-09-30": -8.3, "2012-06-30": -2, "2012-03-31": "-8.00000", "2011-12-31": -1.9, "2011-09-30": 292.2, "2011-06-30": -451.9, "2011-03-31": "415.00000", "2010-12-31": -1.8, "2010-09-30": -26.4, "2010-06-30": -1.8, "2010-03-31": "268.30000", "2009-12-31": 230.9, "2009-09-30": -148.7, "2009-06-30": -1.6, "2009-03-31": "-40.20000", "2008-12-31": 488.4, "2008-09-30": 145.1, "2008-06-30": 129.7, "2008-03-31": "-148.00000", "2007-12-31": -251, "2007-09-30": -82.2, "2007-06-30": 514.7, "2007-03-31": "-21.90000", "2006-12-31": 119.4, "2006-09-30": 2, "2006-06-30": -257.9, "2006-03-31": "-19.40000", "2005-12-31": 28.5, "2005-09-30": 148.1, "2005-06-30": -10.8, "2005-03-31": "7.80000"}, "Net Current Debt": {"2020-12-31": 1005.9, "2020-09-30": -440.5, "2020-06-30": 384.3, "2020-03-31": "-3.60000", "2019-12-31": 144.4, "2019-09-30": -576.3, "2019-06-30": 117.5, "2019-03-31": "-294.90000", "2018-12-31": -348.2, "2018-09-30": 418.3, "2018-06-30": 169.7, "2018-03-31": "-244.30000", "2017-12-31": 451.1, "2017-09-30": 218.7, "2017-06-30": 104.4, "2017-03-31": "-189.80000", "2016-12-31": 70.8, "2016-09-30": -138.4, "2016-06-30": 31.4, "2016-03-31": "-198.60000", "2015-12-31": 433.5, "2015-09-30": -164.8, "2015-06-30": -51.1, "2015-03-31": "-54.60000", "2014-12-31": 141.8, "2014-09-30": 65.7, "2014-06-30": -12.1, "2014-03-31": "-115.20000", "2013-12-31": 175.6, "2013-09-30": 25.9, "2013-06-30": 19.2, "2013-03-31": "-77.90000", "2012-12-31": -58.6, "2012-09-30": -106.3, "2012-06-30": 2.2, "2012-03-31": "-112.60000", "2011-12-31": 173.2, "2011-09-30": -45.7, "2011-06-30": 260.9, "2011-03-31": "-376.40000", "2010-12-31": 139.3, "2010-09-30": -1.8, "2010-06-30": 42.4, "2010-03-31": "-347.10000", "2009-12-31": -112.9, "2009-09-30": 157.8, "2009-06-30": -11.1, "2009-03-31": "189.00000", "2008-12-31": -311.9, "2008-09-30": -35.2, "2008-06-30": -57, "2008-03-31": "105.70000", "2007-12-31": 69.4, "2007-09-30": 187.6, "2007-06-30": -260.4, "2007-03-31": "-7.80000", "2006-12-31": 202.6, "2006-09-30": 152, "2006-06-30": 211.8, "2006-03-31": "-110.80000", "2005-12-31": 258.5, "2005-09-30": -52.1, "2005-06-30": 95, "2005-03-31": "-183.10000"}, "Debt Issuance/Retirement Net - Total": {"2020-12-31": 1229.3, "2020-09-30": 195.1, "2020-06-30": 90.1, "2020-03-31": "-17.60000", "2019-12-31": 465.3, "2019-09-30": 305, "2019-06-30": 113.5, "2019-03-31": "41.80000", "2018-12-31": 532.9, "2018-09-30": 405.3, "2018-06-30": 100.9, "2018-03-31": "-256.90000", "2017-12-31": 548.5, "2017-09-30": 206.4, "2017-06-30": 311.8, "2017-03-31": "-201.80000", "2016-12-31": 218.3, "2016-09-30": 49.9, "2016-06-30": -71, "2016-03-31": "-338.00000", "2015-12-31": 431, "2015-09-30": 19.7, "2015-06-30": 1396.6, "2015-03-31": "-63.90000", "2014-12-31": 139.5, "2014-09-30": 54.8, "2014-06-30": -64.3, "2014-03-31": "-124.10000", "2013-12-31": 142.6, "2013-09-30": -26.8, "2013-06-30": -32.8, "2013-03-31": "-86.40000", "2012-12-31": 191.2, "2012-09-30": -114.6, "2012-06-30": 0.2, "2012-03-31": "-120.60000", "2011-12-31": 171.3, "2011-09-30": 246.5, "2011-06-30": -191, "2011-03-31": "38.60000", "2010-12-31": 137.5, "2010-09-30": -28.2, "2010-06-30": 40.6, "2010-03-31": "-78.80000", "2009-12-31": 118, "2009-09-30": 9.1, "2009-06-30": -12.7, "2009-03-31": "148.80000", "2008-12-31": 176.5, "2008-09-30": 109.9, "2008-06-30": 72.7, "2008-03-31": "-42.30000", "2007-12-31": -181.6, "2007-09-30": 105.4, "2007-06-30": 254.3, "2007-03-31": "-29.70000", "2006-12-31": 322, "2006-09-30": 154, "2006-06-30": -46.1, "2006-03-31": "-130.20000", "2005-12-31": 287, "2005-09-30": 96, "2005-06-30": 84.2, "2005-03-31": "-175.30000"}, "Net Common Equity Issued/Repurchased": {"2020-12-31": -22, "2020-09-30": -3.4, "2020-06-30": -5.6, "2020-03-31": "-24.40000", "2019-12-31": -1, "2019-09-30": -15.9, "2019-06-30": -18.1, "2019-03-31": "-38.10000", "2018-12-31": -15.2, "2018-09-30": -13.4, "2018-06-30": -1, "2018-03-31": "-13.70000", "2017-12-31": -5.5, "2017-09-30": -10.9, "2017-06-30": -9.8, "2017-03-31": "-14.30000", "2016-12-31": -1.2, "2016-09-30": -6, "2016-06-30": -21, "2016-03-31": "-38.20000", "2015-12-31": -4.9, "2015-09-30": -19.9, "2015-06-30": -4.8, "2015-03-31": "-15.00000", "2014-12-31": -20.4, "2014-09-30": -12.8, "2014-06-30": -2.3, "2014-03-31": "-37.40000", "2013-12-31": -29.7, "2013-09-30": -50.2, "2013-06-30": -55.8, "2013-03-31": "-39.20000", "2012-12-31": -43.7, "2012-09-30": -21.3, "2012-06-30": -22.1, "2012-03-31": "-16.30000", "2011-12-31": -38.8, "2011-09-30": -78.7, "2011-06-30": -10.1, "2011-03-31": "-11.90000", "2010-12-31": -13.2, "2010-09-30": -26.8, "2010-06-30": -13.8, "2010-03-31": "-11.90000", "2009-12-31": -4.1, "2009-09-30": -4.3, "2009-06-30": -1.6, "2009-03-31": "-2.60000", "2008-12-31": -1.5, "2008-09-30": -2.6, "2008-06-30": -4.5, "2008-03-31": "-2.80000", "2007-12-31": -6.6, "2007-09-30": -0.4, "2007-06-30": -7.6, "2007-03-31": "-17.10000", "2006-12-31": -11.9, "2006-09-30": -3.8, "2006-06-30": -1, "2006-03-31": "-4.50000", "2005-12-31": -1.9, "2005-09-30": -4, "2005-06-30": 7.6, "2005-03-31": "-29.80000"}, "Net Total Equity Issued/Repurchased": {"2020-12-31": -22, "2020-09-30": -3.4, "2020-06-30": -5.6, "2020-03-31": "-24.40000", "2019-12-31": -1, "2019-09-30": -15.9, "2019-06-30": -18.1, "2019-03-31": "-38.10000", "2018-12-31": -15.2, "2018-09-30": -13.4, "2018-06-30": -1, "2018-03-31": "-13.70000", "2017-12-31": -5.5, "2017-09-30": -10.9, "2017-06-30": -9.8, "2017-03-31": "-14.30000", "2016-12-31": -1.2, "2016-09-30": -6, "2016-06-30": -21, "2016-03-31": "-38.20000", "2015-12-31": -57.6, "2015-09-30": -19.9, "2015-06-30": -4.8, "2015-03-31": "-15.00000", "2014-12-31": -20.4, "2014-09-30": -12.8, "2014-06-30": -2.3, "2014-03-31": "-37.40000", "2013-12-31": -29.7, "2013-09-30": -50.2, "2013-06-30": -55.8, "2013-03-31": "-39.20000", "2012-12-31": -43.7, "2012-09-30": -21.3, "2012-06-30": -22.1, "2012-03-31": "-16.30000", "2011-12-31": -38.8, "2011-09-30": -78.7, "2011-06-30": -10.1, "2011-03-31": "-11.90000", "2010-12-31": -13.2, "2010-09-30": -26.8, "2010-06-30": -13.8, "2010-03-31": "-11.90000", "2009-12-31": -4.1, "2009-09-30": -4.3, "2009-06-30": -1.6, "2009-03-31": "-2.60000", "2008-12-31": -1.5, "2008-09-30": -2.6, "2008-06-30": -4.5, "2008-03-31": "-2.80000", "2007-12-31": -6.6, "2007-09-30": -0.4, "2007-06-30": -7.6, "2007-03-31": "-17.10000", "2006-12-31": -11.9, "2006-09-30": -3.8, "2006-06-30": -1, "2006-03-31": "-4.50000", "2005-12-31": -1.9, "2005-09-30": -4, "2005-06-30": 7.6, "2005-03-31": "-29.80000"}, "Total Common And Preferred Stock Dividends Paid": {"2020-12-31": -199.5, "2020-09-30": -199.5, "2020-06-30": -199.5, "2020-03-31": "-199.50000", "2019-12-31": -186.1, "2019-09-30": -186.1, "2019-06-30": -186.1, "2019-03-31": "-186.20000", "2018-12-31": -174.3, "2018-09-30": -174.3, "2018-06-30": -174.5, "2018-03-31": "-174.20000", "2017-12-31": -164.1, "2017-09-30": -164.1, "2017-06-30": -164.2, "2017-03-31": "-164.10000", "2016-12-31": -156.3, "2016-09-30": -156.2, "2016-06-30": -156.2, "2016-03-31": "-156.20000", "2015-12-31": -144.5, "2015-09-30": -120.4, "2015-06-30": -95.2, "2015-03-31": "-95.30000", "2014-12-31": -88, "2014-09-30": -88, "2014-06-30": -87.9, "2014-03-31": "-88.10000", "2013-12-31": -86.6, "2013-09-30": -86.7, "2013-06-30": -77.8, "2013-03-31": "-77.80000", "2012-12-31": -68.9, "2012-09-30": -69.1, "2012-06-30": -69.2, "2012-03-31": "-69.10000", "2011-12-31": -60, "2011-09-30": -60.5, "2011-06-30": -60.7, "2011-03-31": "-60.80000", "2010-12-31": -46.7, "2010-09-30": -46.8, "2010-06-30": -46.7, "2010-03-31": "-46.80000", "2009-12-31": -39.4, "2009-09-30": -39.5, "2009-06-30": -39.4, "2009-03-31": "-39.50000", "2008-12-31": -31.6, "2008-09-30": -31.6, "2008-06-30": -31.5, "2008-03-31": "-31.60000", "2007-12-31": -29.2, "2007-09-30": -29.2, "2007-06-30": -29.3, "2007-03-31": "-29.20000", "2006-12-31": -26.9, "2006-09-30": -26.9, "2006-06-30": -26.9, "2006-03-31": "-26.90000", "2005-12-31": -25.7, "2005-09-30": -25.7, "2005-06-30": -25.8, "2005-03-31": "-25.70000"}, "Financial Activities - Other": {"2020-12-31": 1, "2020-09-30": -6.6, "2020-06-30": -34.2, "2020-03-31": "-2.60000", "2019-12-31": -6.9, "2019-09-30": -8.5, "2019-06-30": -3.4, "2019-03-31": "-3.60000", "2018-12-31": -10.4, "2018-09-30": -1, "2018-06-30": -3.5, "2018-03-31": "-0.30000", "2017-12-31": -3.4, "2017-09-30": -0.4, "2017-06-30": -2.1, "2017-03-31": "-0.60000", "2016-12-31": -1.4, "2016-09-30": -0.1, "2016-06-30": -21.9, "2016-03-31": "9.80000", "2015-12-31": 1.1, "2015-09-30": -12.8, "2015-06-30": -11, "2015-03-31": "3.80000", "2014-12-31": 5.7, "2014-09-30": 4, "2014-06-30": -2.1, "2014-03-31": "5.20000", "2013-12-31": 0.3, "2013-09-30": 0.6, "2013-06-30": 2.8, "2013-03-31": "7.50000", "2012-12-31": 0.7, "2012-09-30": 0, "2012-06-30": 0.1, "2012-03-31": "-0.10000", "2011-12-31": 2.9, "2011-09-30": 1, "2011-06-30": 1.9, "2011-03-31": "-1.00000", "2010-12-31": 2.5, "2010-09-30": 7.2, "2010-06-30": 2.5, "2010-03-31": "-3.20000", "2009-12-31": 0.9, "2009-09-30": 1.1, "2009-06-30": 0.3, "2009-03-31": "0.60000", "2008-12-31": -3, "2008-09-30": -1, "2008-06-30": -0.7, "2008-03-31": "0.60000", "2007-12-31": 1.8, "2007-09-30": 0, "2007-06-30": -5, "2007-03-31": "4.50000", "2006-12-31": 0.1, "2006-09-30": 0.9, "2006-06-30": 1.4, "2006-03-31": "", "2005-12-31": -3.1, "2005-09-30": 0, "2005-06-30": 0, "2005-03-31": ""}, "Cash Flow From Financial Activities": {"2020-12-31": 1008.8, "2020-09-30": -14.4, "2020-06-30": -149.2, "2020-03-31": "-244.10000", "2019-12-31": 271.3, "2019-09-30": 94.5, "2019-06-30": -94.1, "2019-03-31": "-186.10000", "2018-12-31": 333, "2018-09-30": 216.6, "2018-06-30": -78.1, "2018-03-31": "-445.10000", "2017-12-31": 375.5, "2017-09-30": 31, "2017-06-30": 135.7, "2017-03-31": "-380.80000", "2016-12-31": 59.4, "2016-09-30": -112.4, "2016-06-30": -270.1, "2016-03-31": "-522.60000", "2015-12-31": 230, "2015-09-30": -133.4, "2015-06-30": 1285.6, "2015-03-31": "-170.40000", "2014-12-31": 36.8, "2014-09-30": -42, "2014-06-30": -156.6, "2014-03-31": "-244.40000", "2013-12-31": 26.6, "2013-09-30": -163.1, "2013-06-30": -163.6, "2013-03-31": "-195.90000", "2012-12-31": 79.3, "2012-09-30": -205, "2012-06-30": -91, "2012-03-31": "-206.10000", "2011-12-31": 75.4, "2011-09-30": 108.3, "2011-06-30": -259.9, "2011-03-31": "-35.10000", "2010-12-31": 80.1, "2010-09-30": -94.6, "2010-06-30": -17.4, "2010-03-31": "-140.70000", "2009-12-31": 75.4, "2009-09-30": -33.6, "2009-06-30": -53.4, "2009-03-31": "107.30000", "2008-12-31": 140.4, "2008-09-30": 74.7, "2008-06-30": 36, "2008-03-31": "-76.10000", "2007-12-31": -215.6, "2007-09-30": 75.8, "2007-06-30": 212.4, "2007-03-31": "-71.50000", "2006-12-31": 283.3, "2006-09-30": 124.2, "2006-06-30": -72.6, "2006-03-31": "-161.60000", "2005-12-31": 256.3, "2005-09-30": 66.3, "2005-06-30": 66, "2005-03-31": "-230.80000"}, "Net Cash Flow": {"2020-12-31": 11.4, "2020-09-30": -1.2, "2020-06-30": -3.3, "2020-03-31": "-16.60000", "2019-12-31": 15.7, "2019-09-30": -24.1, "2019-06-30": 1.6, "2019-03-31": "-57.00000", "2018-12-31": 105.9, "2018-09-30": -11.8, "2018-06-30": -19.7, "2018-03-31": "13.10000", "2017-12-31": 20.1, "2017-09-30": -19.8, "2017-06-30": -15.1, "2017-03-31": "0.70000", "2016-12-31": -71.3, "2016-09-30": -7.1, "2016-06-30": -2.6, "2016-03-31": "-15.10000", "2015-12-31": 27.6, "2015-09-30": -192.2, "2015-06-30": 149.2, "2015-03-31": "3.30000", "2014-12-31": -26.8, "2014-09-30": 55.3, "2014-06-30": 5.8, "2014-03-31": "1.60000", "2013-12-31": 7.5, "2013-09-30": -2.5, "2013-06-30": -3.7, "2013-03-31": "-10.90000", "2012-12-31": 22.6, "2012-09-30": -0.1, "2012-06-30": -5, "2012-03-31": "4.00000", "2011-12-31": -1, "2011-09-30": 4.5, "2011-06-30": -225.4, "2011-03-31": "211.50000", "2010-12-31": 13.3, "2010-09-30": 0.7, "2010-06-30": -1.6, "2010-03-31": "-8.10000", "2009-12-31": 10.5, "2009-09-30": -2.1, "2009-06-30": -4.5, "2009-03-31": "-15.40000", "2008-12-31": 9.1, "2008-09-30": -3.3, "2008-06-30": 2.4, "2008-03-31": "-3.20000", "2007-12-31": -472.6, "2007-09-30": 463.3, "2007-06-30": 12.6, "2007-03-31": "-12.90000", "2006-12-31": 15.8, "2006-09-30": 3.1, "2006-06-30": -19, "2006-03-31": "-36.10000", "2005-12-31": 43.4, "2005-09-30": 9.2, "2005-06-30": 2.1, "2005-03-31": "-17.10000"}, "Stock-Based Compensation": {"2020-12-31": 0, "2020-09-30": 0, "2020-06-30": 0, "2020-03-31": "", "2019-12-31": 0, "2019-09-30": 0, "2019-06-30": 0, "2019-03-31": "", "2018-12-31": 0, "2018-09-30": 0, "2018-06-30": 0, "2018-03-31": "", "2017-12-31": 0, "2017-09-30": 0, "2017-06-30": 0, "2017-03-31": "", "2016-12-31": 0, "2016-09-30": 0, "2016-06-30": 0, "2016-03-31": "", "2015-12-31": 0, "2015-09-30": 0, "2015-06-30": 0, "2015-03-31": "", "2014-12-31": 0, "2014-09-30": 0, "2014-06-30": 0, "2014-03-31": "", "2013-12-31": 0, "2013-09-30": 0, "2013-06-30": 0, "2013-03-31": "", "2012-12-31": 0, "2012-09-30": 0, "2012-06-30": 0, "2012-03-31": "", "2011-12-31": 0, "2011-09-30": 0, "2011-06-30": 0, "2011-03-31": "", "2010-12-31": 0, "2010-09-30": 0, "2010-06-30": 0, "2010-03-31": "", "2009-12-31": 0, "2009-09-30": 0, "2009-06-30": 0, "2009-03-31": "", "2008-12-31": 0, "2008-09-30": 0, "2008-06-30": 0, "2008-03-31": "", "2007-12-31": 0, "2007-09-30": 0, "2007-06-30": 0, "2007-03-31": "", "2006-12-31": 0, "2006-09-30": 0, "2006-06-30": 0, "2006-03-31": "", "2005-12-31": 0, "2005-09-30": 0, "2005-06-30": 0, "2005-03-31": ""}, "Common Stock Dividends Paid": {"2020-12-31": -199.5, "2020-09-30": -199.5, "2020-06-30": -199.5, "2020-03-31": "-199.50000", "2019-12-31": -186.1, "2019-09-30": -186.1, "2019-06-30": -186.1, "2019-03-31": "-186.20000", "2018-12-31": -174.3, "2018-09-30": -174.3, "2018-06-30": -174.5, "2018-03-31": "-174.20000", "2017-12-31": -164.1, "2017-09-30": -164.1, "2017-06-30": -164.2, "2017-03-31": "-164.10000", "2016-12-31": -156.3, "2016-09-30": -156.2, "2016-06-30": -156.2, "2016-03-31": "-156.20000", "2015-12-31": -144.5, "2015-09-30": -120.4, "2015-06-30": -95.2, "2015-03-31": "-95.30000", "2014-12-31": -88, "2014-09-30": -88, "2014-06-30": -87.9, "2014-03-31": "-88.10000", "2013-12-31": -86.6, "2013-09-30": -86.7, "2013-06-30": -77.8, "2013-03-31": "-77.80000", "2012-12-31": -68.9, "2012-09-30": -69.1, "2012-06-30": -69.2, "2012-03-31": "-69.10000", "2011-12-31": -60, "2011-09-30": -60.5, "2011-06-30": -60.7, "2011-03-31": "-60.80000", "2010-12-31": -46.7, "2010-09-30": -46.8, "2010-06-30": -46.7, "2010-03-31": "-46.80000", "2009-12-31": -39.4, "2009-09-30": -39.5, "2009-06-30": -39.4, "2009-03-31": "-39.50000", "2008-12-31": -31.6, "2008-09-30": -31.6, "2008-06-30": -31.5, "2008-03-31": "-31.60000", "2007-12-31": -29.2, "2007-09-30": -29.2, "2007-06-30": -29.3, "2007-03-31": "-29.20000", "2006-12-31": -26.9, "2006-09-30": -26.9, "2006-06-30": -26.9, "2006-03-31": "-26.90000", "2005-12-31": -25.7, "2005-09-30": -25.7, "2005-06-30": -25.8, "2005-03-31": "-25.70000"}}, "financial ratios": {"Current Ratio": {"2019-12-31": "0.65780", "2018-12-31": "0.67460", "2017-12-31": "0.57210", "2016-12-31": "0.89190", "2015-12-31": "0.81460", "2014-12-31": "0.77470", "2013-12-31": "1.03660", "2012-12-31": "0.88290", "2011-12-31": "1.04520", "2010-12-31": "0.77340", "2009-12-31": "0.80740", "2008-12-31": "0.98410", "2007-12-31": "0.73910", "2006-12-31": "0.65780", "2005-12-31": "0.83620"}, "Long-term Debt / Capital": {"2019-12-31": "0.52230", "2018-12-31": "0.50380", "2017-12-31": "0.47960", "2016-12-31": "0.50550", "2015-12-31": "0.51230", "2014-12-31": "0.48380", "2013-12-31": "0.50580", "2012-12-31": "0.51670", "2011-12-31": "0.53600", "2010-12-31": "0.50640", "2009-12-31": "0.51860", "2008-12-31": "0.54750", "2007-12-31": "0.50340", "2006-12-31": "0.51280", "2005-12-31": "0.52790"}, "Debt/Equity Ratio": {"2019-12-31": "1.24190", "2018-12-31": "1.19880", "2017-12-31": "1.16240", "2016-12-31": "1.13560", "2015-12-31": "1.19480", "2014-12-31": "1.17130", "2013-12-31": "1.22970", "2012-12-31": "1.26290", "2011-12-31": "1.33130", "2010-12-31": "1.32110", "2009-12-31": "1.38900", "2008-12-31": "1.40730", "2007-12-31": "1.41420", "2006-12-31": "1.46670", "2005-12-31": "1.46960"}, "Gross Margin": {"2019-12-31": "64.39230", "2018-12-31": "62.26450", "2017-12-31": "63.09340", "2016-12-31": "64.57050", "2015-12-31": "62.19940", "2014-12-31": "54.78580", "2013-12-31": "59.56850", "2012-12-31": "61.27540", "2011-12-31": "57.68550", "2010-12-31": "55.94530", "2009-12-31": "51.92030", "2008-12-31": "44.14410", "2007-12-31": "51.62570", "2006-12-31": "54.45150", "2005-12-31": "52.19500"}, "Operating Margin": {"2019-12-31": "20.35600", "2018-12-31": "19.12100", "2017-12-31": "23.22150", "2016-12-31": "22.70120", "2015-12-31": "21.10160", "2014-12-31": "22.25490", "2013-12-31": "23.90130", "2012-12-31": "23.55640", "2011-12-31": "19.77760", "2010-12-31": "19.28380", "2009-12-31": "16.10140", "2008-12-31": "14.88280", "2007-12-31": "14.80960", "2006-12-31": "14.22530", "2005-12-31": "14.75300"}, "EBIT Margin": {"2019-12-31": "20.35600", "2018-12-31": "19.12100", "2017-12-31": "23.22150", "2016-12-31": "22.70120", "2015-12-31": "21.10160", "2014-12-31": "22.25490", "2013-12-31": "23.90130", "2012-12-31": "23.55640", "2011-12-31": "19.77760", "2010-12-31": "19.28380", "2009-12-31": "16.10140", "2008-12-31": "14.88280", "2007-12-31": "14.80960", "2006-12-31": "14.22530", "2005-12-31": "14.75300"}, "EBITDA Margin": {"2019-12-31": "32.66870", "2018-12-31": "30.13480", "2017-12-31": "33.66280", "2016-12-31": "32.90690", "2015-12-31": "30.94780", "2014-12-31": "30.59980", "2013-12-31": "32.66430", "2012-12-31": "32.30970", "2011-12-31": "27.27580", "2010-12-31": "22.11540", "2009-12-31": "18.93490", "2008-12-31": "11.28250", "2007-12-31": "22.78340", "2006-12-31": "22.65290", "2005-12-31": "24.52890"}, "Pre-Tax Profit Margin": {"2019-12-31": "16.74440", "2018-12-31": "16.02060", "2017-12-31": "20.76750", "2016-12-31": "20.16380", "2015-12-31": "18.12490", "2014-12-31": "19.03500", "2013-12-31": "20.28100", "2012-12-31": "20.07820", "2011-12-31": "17.31230", "2010-12-31": "16.75910", "2009-12-31": "14.41640", "2008-12-31": "12.95200", "2007-12-31": "13.02450", "2006-12-31": "12.19850", "2005-12-31": "11.86740"}, "Net Profit Margin": {"2019-12-31": "15.07360", "2018-12-31": "13.79390", "2017-12-31": "15.73770", "2016-12-31": "12.56640", "2015-12-31": "10.77440", "2014-12-31": "11.77280", "2013-12-31": "12.77720", "2012-12-31": "12.86500", "2011-12-31": "11.72880", "2010-12-31": "10.86260", "2009-12-31": "9.32480", "2008-12-31": "8.15690", "2007-12-31": "7.92430", "2006-12-31": "7.91710", "2005-12-31": "8.09070"}, "Asset Turnover": {"2019-12-31": "0.21520", "2018-12-31": "0.22940", "2017-12-31": "0.24210", "2016-12-31": "0.24810", "2015-12-31": "0.20190", "2014-12-31": "0.33530", "2013-12-31": "0.30600", "2012-12-31": "0.29730", "2011-12-31": "0.32360", "2010-12-31": "0.32180", "2009-12-31": "0.32300", "2008-12-31": "0.34890", "2007-12-31": "0.36130", "2006-12-31": "0.35910", "2005-12-31": "0.36470"}, "Inventory Turnover Ratio": {"2019-12-31": "4.87230", "2018-12-31": "5.28620", "2017-12-31": "5.23710", "2016-12-31": "4.50540", "2015-12-31": "3.26070", "2014-12-31": "5.64000", "2013-12-31": "5.54680", "2012-12-31": "4.55890", "2011-12-31": "4.96960", "2010-12-31": "4.88370", "2009-12-31": "5.21480", "2008-12-31": "7.13370", "2007-12-31": "5.67040", "2006-12-31": "4.36310", "2005-12-31": "4.03900"}, "Receiveable Turnover": {"2019-12-31": "6.39450", "2018-12-31": "5.99540", "2017-12-31": "5.66260", "2016-12-31": "6.01780", "2015-12-31": "5.76130", "2014-12-31": "7.76670", "2013-12-31": "11.13050", "2012-12-31": "14.88400", "2011-12-31": "8.89280", "2010-12-31": "9.81200", "2009-12-31": "13.72920", "2008-12-31": "11.91450", "2007-12-31": "11.70560", "2006-12-31": "10.53630", "2005-12-31": "8.63630"}, "Days Sales In Receivables": {"2019-12-31": "57.08050", "2018-12-31": "60.88010", "2017-12-31": "64.45780", "2016-12-31": "60.65340", "2015-12-31": "63.35350", "2014-12-31": "46.99550", "2013-12-31": "32.79270", "2012-12-31": "24.52300", "2011-12-31": "41.04460", "2010-12-31": "37.19920", "2009-12-31": "26.58580", "2008-12-31": "30.63500", "2007-12-31": "31.18160", "2006-12-31": "34.64230", "2005-12-31": "42.26370"}, "ROE - Return On Equity": {"2019-12-31": "11.09820", "2018-12-31": "10.80790", "2017-12-31": "12.73490", "2016-12-31": "10.52880", "2015-12-31": "7.39820", "2014-12-31": "13.33800", "2013-12-31": "13.66880", "2012-12-31": "13.21130", "2011-12-31": "12.93870", "2010-12-31": "11.95130", "2009-12-31": "10.53300", "2008-12-31": "10.64160", "2007-12-31": "10.83180", "2006-12-31": "10.81690", "2005-12-31": "11.32790"}, "Return On Tangible Equity": {"2019-12-31": "15.75580", "2018-12-31": "15.61880", "2017-12-31": "18.71460", "2016-12-31": "15.89790", "2015-12-31": "11.30930", "2014-12-31": "14.70740", "2013-12-31": "15.14070", "2012-12-31": "14.67130", "2011-12-31": "14.43780", "2010-12-31": "13.40180", "2009-12-31": "11.90660", "2008-12-31": "12.13850", "2007-12-31": "12.49020", "2006-12-31": "12.61350", "2005-12-31": "13.38270"}, "ROA - Return On Assets": {"2019-12-31": "3.24650", "2018-12-31": "3.16800", "2017-12-31": "3.81410", "2016-12-31": "3.12120", "2015-12-31": "2.18120", "2014-12-31": "3.95500", "2013-12-31": "3.91760", "2012-12-31": "3.82430", "2011-12-31": "3.69930", "2010-12-31": "3.47940", "2009-12-31": "2.95880", "2008-12-31": "2.81430", "2007-12-31": "2.86430", "2006-12-31": "2.80770", "2005-12-31": "2.90190"}, "ROI - Return On Investment": {"2019-12-31": "5.28610", "2018-12-31": "5.34620", "2017-12-31": "6.60640", "2016-12-31": "5.18920", "2015-12-31": "3.59530", "2014-12-31": "6.83810", "2013-12-31": "6.70720", "2012-12-31": "6.33810", "2011-12-31": "5.95720", "2010-12-31": "5.85230", "2009-12-31": "5.02740", "2008-12-31": "4.77160", "2007-12-31": "5.32680", "2006-12-31": "5.21460", "2005-12-31": "5.28780"}, "Book Value Per Share": {"2019-12-31": "32.50940", "2018-12-31": "31.19490", "2017-12-31": "30.07780", "2016-12-31": "28.38970", "2015-12-31": "27.51240", "2014-12-31": "19.73290", "2013-12-31": "18.86770", "2012-12-31": "18.18690", "2011-12-31": "17.32720", "2010-12-31": "16.39430", "2009-12-31": "15.38520", "2008-12-31": "14.40030", "2007-12-31": "13.38090", "2006-12-31": "12.47940", "2005-12-31": "11.58520"}, "Operating Cash Flow Per Share": {"2019-12-31": -0.3108, "2018-12-31": 1.1639, "2017-12-31": -0.0857, "2016-12-31": 1.895, "2015-12-31": -0.5262, "2014-12-31": -0.0945, "2013-12-31": 0.3219, "2012-12-31": 0.8224, "2011-12-31": 0.7964, "2010-12-31": 0.7577, "2009-12-31": -0.4486, "2008-12-31": 0.8682, "2007-12-31": -0.8364, "2006-12-31": 0.6377, "2005-12-31": 2.4451}, "Free Cash Flow Per Share": {"2019-12-31": -0.7733, "2018-12-31": 0.6652, "2017-12-31": -2.2954, "2016-12-31": 2.4644, "2015-12-31": -1.7175, "2014-12-31": -0.2941, "2013-12-31": 0.1751, "2012-12-31": 1.176, "2011-12-31": 0.5252, "2010-12-31": 1.0578, "2009-12-31": 0.9054, "2008-12-31": -2.8252, "2007-12-31": 1.6105, "2006-12-31": -0.2703, "2005-12-31": -0.1364}}, "financial ratios, quarterly": {"Current Ratio": {"2020-09-30": "0.60820", "2020-06-30": "0.49170", "2020-03-31": "0.64800", "2019-12-31": "0.65780", "2019-09-30": "0.62910", "2019-06-30": "0.54690", "2019-03-31": "0.69490", "2018-12-31": "0.67460", "2018-09-30": "0.51070", "2018-06-30": "0.59300", "2018-03-31": "0.54930", "2017-12-31": "0.57210", "2017-09-30": "0.60250", "2017-06-30": "0.63850", "2017-03-31": "0.90300", "2016-12-31": "0.89190", "2016-09-30": "0.89740", "2016-06-30": "0.82630", "2016-03-31": "0.85050", "2015-12-31": "0.81460", "2015-09-30": "0.81820", "2015-06-30": "0.77430", "2015-03-31": "0.85010", "2014-12-31": "0.77470", "2014-09-30": "1.19600", "2014-06-30": "1.31070", "2014-03-31": "1.08450", "2013-12-31": "1.03660", "2013-09-30": "0.95900", "2013-06-30": "0.99250", "2013-03-31": "1.02790", "2012-12-31": "0.88290", "2012-09-30": "0.78210", "2012-06-30": "0.86590", "2012-03-31": "1.09210", "2011-12-31": "1.04520", "2011-09-30": "1.03950", "2011-06-30": "1.02470", "2011-03-31": "1.08920", "2010-12-31": "0.77340", "2010-09-30": "0.73850", "2010-06-30": "0.77030", "2010-03-31": "1.05150", "2009-12-31": "0.80740", "2009-09-30": "0.66100", "2009-06-30": "0.71390", "2009-03-31": "0.89860", "2008-12-31": "0.98410", "2008-09-30": "0.61330", "2008-06-30": "0.64810", "2008-03-31": "0.62930", "2007-12-31": "0.73910", "2007-09-30": "0.71800", "2007-06-30": "0.69720", "2007-03-31": "0.59620", "2006-12-31": "0.65780", "2006-09-30": "0.63350", "2006-06-30": "0.70760", "2006-03-31": "0.77100", "2005-12-31": "0.83620", "2005-09-30": "0.98210", "2005-06-30": "0.89760", "2005-03-31": "1.27740"}, "Long-term Debt / Capital": {"2020-09-30": "0.52460", "2020-06-30": "0.50540", "2020-03-31": "0.51640", "2019-12-31": "0.52230", "2019-09-30": "0.51690", "2019-06-30": "0.49430", "2019-03-31": "0.50520", "2018-12-31": "0.50380", "2018-09-30": "0.48090", "2018-06-30": "0.48560", "2018-03-31": "0.47050", "2017-12-31": "0.47960", "2017-09-30": "0.48780", "2017-06-30": "0.48930", "2017-03-31": "0.49970", "2016-12-31": "0.50550", "2016-09-30": "0.50460", "2016-06-30": "0.50110", "2016-03-31": "0.50300", "2015-12-31": "0.51230", "2015-09-30": "0.50040", "2015-06-30": "0.50030", "2015-03-31": "0.47870", "2014-12-31": "0.48380", "2014-09-30": "0.50780", "2014-06-30": "0.51060", "2014-03-31": "0.49980", "2013-12-31": "0.50580", "2013-09-30": "0.50830", "2013-06-30": "0.50910", "2013-03-31": "0.51190", "2012-12-31": "0.51670", "2012-09-30": "0.50370", "2012-06-30": "0.51110", "2012-03-31": "0.53000", "2011-12-31": "0.53600", "2011-09-30": "0.53770", "2011-06-30": "0.52140", "2011-03-31": "0.52440", "2010-12-31": "0.50640", "2010-09-30": "0.51150", "2010-06-30": "0.51540", "2010-03-31": "0.54490", "2009-12-31": "0.51860", "2009-09-30": "0.50800", "2009-06-30": "0.52200", "2009-03-31": "0.54060", "2008-12-31": "0.54750", "2008-09-30": "0.49810", "2008-06-30": "0.49050", "2008-03-31": "0.48000", "2007-12-31": "0.50340", "2007-09-30": "0.53270", "2007-06-30": "0.54080", "2007-03-31": "0.50680", "2006-12-31": "0.51280", "2006-09-30": "0.51440", "2006-06-30": "0.51700", "2006-03-31": "0.52030", "2005-12-31": "0.52790", "2005-09-30": "0.54200", "2005-06-30": "0.53420", "2005-03-31": "0.55620"}, "Debt/Equity Ratio": {"2020-09-30": "1.23300", "2020-06-30": "1.22260", "2020-03-31": "1.21280", "2019-12-31": "1.24190", "2019-09-30": "1.20520", "2019-06-30": "1.17760", "2019-03-31": "1.17070", "2018-12-31": "1.19880", "2018-09-30": "1.14570", "2018-06-30": "1.11450", "2018-03-31": "1.11110", "2017-12-31": "1.16240", "2017-09-30": "1.13690", "2017-06-30": "1.11980", "2017-03-31": "1.08910", "2016-12-31": "1.13560", "2016-09-30": "1.11710", "2016-06-30": "1.11980", "2016-03-31": "1.13060", "2015-12-31": "1.19480", "2015-09-30": "1.14730", "2015-06-30": "1.16910", "2015-03-31": "1.13610", "2014-12-31": "1.17130", "2014-09-30": "1.15000", "2014-06-30": "1.14670", "2014-03-31": "1.17520", "2013-12-31": "1.22970", "2013-09-30": "1.20700", "2013-06-30": "1.21480", "2013-03-31": "1.22140", "2012-12-31": "1.26290", "2012-09-30": "1.21480", "2012-06-30": "1.26280", "2012-03-31": "1.27240", "2011-12-31": "1.33130", "2011-09-30": "1.29620", "2011-06-30": "1.23370", "2011-03-31": "1.29610", "2010-12-31": "1.32110", "2010-09-30": "1.31100", "2010-06-30": "1.33680", "2010-03-31": "1.33890", "2009-12-31": "1.38900", "2009-09-30": "1.38790", "2009-06-30": "1.39340", "2009-03-31": "1.40840", "2008-12-31": "1.40730", "2008-09-30": "1.38560", "2008-06-30": "1.37220", "2008-03-31": "1.36060", "2007-12-31": "1.41420", "2007-09-30": "1.50310", "2007-06-30": "1.49590", "2007-03-31": "1.42560", "2006-12-31": "1.46670", "2006-09-30": "1.38300", "2006-06-30": "1.34700", "2006-03-31": "1.38160", "2005-12-31": "1.46960", "2005-09-30": "1.39330", "2005-06-30": "1.37560", "2005-03-31": "1.35210"}, "Gross Margin": {"2020-09-30": "70.75710", "2020-06-30": "71.29850", "2020-03-31": "65.15700", "2019-12-31": "64.41590", "2019-09-30": "69.88180", "2019-06-30": "69.06680", "2019-03-31": "57.53340", "2018-12-31": "58.87910", "2018-09-30": "68.11460", "2018-06-30": "67.25260", "2018-03-31": "57.48520", "2017-12-31": "61.20680", "2017-09-30": "67.25790", "2017-06-30": "66.79130", "2017-03-31": "59.16250", "2016-12-31": "62.02240", "2016-09-30": "67.60880", "2016-06-30": "68.27090", "2016-03-31": "61.77780", "2015-12-31": "63.06880", "2015-09-30": "65.23220", "2015-06-30": "64.38660", "2015-03-31": "55.76770", "2014-12-31": "57.26880", "2014-09-30": "60.57290", "2014-06-30": "59.91190", "2014-03-31": "46.30680", "2013-12-31": "58.07520", "2013-09-30": "61.95400", "2013-06-30": "61.34550", "2013-03-31": "57.56740", "2012-12-31": "60.09150", "2012-09-30": "62.29190", "2012-06-30": "64.67660", "2012-03-31": "58.75590", "2011-12-31": "58.63280", "2011-09-30": "60.09690", "2011-06-30": "58.87870", "2011-03-31": "54.09050", "2010-12-31": "57.69870", "2010-09-30": "58.59020", "2010-06-30": "60.24250", "2010-03-31": "49.28720", "2009-12-31": "53.22260", "2009-09-30": "56.43160", "2009-06-30": "57.58050", "2009-03-31": "44.91480", "2008-12-31": "45.74250", "2008-09-30": "48.35000", "2008-06-30": "48.84710", "2008-03-31": "37.22310", "2007-12-31": "45.70680", "2007-09-30": "62.30290", "2007-06-30": "56.87810", "2007-03-31": "45.94570", "2006-12-31": "50.56610", "2006-09-30": "62.50300", "2006-06-30": "61.39490", "2006-03-31": "47.90700", "2005-12-31": "46.59910", "2005-09-30": "59.76420", "2005-06-30": "58.35130", "2005-03-31": "48.04970"}, "Operating Margin": {"2020-09-30": "22.42280", "2020-06-30": "21.87640", "2020-03-31": "29.71640", "2019-12-31": "18.64450", "2019-09-30": "19.33460", "2019-06-30": "19.78370", "2019-03-31": "22.83170", "2018-12-31": "13.95420", "2018-09-30": "18.41580", "2018-06-30": "19.77880", "2018-03-31": "23.83990", "2017-12-31": "19.80530", "2017-09-30": "23.66210", "2017-06-30": "22.20040", "2017-03-31": "26.67390", "2016-12-31": "19.14920", "2016-09-30": "23.29930", "2016-06-30": "20.73030", "2016-03-31": "26.84980", "2015-12-31": "20.57030", "2015-09-30": "20.35090", "2015-06-30": "16.72720", "2015-03-31": "25.85200", "2014-12-31": "19.87600", "2014-09-30": "23.81690", "2014-06-30": "23.06220", "2014-03-31": "22.52510", "2013-12-31": "23.05010", "2013-09-30": "24.49680", "2013-06-30": "22.67110", "2013-03-31": "25.17250", "2012-12-31": "18.80130", "2012-09-30": "26.99890", "2012-06-30": "23.56300", "2012-03-31": "24.82370", "2011-12-31": "17.33740", "2011-09-30": "21.30510", "2011-06-30": "17.58600", "2011-03-31": "22.24730", "2010-12-31": "19.79260", "2010-09-30": "20.85900", "2010-06-30": "18.32980", "2010-03-31": "18.29250", "2009-12-31": "18.46230", "2009-09-30": "12.80200", "2009-06-30": "14.16780", "2009-03-31": "17.40440", "2008-12-31": "16.29770", "2008-09-30": "16.25370", "2008-06-30": "11.41320", "2008-03-31": "15.19810", "2007-12-31": "16.09950", "2007-09-30": "17.36810", "2007-06-30": "11.59400", "2007-03-31": "14.18030", "2006-12-31": "12.65520", "2006-09-30": "15.62280", "2006-06-30": "13.15080", "2006-03-31": "15.36490", "2005-12-31": "15.66520", "2005-09-30": "16.10440", "2005-06-30": "11.40140", "2005-03-31": "15.23710"}, "EBIT Margin": {"2020-09-30": "22.42280", "2020-06-30": "21.87640", "2020-03-31": "29.71640", "2019-12-31": "18.64440", "2019-09-30": "19.33460", "2019-06-30": "19.78370", "2019-03-31": "22.83170", "2018-12-31": "13.95420", "2018-09-30": "18.41580", "2018-06-30": "19.77880", "2018-03-31": "23.83990", "2017-12-31": "19.80530", "2017-09-30": "23.66210", "2017-06-30": "22.20040", "2017-03-31": "26.67390", "2016-12-31": "19.14920", "2016-09-30": "23.29930", "2016-06-30": "20.73030", "2016-03-31": "26.84980", "2015-12-31": "20.57030", "2015-09-30": "20.35090", "2015-06-30": "16.72720", "2015-03-31": "25.85200", "2014-12-31": "19.87600", "2014-09-30": "23.81690", "2014-06-30": "23.06220", "2014-03-31": "22.52510", "2013-12-31": "23.05020", "2013-09-30": "24.49680", "2013-06-30": "22.67110", "2013-03-31": "25.17250", "2012-12-31": "18.80130", "2012-09-30": "26.99890", "2012-06-30": "23.56300", "2012-03-31": "24.82370", "2011-12-31": "17.33740", "2011-09-30": "21.30510", "2011-06-30": "17.58600", "2011-03-31": "22.24730", "2010-12-31": "19.79260", "2010-09-30": "20.85900", "2010-06-30": "18.32980", "2010-03-31": "18.29250", "2009-12-31": "18.46230", "2009-09-30": "12.80200", "2009-06-30": "14.16780", "2009-03-31": "17.40440", "2008-12-31": "16.29770", "2008-09-30": "16.25370", "2008-06-30": "11.41320", "2008-03-31": "15.19810", "2007-12-31": "16.09950", "2007-09-30": "17.36810", "2007-06-30": "11.59400", "2007-03-31": "14.18030", "2006-12-31": "12.65520", "2006-09-30": "15.62280", "2006-06-30": "13.15080", "2006-03-31": "15.36490", "2005-12-31": "15.66520", "2005-09-30": "16.10440", "2005-06-30": "11.40140", "2005-03-31": "15.23710"}, "EBITDA Margin": {"2020-09-30": "", "2020-06-30": "", "2020-03-31": "", "2019-12-31": "", "2019-09-30": "", "2019-06-30": "", "2019-03-31": "", "2018-12-31": "", "2018-09-30": "", "2018-06-30": "", "2018-03-31": "", "2017-12-31": "", "2017-09-30": "", "2017-06-30": "", "2017-03-31": "", "2016-12-31": "", "2016-09-30": "", "2016-06-30": "", "2016-03-31": "", "2015-12-31": "", "2015-09-30": "", "2015-06-30": "", "2015-03-31": "", "2014-12-31": "", "2014-09-30": "", "2014-06-30": "", "2014-03-31": "", "2013-12-31": "", "2013-09-30": "", "2013-06-30": "", "2013-03-31": "", "2012-12-31": "", "2012-09-30": "", "2012-06-30": "", "2012-03-31": "", "2011-12-31": "", "2011-09-30": "", "2011-06-30": "", "2011-03-31": "", "2010-12-31": "", "2010-09-30": "", "2010-06-30": "", "2010-03-31": "", "2009-12-31": "", "2009-09-30": "", "2009-06-30": "", "2009-03-31": "", "2008-12-31": "", "2008-09-30": "", "2008-06-30": "", "2008-03-31": "", "2007-12-31": "", "2007-09-30": "", "2007-06-30": "", "2007-03-31": "", "2006-12-31": "", "2006-09-30": "", "2006-06-30": "", "2006-03-31": "", "2005-12-31": "", "2005-09-30": "", "2005-06-30": "", "2005-03-31": ""}, "Pre-Tax Profit Margin": {"2020-09-30": "19.01880", "2020-06-30": "19.10640", "2020-03-31": "25.73270", "2019-12-31": "14.25930", "2019-09-30": "15.27360", "2019-06-30": "15.78420", "2019-03-31": "20.41730", "2018-12-31": "10.53060", "2018-09-30": "15.24000", "2018-06-30": "16.88490", "2018-03-31": "20.93590", "2017-12-31": "17.40150", "2017-09-30": "20.83860", "2017-06-30": "19.31960", "2017-03-31": "24.74290", "2016-12-31": "15.59350", "2016-09-30": "20.18690", "2016-06-30": "18.43320", "2016-03-31": "25.49660", "2015-12-31": "17.18340", "2015-09-30": "17.28380", "2015-06-30": "14.56820", "2015-03-31": "22.94830", "2014-12-31": "16.27620", "2014-09-30": "19.99420", "2014-06-30": "19.86200", "2014-03-31": "19.93510", "2013-12-31": "19.68940", "2013-09-30": "20.71780", "2013-06-30": "18.70000", "2013-03-31": "21.72210", "2012-12-31": "14.23640", "2012-09-30": "23.65050", "2012-06-30": "19.67820", "2012-03-31": "22.53190", "2011-12-31": "15.31620", "2011-09-30": "18.94000", "2011-06-30": "14.78270", "2011-03-31": "19.58310", "2010-12-31": "17.75560", "2010-09-30": "18.01270", "2010-06-30": "15.16440", "2010-03-31": "16.05000", "2009-12-31": "16.79170", "2009-09-30": "11.17110", "2009-06-30": "12.01390", "2009-03-31": "15.95760", "2008-12-31": "13.30040", "2008-09-30": "14.22200", "2008-06-30": "9.78420", "2008-03-31": "14.00320", "2007-12-31": "13.63000", "2007-09-30": "15.46230", "2007-06-30": "10.30340", "2007-03-31": "12.73540", "2006-12-31": "10.35430", "2006-09-30": "13.64610", "2006-06-30": "11.32120", "2006-03-31": "13.41620", "2005-12-31": "12.32600", "2005-09-30": "13.26980", "2005-06-30": "8.24350", "2005-03-31": "12.98070"}, "Net Profit Margin": {"2020-09-30": "16.15990", "2020-06-30": "15.60020", "2020-03-31": "21.45970", "2019-12-31": "12.52370", "2019-09-30": "14.57090", "2019-06-30": "14.82200", "2019-03-31": "17.67060", "2018-12-31": "9.87100", "2018-09-30": "14.18750", "2018-06-30": "13.81170", "2018-03-31": "17.06100", "2017-12-31": "21.05110", "2017-09-30": "12.99550", "2017-06-30": "12.20350", "2017-03-31": "15.47410", "2016-12-31": "9.90320", "2016-09-30": "12.67150", "2016-06-30": "11.32340", "2016-03-31": "15.77370", "2015-12-31": "9.70080", "2015-09-30": "10.74350", "2015-06-30": "8.16180", "2015-03-31": "14.10770", "2014-12-31": "9.90940", "2014-09-30": "12.22300", "2014-06-30": "12.74310", "2014-03-31": "12.24780", "2013-12-31": "12.24650", "2013-09-30": "13.05550", "2013-06-30": "11.75540", "2013-03-31": "13.84880", "2012-12-31": "9.22330", "2012-09-30": "15.01970", "2012-06-30": "12.62840", "2012-03-31": "14.44760", "2011-12-31": "10.42040", "2011-09-30": "12.32900", "2011-06-30": "11.04170", "2011-03-31": "12.86220", "2010-12-31": "11.55260", "2010-09-30": "11.52900", "2010-06-30": "9.95620", "2010-03-31": "10.38760", "2009-12-31": "11.26720", "2009-09-30": "7.17350", "2009-06-30": "7.62240", "2009-03-31": "10.13470", "2008-12-31": "8.54900", "2008-09-30": "9.10160", "2008-06-30": "6.13500", "2008-03-31": "8.60880", "2007-12-31": "8.22860", "2007-09-30": "9.40440", "2007-06-30": "6.34310", "2007-03-31": "7.75500", "2006-12-31": "7.03070", "2006-09-30": "8.43060", "2006-06-30": "7.72350", "2006-03-31": "8.47630", "2005-12-31": "7.98240", "2005-09-30": "8.30300", "2005-06-30": "7.86300", "2005-03-31": "8.21230"}, "Asset Turnover": {"2020-09-30": "0.04660", "2020-06-30": "0.04420", "2020-03-31": "0.06050", "2019-12-31": "0.05570", "2019-09-30": "0.04680", "2019-06-30": "0.04690", "2019-03-31": "0.07050", "2018-12-31": "0.06200", "2018-09-30": "0.05050", "2018-06-30": "0.05240", "2018-03-31": "0.07190", "2017-12-31": "0.06510", "2017-09-30": "0.05340", "2017-06-30": "0.05340", "2017-03-31": "0.07680", "2016-12-31": "0.06520", "2016-09-30": "0.05820", "2016-06-30": "0.05490", "2016-03-31": "0.07540", "2015-12-31": "0.06300", "2015-09-30": "0.05900", "2015-06-30": "0.03460", "2015-03-31": "0.09170", "2014-12-31": "0.08220", "2014-09-30": "0.07020", "2014-06-30": "0.07140", "2014-03-31": "0.11450", "2013-12-31": "0.07980", "2013-09-30": "0.07330", "2013-06-30": "0.07070", "2013-03-31": "0.08920", "2012-12-31": "0.07500", "2012-09-30": "0.07510", "2012-06-30": "0.06800", "2012-03-31": "0.08620", "2011-12-31": "0.08030", "2011-09-30": "0.07950", "2011-06-30": "0.07580", "2011-03-31": "0.10070", "2010-12-31": "0.08340", "2010-09-30": "0.07650", "2010-06-30": "0.07020", "2010-03-31": "0.09810", "2009-12-31": "0.08300", "2009-09-30": "0.06570", "2009-06-30": "0.06800", "2009-03-31": "0.11250", "2008-12-31": "0.09310", "2008-09-30": "0.07210", "2008-06-30": "0.08060", "2008-03-31": "0.12250", "2007-12-31": "0.09780", "2007-09-30": "0.07490", "2007-06-30": "0.07910", "2007-03-31": "0.11580", "2006-12-31": "0.09840", "2006-09-30": "0.07900", "2006-06-30": "0.07830", "2006-03-31": "0.12020", "2005-12-31": "0.10850", "2005-09-30": "0.07970", "2005-06-30": "0.08200", "2005-03-31": "0.11540"}, "Inventory Turnover Ratio": {"2020-09-30": "0.84200", "2020-06-30": "0.95040", "2020-03-31": "1.87850", "2019-12-31": "1.26050", "2019-09-30": "0.81630", "2019-06-30": "1.06610", "2019-03-31": "3.05850", "2018-12-31": "1.55780", "2018-09-30": "0.86130", "2018-06-30": "1.17380", "2018-03-31": "2.58540", "2017-12-31": "1.47900", "2017-09-30": "0.80730", "2017-06-30": "1.06240", "2017-03-31": "2.25630", "2016-12-31": "1.26870", "2016-09-30": "0.84780", "2016-06-30": "1.02790", "2016-03-31": "1.78220", "2015-12-31": "0.99360", "2015-09-30": "0.82050", "2015-06-30": "0.62760", "2015-03-31": "2.11910", "2014-12-31": "1.30680", "2014-09-30": "1.07410", "2014-06-30": "1.37500", "2014-03-31": "3.87440", "2013-12-31": "1.49970", "2013-09-30": "1.09000", "2013-06-30": "1.23090", "2013-03-31": "2.02810", "2012-12-31": "1.18520", "2012-09-30": "1.14560", "2012-06-30": "0.99610", "2012-03-31": "1.57670", "2011-12-31": "1.20550", "2011-09-30": "1.14130", "2011-06-30": "1.20260", "2011-03-31": "2.14490", "2010-12-31": "1.21600", "2010-09-30": "0.95430", "2010-06-30": "0.90770", "2010-03-31": "1.87890", "2009-12-31": "1.30340", "2009-09-30": "0.91360", "2009-06-30": "1.12720", "2009-03-31": "3.06050", "2008-12-31": "1.84860", "2008-09-30": "1.22340", "2008-06-30": "1.73330", "2008-03-31": "3.82140", "2007-12-31": "1.72210", "2007-09-30": "0.80990", "2007-06-30": "1.17140", "2007-03-31": "2.65500", "2006-12-31": "1.29770", "2006-09-30": "0.73630", "2006-06-30": "0.91690", "2006-03-31": "2.33330", "2005-12-31": "1.34210", "2005-09-30": "0.63630", "2005-06-30": "1.02880", "2005-03-31": "2.71460"}, "Receiveable Turnover": {"2020-09-30": "1.81070", "2020-06-30": "1.61680", "2020-03-31": "1.79170", "2019-12-31": "1.65530", "2019-09-30": "1.76350", "2019-06-30": "1.58340", "2019-03-31": "1.66240", "2018-12-31": "1.62140", "2018-09-30": "1.61570", "2018-06-30": "1.53990", "2018-03-31": "1.68520", "2017-12-31": "1.52140", "2017-09-30": "1.74840", "2017-06-30": "1.62450", "2017-03-31": "1.93430", "2016-12-31": "1.58090", "2016-09-30": "1.96500", "2016-06-30": "1.75100", "2016-03-31": "2.01710", "2015-12-31": "1.79690", "2015-09-30": "2.01100", "2015-06-30": "1.48490", "2015-03-31": "3.17380", "2014-12-31": "1.90410", "2014-09-30": "3.04810", "2014-06-30": "2.57770", "2014-03-31": "2.79800", "2013-12-31": "2.90220", "2013-09-30": "3.52240", "2013-06-30": "3.09290", "2013-03-31": "3.27810", "2012-12-31": "3.75460", "2012-09-30": "2.99510", "2012-06-30": "3.17760", "2012-03-31": "3.07880", "2011-12-31": "2.20650", "2011-09-30": "3.35290", "2011-06-30": "2.87530", "2011-03-31": "3.12490", "2010-12-31": "2.54450", "2010-09-30": "3.24080", "2010-06-30": "2.80780", "2010-03-31": "3.06560", "2009-12-31": "3.52700", "2009-09-30": "2.63490", "2009-06-30": "2.35870", "2009-03-31": "2.64630", "2008-12-31": "3.17830", "2008-09-30": "2.54710", "2008-06-30": "2.38920", "2008-03-31": "2.74470", "2007-12-31": "3.16750", "2007-09-30": "2.74870", "2007-06-30": "2.48900", "2007-03-31": "2.53280", "2006-12-31": "2.88740", "2006-09-30": "3.01760", "2006-06-30": "2.38480", "2006-03-31": "2.46540", "2005-12-31": "2.56900", "2005-09-30": "2.77610", "2005-06-30": "2.22930", "2005-03-31": "2.34960"}, "Days Sales In Receivables": {"2020-09-30": "49.70440", "2020-06-30": "55.66670", "2020-03-31": "50.23290", "2019-12-31": "54.36970", "2019-09-30": "51.03360", "2019-06-30": "56.84000", "2019-03-31": "54.13860", "2018-12-31": "55.50900", "2018-09-30": "55.70180", "2018-06-30": "58.44480", "2018-03-31": "53.40560", "2017-12-31": "59.15470", "2017-09-30": "51.47510", "2017-06-30": "55.40120", "2017-03-31": "46.52900", "2016-12-31": "56.92970", "2016-09-30": "45.80150", "2016-06-30": "51.39890", "2016-03-31": "44.61860", "2015-12-31": "50.08600", "2015-09-30": "44.75360", "2015-06-30": "60.60840", "2015-03-31": "28.35720", "2014-12-31": "47.26630", "2014-09-30": "29.52680", "2014-06-30": "34.91520", "2014-03-31": "32.16640", "2013-12-31": "31.01080", "2013-09-30": "25.55070", "2013-06-30": "29.09910", "2013-03-31": "27.45450", "2012-12-31": "23.97030", "2012-09-30": "30.04910", "2012-06-30": "28.32330", "2012-03-31": "29.23190", "2011-12-31": "40.78780", "2011-09-30": "26.84270", "2011-06-30": "31.30080", "2011-03-31": "28.80110", "2010-12-31": "35.37070", "2010-09-30": "27.77130", "2010-06-30": "32.05410", "2010-03-31": "29.35850", "2009-12-31": "25.51780", "2009-09-30": "34.15700", "2009-06-30": "38.15600", "2009-03-31": "34.00950", "2008-12-31": "28.31660", "2008-09-30": "35.33410", "2008-06-30": "37.66980", "2008-03-31": "32.79020", "2007-12-31": "28.41360", "2007-09-30": "32.74310", "2007-06-30": "36.15890", "2007-03-31": "35.53380", "2006-12-31": "31.16970", "2006-09-30": "29.82500", "2006-06-30": "37.73940", "2006-03-31": "36.50520", "2005-12-31": "35.03260", "2005-09-30": "32.41940", "2005-06-30": "40.37160", "2005-03-31": "38.30370"}, "ROE - Return On Equity": {"2020-09-30": "2.53690", "2020-06-30": "2.31400", "2020-03-31": "4.32940", "2019-12-31": "2.38850", "2019-09-30": "2.30700", "2019-06-30": "2.33050", "2019-03-31": "4.16990", "2018-12-31": "2.09230", "2018-09-30": "2.37970", "2018-06-30": "2.37820", "2018-03-31": "4.03810", "2017-12-31": "4.57540", "2017-09-30": "2.34580", "2017-06-30": "2.17860", "2017-03-31": "3.91100", "2016-12-31": "2.18030", "2016-09-30": "2.44390", "2016-06-30": "2.05690", "2016-03-31": "3.92930", "2015-12-31": "2.07860", "2015-09-30": "2.12170", "2015-06-30": "0.96020", "2015-03-31": "4.34750", "2014-12-31": "2.77390", "2014-09-30": "2.87160", "2014-06-30": "3.04550", "2014-03-31": "4.80330", "2013-12-31": "3.43730", "2013-09-30": "3.27530", "2013-06-30": "2.83640", "2013-03-31": "4.20120", "2012-12-31": "2.38930", "2012-09-30": "3.76400", "2012-06-30": "2.92320", "2012-03-31": "4.24780", "2011-12-31": "2.87890", "2011-09-30": "3.29380", "2011-06-30": "2.48250", "2011-03-31": "4.37680", "2010-12-31": "3.30340", "2010-09-30": "3.01260", "2010-06-30": "2.37960", "2010-03-31": "3.54220", "2009-12-31": "3.16800", "2009-09-30": "1.66910", "2009-06-30": "1.81710", "2009-03-31": "4.11390", "2008-12-31": "2.91590", "2008-09-30": "2.34590", "2008-06-30": "1.80870", "2008-03-31": "3.85400", "2007-12-31": "3.02660", "2007-09-30": "2.73840", "2007-06-30": "1.93720", "2007-03-31": "3.42390", "2006-12-31": "2.68610", "2006-09-30": "2.49770", "2006-06-30": "2.13490", "2006-03-31": "3.78470", "2005-12-31": "3.39540", "2005-09-30": "2.51410", "2005-06-30": "2.20230", "2005-03-31": "3.53320"}, "Return On Tangible Equity": {"2020-09-30": "3.55830", "2020-06-30": "3.25410", "2020-03-31": "6.09000", "2019-12-31": "3.39080", "2019-09-30": "3.28450", "2019-06-30": "3.32320", "2019-03-31": "5.95530", "2018-12-31": "3.02360", "2018-09-30": "3.43890", "2018-06-30": "3.45050", "2018-03-31": "5.87470", "2017-12-31": "6.72380", "2017-09-30": "3.49470", "2017-06-30": "3.25300", "2017-03-31": "5.84140", "2016-12-31": "3.29220", "2016-09-30": "3.69830", "2016-06-30": "3.12320", "2016-03-31": "5.92350", "2015-12-31": "3.17750", "2015-09-30": "3.44020", "2015-06-30": "1.57620", "2015-03-31": "4.78400", "2014-12-31": "3.05870", "2014-09-30": "3.16800", "2014-06-30": "3.36230", "2014-03-31": "5.30880", "2013-12-31": "3.80740", "2013-09-30": "3.63120", "2013-06-30": "3.14490", "2013-03-31": "4.65710", "2012-12-31": "2.65330", "2012-09-30": "4.17860", "2012-06-30": "3.25100", "2012-03-31": "4.72800", "2011-12-31": "3.21250", "2011-09-30": "3.67790", "2011-06-30": "2.77140", "2011-03-31": "4.89240", "2010-12-31": "3.70440", "2010-09-30": "3.38640", "2010-06-30": "2.67940", "2010-03-31": "3.99340", "2009-12-31": "3.58120", "2009-09-30": "1.89240", "2009-06-30": "2.06180", "2009-03-31": "4.67290", "2008-12-31": "3.32600", "2008-09-30": "2.68410", "2008-06-30": "2.07400", "2008-03-31": "4.42450", "2007-12-31": "3.49000", "2007-09-30": "3.16800", "2007-06-30": "2.24770", "2007-03-31": "3.97830", "2006-12-31": "3.13220", "2006-09-30": "2.92190", "2006-06-30": "2.50320", "2006-03-31": "4.44820", "2005-12-31": "4.01130", "2005-09-30": "2.98320", "2005-06-30": "2.62040", "2005-03-31": "4.21390"}, "ROA - Return On Assets": {"2020-09-30": "0.75410", "2020-06-30": "0.69090", "2020-03-31": "1.29940", "2019-12-31": "0.69870", "2019-09-30": "0.68160", "2019-06-30": "0.69490", "2019-03-31": "1.24610", "2018-12-31": "0.61330", "2018-09-30": "0.71710", "2018-06-30": "0.72420", "2018-03-31": "1.22820", "2017-12-31": "1.37030", "2017-09-30": "0.69550", "2017-06-30": "0.65250", "2017-03-31": "1.18900", "2016-12-31": "0.64630", "2016-09-30": "0.73800", "2016-06-30": "0.62280", "2016-03-31": "1.19050", "2015-12-31": "0.61280", "2015-09-30": "0.63640", "2015-06-30": "0.28380", "2015-03-31": "1.29560", "2014-12-31": "0.82250", "2014-09-30": "0.85770", "2014-06-30": "0.90970", "2014-03-31": "1.40260", "2013-12-31": "0.98510", "2013-09-30": "0.95670", "2013-06-30": "0.83120", "2013-03-31": "1.23540", "2012-12-31": "0.69160", "2012-09-30": "1.12830", "2012-06-30": "0.85900", "2012-03-31": "1.24520", "2011-12-31": "0.82310", "2011-09-30": "0.97970", "2011-06-30": "0.74940", "2011-03-31": "1.29580", "2010-12-31": "0.96170", "2010-09-30": "0.88300", "2010-06-30": "0.68930", "2010-03-31": "1.01400", "2009-12-31": "0.88990", "2009-09-30": "0.46860", "2009-06-30": "0.51230", "2009-03-31": "1.14010", "2008-12-31": "0.77110", "2008-09-30": "0.64890", "2008-06-30": "0.49640", "2008-03-31": "1.05330", "2007-12-31": "0.80030", "2007-09-30": "0.70650", "2007-06-30": "0.50340", "2007-03-31": "0.89990", "2006-12-31": "0.69720", "2006-09-30": "0.66640", "2006-06-30": "0.57400", "2006-03-31": "1.00620", "2005-12-31": "0.86980", "2005-09-30": "0.65800", "2005-06-30": "0.59040", "2005-03-31": "0.94840"}, "ROI - Return On Investment": {"2020-09-30": "1.20250", "2020-06-30": "1.14120", "2020-03-31": "2.08770", "2019-12-31": "1.13760", "2019-09-30": "1.11130", "2019-06-30": "1.17490", "2019-03-31": "2.05690", "2018-12-31": "1.03500", "2018-09-30": "1.23140", "2018-06-30": "1.21960", "2018-03-31": "2.13150", "2017-12-31": "2.37360", "2017-09-30": "1.19760", "2017-06-30": "1.10880", "2017-03-31": "1.95030", "2016-12-31": "1.07460", "2016-09-30": "1.20660", "2016-06-30": "1.02270", "2016-03-31": "1.94610", "2015-12-31": "1.01010", "2015-09-30": "1.05000", "2015-06-30": "0.47520", "2015-03-31": "2.25140", "2014-12-31": "1.42210", "2014-09-30": "1.40360", "2014-06-30": "1.48020", "2014-03-31": "2.38590", "2013-12-31": "1.68660", "2013-09-30": "1.59890", "2013-06-30": "1.38230", "2013-03-31": "2.03570", "2012-12-31": "1.14630", "2012-09-30": "1.85430", "2012-06-30": "1.41870", "2012-03-31": "1.98160", "2011-12-31": "1.32550", "2011-09-30": "1.51110", "2011-06-30": "1.17890", "2011-03-31": "2.06550", "2010-12-31": "1.61760", "2010-09-30": "1.45960", "2010-06-30": "1.14380", "2010-03-31": "1.59890", "2009-12-31": "1.51210", "2009-09-30": "0.81420", "2009-06-30": "0.86090", "2009-03-31": "1.87330", "2008-12-31": "1.30740", "2008-09-30": "1.16650", "2008-06-30": "0.91300", "2008-03-31": "1.98510", "2007-12-31": "1.48840", "2007-09-30": "1.26710", "2007-06-30": "0.88050", "2007-03-31": "1.67140", "2006-12-31": "1.29490", "2006-09-30": "1.20000", "2006-06-30": "1.02010", "2006-03-31": "1.79560", "2005-12-31": "1.58500", "2005-09-30": "1.13830", "2005-06-30": "1.01390", "2005-03-31": "1.54950"}, "Book Value Per Share": {"2020-09-30": "33.47470", "2020-06-30": "33.26420", "2020-03-31": "33.23850", "2019-12-31": "32.50940", "2019-09-30": "32.29310", "2019-06-30": "32.17240", "2019-03-31": "32.05730", "2018-12-31": "31.19490", "2018-09-30": "31.19460", "2018-06-30": "30.91980", "2018-03-31": "30.73540", "2017-12-31": "30.07780", "2017-09-30": "29.23450", "2017-06-30": "29.09970", "2017-03-31": "29.01330", "2016-12-31": "28.38970", "2016-09-30": "28.26810", "2016-06-30": "28.08410", "2016-03-31": "28.03350", "2015-12-31": "27.51240", "2015-09-30": "27.59530", "2015-06-30": "27.04670", "2015-03-31": "20.13770", "2014-12-31": "19.73290", "2014-09-30": "19.63800", "2014-06-30": "19.49950", "2014-03-31": "19.29950", "2013-12-31": "18.86770", "2013-09-30": "18.66720", "2013-06-30": "18.56130", "2013-03-31": "18.51150", "2012-12-31": "18.18690", "2012-09-30": "18.15800", "2012-06-30": "17.84140", "2012-03-31": "17.71240", "2011-12-31": "17.32720", "2011-09-30": "17.17100", "2011-06-30": "17.01890", "2011-03-31": "16.83490", "2010-12-31": "16.39430", "2010-09-30": "16.07440", "2010-06-30": "15.85780", "2010-03-31": "15.70650", "2009-12-31": "15.38520", "2009-09-30": "15.04260", "2009-06-30": "14.95780", "2009-03-31": "14.84000", "2008-12-31": "14.40030", "2008-09-30": "14.09400", "2008-06-30": "13.89030", "2008-03-31": "13.77730", "2007-12-31": "13.38090", "2007-09-30": "13.10470", "2007-06-30": "12.86470", "2007-03-31": "12.75420", "2006-12-31": "12.47940", "2006-09-30": "12.24580", "2006-06-30": "12.08250", "2006-03-31": "11.92030", "2005-12-31": "11.58520", "2005-09-30": "11.31630", "2005-06-30": "11.15340", "2005-03-31": "11.01710"}, "Operating Cash Flow Per Share": {"2020-09-30": 1.8013, "2020-06-30": 2.1786, "2020-03-31": "2.18030", "2019-12-31": 1.5958, "2019-09-30": 1.7333, "2019-06-30": 1.754, "2019-03-31": "2.32300", "2018-12-31": 1.3799, "2018-09-30": 1.5614, "2018-06-30": 1.9545, "2018-03-31": "2.82110", "2017-12-31": 1.0547, "2017-09-30": 1.5068, "2017-06-30": 1.7387, "2017-03-31": "2.25280", "2016-12-31": 1.2051, "2016-09-30": 1.5721, "2016-06-30": 1.6669, "2016-03-31": "2.19460", "2015-12-31": 1.3555, "2015-09-30": 0.2607, "2015-06-30": 1.6757, "2015-03-31": "1.45180", "2014-12-31": 0.7202, "2014-09-30": 1.3805, "2014-06-30": 1.4779, "2014-03-31": "1.69130", "2013-12-31": 0.7739, "2013-09-30": 1.6339, "2013-06-30": 1.528, "2013-03-31": "1.42860", "2012-12-31": 0.7814, "2012-09-30": 1.6498, "2012-06-30": 1.1512, "2012-03-31": "1.46010", "2011-12-31": 0.6969, "2011-09-30": 0.7819, "2011-06-30": 1.0887, "2011-03-31": "1.65260", "2010-12-31": 0.6643, "2010-09-30": 0.9686, "2010-06-30": 0.5077, "2010-03-31": "1.28310", "2009-12-31": 0.8283, "2009-09-30": 0.8572, "2009-06-30": 0.8945, "2009-03-31": "0.08600", "2008-12-31": 0.3946, "2008-09-30": 0.2952, "2008-06-30": 0.9717, "2008-03-31": "1.45310", "2007-12-31": -0.43, "2007-09-30": 0.754, "2007-06-30": 0.3938, "2007-03-31": "1.52860", "2006-12-31": 0.0917, "2006-09-30": 0.5392, "2006-06-30": 1.0186, "2006-03-31": "1.43330", "2005-12-31": 0.0674, "2005-09-30": 0.5392, "2005-06-30": 0.2464, "2005-03-31": "1.59210"}, "Free Cash Flow Per Share": {"2020-09-30": -0.005, "2020-06-30": 0.4639, "2020-03-31": "0.61790", "2019-12-31": -0.8734, "2019-09-30": -0.2359, "2019-06-30": 0.1531, "2019-03-31": "1.22360", "2018-12-31": -0.5929, "2018-09-30": -0.2531, "2018-06-30": 0.4503, "2018-03-31": "1.43640", "2017-12-31": -1.0708, "2017-09-30": -0.1214, "2017-06-30": 0.3543, "2017-03-31": "1.21340", "2016-12-31": 0.3932, "2016-09-30": -0.14, "2016-06-30": 1.207, "2016-03-31": "1.21070", "2015-12-31": -0.7689, "2015-09-30": -0.5458, "2015-06-30": 0.7434, "2015-03-31": "0.77780", "2014-12-31": -0.3698, "2014-09-30": 0.4669, "2014-06-30": 0.7031, "2014-03-31": "1.12380", "2013-12-31": -0.1971, "2013-09-30": 0.7918, "2013-06-30": 0.7726, "2013-03-31": "0.85080", "2012-12-31": -0.1678, "2012-09-30": 0.9465, "2012-06-30": 0.4144, "2012-03-31": "0.84990", "2011-12-31": -0.2139, "2011-09-30": -0.3561, "2011-06-30": 0.1952, "2011-03-31": "1.24180", "2010-12-31": -0.3838, "2010-09-30": 0.2687, "2010-06-30": -0.0049, "2010-03-31": "0.46180", "2009-12-31": -0.2766, "2009-09-30": 0.0598, "2009-06-30": 0.1406, "2009-03-31": "-0.63980", "2008-12-31": -0.6396, "2008-09-30": -0.7333, "2008-06-30": -0.2684, "2008-03-31": "0.01990", "2007-12-31": -1.9608, "2007-09-30": 3.5903, "2007-06-30": -0.7534, "2007-03-31": "0.32770", "2006-12-31": -0.8852, "2006-09-30": -0.3712, "2006-06-30": 0.3214, "2006-03-31": "0.52830", "2005-12-31": -0.6528, "2005-09-30": -0.1932, "2005-06-30": -0.1983, "2005-03-31": "0.90790"}}, "revenue": {"WEC Energy Annual Revenue (Millions of US $)": {"2020": "$7,242", "2019": "$7,523", "2018": "$7,680", "2017": "$7,649", "2016": "$7,472", "2015": "$5,926", "2014": "$4,997", "2013": "$4,519", "2012": "$4,246", "2011": "$4,486", "2010": "$4,203", "2009": "$4,101", "2008": "$4,402", "2007": "$4,235", "2006": "$3,996", "2005": "$3,816"}, "WEC Energy Quarterly Revenue (Millions of US $)": {"2020-12-31": "$1,933", "2020-09-30": "$1,651", "2020-06-30": "$1,549", "2020-03-31": "$2,109", "2019-12-31": "$1,948", "2019-09-30": "$1,608", "2019-06-30": "$1,590", "2019-03-31": "$2,377", "2018-12-31": "$2,077", "2018-09-30": "$1,644", "2018-06-30": "$1,673", "2018-03-31": "$2,287", "2017-12-31": "$2,055", "2017-09-30": "$1,658", "2017-06-30": "$1,632", "2017-03-31": "$2,305", "2016-12-31": "$1,963", "2016-09-30": "$1,713", "2016-06-30": "$1,602", "2016-03-31": "$2,195", "2015-12-31": "$1,848", "2015-09-30": "$1,699", "2015-06-30": "$991", "2015-03-31": "$1,388", "2014-12-31": "$1,225", "2014-09-30": "$1,033", "2014-06-30": "$1,044", "2014-03-31": "$1,695", "2013-12-31": "$1,178", "2013-09-30": "$1,053", "2013-06-30": "$1,012", "2013-03-31": "$1,275", "2012-12-31": "$1,071", "2012-09-30": "$1,039", "2012-06-30": "$945", "2012-03-31": "$1,191", "2011-12-31": "$1,113", "2011-09-30": "$1,053", "2011-06-30": "$992", "2011-03-31": "$1,329", "2010-12-31": "$1,090", "2010-09-30": "$973", "2010-06-30": "$891", "2010-03-31": "$1,249", "2009-12-31": "$1,054", "2009-09-30": "$816", "2009-06-30": "$836", "2009-03-31": "$1,396", "2008-12-31": "$1,174", "2008-09-30": "$852", "2008-06-30": "$945", "2008-03-31": "$1,431", "2007-12-31": "$1,146", "2007-09-30": "$882", "2007-06-30": "$907", "2007-03-31": "$1,301", "2006-12-31": "$1,095", "2006-09-30": "$840", "2006-06-30": "$814", "2006-03-31": "$1,247", "2005-12-31": "$1,135", "2005-09-30": "$797", "2005-06-30": "$789", "2005-03-31": "$1,095"}}, "gross-profit": {"WEC Energy Annual Gross Profit (Millions of US $)": {"2020": "$4,922", "2019": "$4,844", "2018": "$4,782", "2017": "$4,826", "2016": "$4,825", "2015": "$3,686", "2014": "$2,738", "2013": "$2,692", "2012": "$2,602", "2011": "$2,588", "2010": "$2,351", "2009": "$2,129", "2008": "$1,943", "2007": "$2,186", "2006": "$2,176", "2005": "$1,992"}, "WEC Energy Quarterly Gross Profit (Millions of US $)": {"2020-12-31": "$1,276", "2020-09-30": "$1,168", "2020-06-30": "$1,104", "2020-03-31": "$1,374", "2019-12-31": "$1,255", "2019-09-30": "$1,124", "2019-06-30": "$1,098", "2019-03-31": "$1,368", "2018-12-31": "$1,223", "2018-09-30": "$1,120", "2018-06-30": "$1,125", "2018-03-31": "$1,314", "2017-12-31": "$1,258", "2017-09-30": "$1,115", "2017-06-30": "$1,090", "2017-03-31": "$1,363", "2016-12-31": "$1,218", "2016-09-30": "$1,158", "2016-06-30": "$1,094", "2016-03-31": "$1,356", "2015-12-31": "$1,166", "2015-09-30": "$1,108", "2015-06-30": "$638", "2015-03-31": "$774", "2014-12-31": "$702", "2014-09-30": "$626", "2014-06-30": "$625", "2014-03-31": "$785", "2013-12-31": "$684", "2013-09-30": "$653", "2013-06-30": "$621", "2013-03-31": "$734", "2012-12-31": "$644", "2012-09-30": "$647", "2012-06-30": "$611", "2012-03-31": "$700", "2011-12-31": "$653", "2011-09-30": "$633", "2011-06-30": "$584", "2011-03-31": "$719", "2010-12-31": "$629", "2010-09-30": "$570", "2010-06-30": "$537", "2010-03-31": "$615", "2009-12-31": "$561", "2009-09-30": "$460", "2009-06-30": "$481", "2009-03-31": "$627", "2008-12-31": "$537", "2008-09-30": "$412", "2008-06-30": "$462", "2008-03-31": "$533", "2007-12-31": "$524", "2007-09-30": "$549", "2007-06-30": "$516", "2007-03-31": "$598", "2006-12-31": "$554", "2006-09-30": "$525", "2006-06-30": "$500", "2006-03-31": "$597", "2005-12-31": "$529", "2005-09-30": "$477", "2005-06-30": "$460", "2005-03-31": "$526"}}, "operating-income": {"WEC Energy Annual Operating Income (Millions of US $)": {"2020": "$1,706", "2019": "$1,531", "2018": "$1,468", "2017": "$1,776", "2016": "$1,696", "2015": "$1,251", "2014": "$1,112", "2013": "$1,080", "2012": "$1,000", "2011": "$887", "2010": "$810", "2009": "$660", "2008": "$655", "2007": "$627", "2006": "$569", "2005": "$563"}, "WEC Energy Quarterly Operating Income (Millions of US $)": {"2020-12-31": "$371", "2020-09-30": "$370", "2020-06-30": "$339", "2020-03-31": "$627", "2019-12-31": "$363", "2019-09-30": "$311", "2019-06-30": "$315", "2019-03-31": "$543", "2018-12-31": "$290", "2018-09-30": "$303", "2018-06-30": "$331", "2018-03-31": "$545", "2017-12-31": "$407", "2017-09-30": "$392", "2017-06-30": "$362", "2017-03-31": "$615", "2016-12-31": "$376", "2016-09-30": "$399", "2016-06-30": "$332", "2016-03-31": "$589", "2015-12-31": "$380", "2015-09-30": "$346", "2015-06-30": "$166", "2015-03-31": "$359", "2014-12-31": "$244", "2014-09-30": "$246", "2014-06-30": "$241", "2014-03-31": "$382", "2013-12-31": "$272", "2013-09-30": "$258", "2013-06-30": "$230", "2013-03-31": "$321", "2012-12-31": "$201", "2012-09-30": "$281", "2012-06-30": "$223", "2012-03-31": "$296", "2011-12-31": "$193", "2011-09-30": "$224", "2011-06-30": "$174", "2011-03-31": "$296", "2010-12-31": "$216", "2010-09-30": "$203", "2010-06-30": "$163", "2010-03-31": "$228", "2009-12-31": "$195", "2009-09-30": "$104", "2009-06-30": "$118", "2009-03-31": "$243", "2008-12-31": "$191", "2008-09-30": "$138", "2008-06-30": "$108", "2008-03-31": "$218", "2007-12-31": "$185", "2007-09-30": "$153", "2007-06-30": "$105", "2007-03-31": "$185", "2006-12-31": "$139", "2006-09-30": "$131", "2006-06-30": "$107", "2006-03-31": "$192", "2005-12-31": "$178", "2005-09-30": "$128", "2005-06-30": "$90", "2005-03-31": "$167"}}, "ebitda": {"WEC Energy Annual EBITDA (Millions of US $)": {"2019": "$2,458", "2018": "$2,314", "2017": "$2,575", "2016": "$2,459", "2015": "$1,834", "2014": "$1,529", "2013": "$1,476", "2012": "$1,372", "2011": "$1,224", "2010": "$929", "2009": "$777", "2008": "$497", "2007": "$965", "2006": "$905", "2005": "$936"}, "WEC Energy Quarterly EBITDA (Millions of US $)": {"2020-09-30": "$615", "2020-06-30": "$581", "2020-03-31": "$866", "2019-12-31": "$599", "2019-09-30": "$545", "2019-06-30": "$545", "2019-03-31": "$769", "2018-12-31": "$508", "2018-09-30": "$516", "2018-06-30": "$538", "2018-03-31": "$754", "2017-12-31": "$612", "2017-09-30": "$593", "2017-06-30": "$560", "2017-03-31": "$809", "2016-12-31": "$557", "2016-09-30": "$595", "2016-06-30": "$526", "2016-03-31": "$781", "2015-12-31": "$573", "2015-09-30": "$522", "2015-06-30": "$274", "2015-03-31": "$466", "2014-12-31": "$348", "2014-09-30": "$353", "2014-06-30": "$344", "2014-03-31": "$486", "2013-12-31": "$370", "2013-09-30": "$358", "2013-06-30": "$329", "2013-03-31": "$419", "2012-12-31": "$295", "2012-09-30": "$375", "2012-06-30": "$316", "2012-03-31": "$386", "2011-12-31": "$281", "2011-09-30": "$304", "2011-06-30": "$259", "2011-03-31": "$380", "2010-12-31": "$249", "2010-09-30": "$228", "2010-06-30": "$202", "2010-03-31": "$251", "2009-12-31": "$220", "2009-09-30": "$137", "2009-06-30": "$154", "2009-03-31": "$266", "2008-12-31": "$186", "2008-09-30": "$67", "2008-06-30": "$103", "2008-03-31": "$141", "2007-12-31": "$264", "2007-09-30": "$241", "2007-06-30": "$188", "2007-03-31": "$271", "2006-12-31": "$203", "2006-09-30": "$223", "2006-06-30": "$196", "2006-03-31": "$284", "2005-12-31": "$273", "2005-09-30": "$223", "2005-06-30": "$179", "2005-03-31": "$262"}}, "net-income": {"WEC Energy Annual Net Income (Millions of US $)": {"2020": "$1,200", "2019": "$1,134", "2018": "$1,059", "2017": "$1,204", "2016": "$939", "2015": "$639", "2014": "$588", "2013": "$577", "2012": "$546", "2011": "$526", "2010": "$457", "2009": "$382", "2008": "$359", "2007": "$336", "2006": "$316", "2005": "$309"}, "WEC Energy Quarterly Net Income (Millions of US $)": {"2020-12-31": "$239", "2020-09-30": "$267", "2020-06-30": "$242", "2020-03-31": "$453", "2019-12-31": "$244", "2019-09-30": "$234", "2019-06-30": "$236", "2019-03-31": "$420", "2018-12-31": "$205", "2018-09-30": "$233", "2018-06-30": "$231", "2018-03-31": "$390", "2017-12-31": "$433", "2017-09-30": "$215", "2017-06-30": "$199", "2017-03-31": "$357", "2016-12-31": "$194", "2016-09-30": "$217", "2016-06-30": "$181", "2016-03-31": "$346", "2015-12-31": "$179", "2015-09-30": "$183", "2015-06-30": "$81", "2015-03-31": "$196", "2014-12-31": "$121", "2014-09-30": "$126", "2014-06-30": "$133", "2014-03-31": "$208", "2013-12-31": "$144", "2013-09-30": "$138", "2013-06-30": "$119", "2013-03-31": "$177", "2012-12-31": "$99", "2012-09-30": "$156", "2012-06-30": "$119", "2012-03-31": "$172", "2011-12-31": "$116", "2011-09-30": "$130", "2011-06-30": "$110", "2011-03-31": "$171", "2010-12-31": "$126", "2010-09-30": "$112", "2010-06-30": "$89", "2010-03-31": "$130", "2009-12-31": "$119", "2009-09-30": "$59", "2009-06-30": "$64", "2009-03-31": "$142", "2008-12-31": "$100", "2008-09-30": "$78", "2008-06-30": "$58", "2008-03-31": "$123", "2007-12-31": "$94", "2007-09-30": "$83", "2007-06-30": "$58", "2007-03-31": "$101", "2006-12-31": "$77", "2006-09-30": "$71", "2006-06-30": "$63", "2006-03-31": "$106", "2005-12-31": "$91", "2005-09-30": "$66", "2005-06-30": "$62", "2005-03-31": "$90"}}, "eps-earnings-per-share-diluted": {"WEC Energy Annual EPS": {"2020": "$3.79", "2019": "$3.58", "2018": "$3.34", "2017": "$3.79", "2016": "$2.96", "2015": "$2.34", "2014": "$2.59", "2013": "$2.51", "2012": "$2.35", "2011": "$2.24", "2010": "$1.93", "2009": "$1.62", "2008": "$1.52", "2007": "$1.42", "2006": "$1.34", "2005": "$1.31"}, "WEC Energy Quarterly EPS": {"2020-12-31": "$0.76", "2020-09-30": "$0.84", "2020-06-30": "$0.76", "2020-03-31": "$1.43", "2019-12-31": "$0.77", "2019-09-30": "$0.74", "2019-06-30": "$0.74", "2019-03-31": "$1.33", "2018-12-31": "$0.64", "2018-09-30": "$0.74", "2018-06-30": "$0.73", "2018-03-31": "$1.23", "2017-12-31": "$1.36", "2017-09-30": "$0.68", "2017-06-30": "$0.63", "2017-03-31": "$1.12", "2016-12-31": "$0.62", "2016-09-30": "$0.68", "2016-06-30": "$0.57", "2016-03-31": "$1.09", "2015-12-31": "$0.55", "2015-09-30": "$0.58", "2015-06-30": "$0.35", "2015-03-31": "$0.86", "2014-12-31": "$0.54", "2014-09-30": "$0.56", "2014-06-30": "$0.58", "2014-03-31": "$0.91", "2013-12-31": "$0.63", "2013-09-30": "$0.60", "2013-06-30": "$0.52", "2013-03-31": "$0.76", "2012-12-31": "$0.43", "2012-09-30": "$0.67", "2012-06-30": "$0.51", "2012-03-31": "$0.74", "2011-12-31": "$0.51", "2011-09-30": "$0.55", "2011-06-30": "$0.46", "2011-03-31": "$0.72", "2010-12-31": "$0.54", "2010-09-30": "$0.47", "2010-06-30": "$0.37", "2010-03-31": "$0.55", "2009-12-31": "$0.50", "2009-09-30": "$0.25", "2009-06-30": "$0.27", "2009-03-31": "$0.60", "2008-12-31": "$0.43", "2008-09-30": "$0.33", "2008-06-30": "$0.25", "2008-03-31": "$0.52", "2007-12-31": "$0.40", "2007-09-30": "$0.35", "2007-06-30": "$0.25", "2007-03-31": "$0.43", "2006-12-31": "$0.33", "2006-09-30": "$0.30", "2006-06-30": "$0.27", "2006-03-31": "$0.45", "2005-12-31": "$0.39", "2005-09-30": "$0.28", "2005-06-30": "$0.26", "2005-03-31": "$0.38"}}, "shares-outstanding": {"WEC Energy Annual Shares Outstanding (Millions of Shares)": {"2020": "317", "2019": "317", "2018": "317", "2017": "317", "2016": "317", "2015": "273", "2014": "228", "2013": "230", "2012": "233", "2011": "235", "2010": "237", "2009": "236", "2008": "236", "2007": "237", "2006": "237", "2005": "237"}, "WEC Energy Quarterly Shares Outstanding (Millions of Shares)": {"2020-12-31": "317", "2020-09-30": "317", "2020-06-30": "317", "2020-03-31": "317", "2019-12-31": "317", "2019-09-30": "317", "2019-06-30": "317", "2019-03-31": "317", "2018-12-31": "317", "2018-09-30": "317", "2018-06-30": "317", "2018-03-31": "317", "2017-12-31": "317", "2017-09-30": "318", "2017-06-30": "317", "2017-03-31": "317", "2016-12-31": "317", "2016-09-30": "317", "2016-06-30": "317", "2016-03-31": "317", "2015-12-31": "273", "2015-09-30": "317", "2015-06-30": "229", "2015-03-31": "227", "2014-12-31": "228", "2014-09-30": "227", "2014-06-30": "228", "2014-03-31": "228", "2013-12-31": "230", "2013-09-30": "229", "2013-06-30": "231", "2013-03-31": "231", "2012-12-31": "233", "2012-09-30": "233", "2012-06-30": "233", "2012-03-31": "233", "2011-12-31": "235", "2011-09-30": "235", "2011-06-30": "237", "2011-03-31": "237", "2010-12-31": "237", "2010-09-30": "237", "2010-06-30": "237", "2010-03-31": "237", "2009-12-31": "236", "2009-09-30": "236", "2009-06-30": "236", "2009-03-31": "236", "2008-12-31": "236", "2008-09-30": "236", "2008-06-30": "237", "2008-03-31": "237", "2007-12-31": "237", "2007-09-30": "236", "2007-06-30": "237", "2007-03-31": "237", "2006-12-31": "237", "2006-09-30": "237", "2006-06-30": "237", "2006-03-31": "237", "2005-12-31": "237", "2005-09-30": "237", "2005-06-30": "237", "2005-03-31": "237"}}, "total-assets": {"WEC Energy Annual Total Assets (Millions of US $)": {"2019": "$34,952", "2018": "$33,476", "2017": "$31,591", "2016": "$30,123", "2015": "$29,355", "2014": "$14,905", "2013": "$14,769", "2012": "$14,285", "2011": "$13,862", "2010": "$13,060", "2009": "$12,698", "2008": "$12,618", "2007": "$11,720", "2006": "$11,130", "2005": "$10,462"}, "WEC Energy Quarterly Total Assets (Millions of US $)": {"2020-09-30": "$35,422", "2020-06-30": "$35,042", "2020-03-31": "$34,832", "2019-12-31": "$34,952", "2019-09-30": "$34,377", "2019-06-30": "$33,934", "2019-03-31": "$33,737", "2018-12-31": "$33,476", "2018-09-30": "$32,562", "2018-06-30": "$31,938", "2018-03-31": "$31,786", "2017-12-31": "$31,591", "2017-09-30": "$31,013", "2017-06-30": "$30,560", "2017-03-31": "$30,017", "2016-12-31": "$30,123", "2016-09-30": "$29,444", "2016-06-30": "$29,175", "2016-03-31": "$29,105", "2015-12-31": "$29,355", "2015-09-30": "$28,770", "2015-06-30": "$28,615", "2015-03-31": "$15,136", "2014-12-31": "$14,905", "2014-09-30": "$14,725", "2014-06-30": "$14,620", "2014-03-31": "$14,801", "2013-12-31": "$14,769", "2013-09-30": "$14,373", "2013-06-30": "$14,317", "2013-03-31": "$14,295", "2012-12-31": "$14,285", "2012-09-30": "$13,835", "2012-06-30": "$13,888", "2012-03-31": "$13,821", "2011-12-31": "$13,862", "2011-09-30": "$13,250", "2011-06-30": "$13,076", "2011-03-31": "$13,189", "2010-12-31": "$13,060", "2010-09-30": "$12,719", "2010-06-30": "$12,694", "2010-03-31": "$12,722", "2009-12-31": "$12,698", "2009-09-30": "$12,421", "2009-06-30": "$12,298", "2009-03-31": "$12,411", "2008-12-31": "$12,618", "2008-09-30": "$11,804", "2008-06-30": "$11,725", "2008-03-31": "$11,678", "2007-12-31": "$11,720", "2007-09-30": "$11,762", "2007-06-30": "$11,462", "2007-03-31": "$11,234", "2006-12-31": "$11,130", "2006-09-30": "$10,624", "2006-06-30": "$10,400", "2006-03-31": "$10,375", "2005-12-31": "$10,462", "2005-09-30": "$10,000", "2005-06-30": "$9,621", "2005-03-31": "$9,490"}}, "cash-on-hand": {"WEC Energy Annual Cash on Hand (Millions of US $)": {"2019": "$38", "2018": "$85", "2017": "$39", "2016": "$38", "2015": "$50", "2014": "$62", "2013": "$26", "2012": "$36", "2011": "$60", "2010": "$33", "2009": "$215", "2008": "$247", "2007": "$436", "2006": "$37", "2005": "$73"}, "WEC Energy Quarterly Cash on Hand (Millions of US $)": {"2020-09-30": "$13", "2020-06-30": "$13", "2020-03-31": "$15", "2019-12-31": "$38", "2019-09-30": "$20", "2019-06-30": "$38", "2019-03-31": "$31", "2018-12-31": "$85", "2018-09-30": "$15", "2018-06-30": "$30", "2018-03-31": "$48", "2017-12-31": "$39", "2017-09-30": "$18", "2017-06-30": "$37", "2017-03-31": "$46", "2016-12-31": "$38", "2016-09-30": "$25", "2016-06-30": "$32", "2016-03-31": "$35", "2015-12-31": "$50", "2015-09-30": "$22", "2015-06-30": "$214", "2015-03-31": "$65", "2014-12-31": "$62", "2014-09-30": "$89", "2014-06-30": "$33", "2014-03-31": "$28", "2013-12-31": "$26", "2013-09-30": "$19", "2013-06-30": "$21", "2013-03-31": "$25", "2012-12-31": "$36", "2012-09-30": "$23", "2012-06-30": "$31", "2012-03-31": "$43", "2011-12-31": "$60", "2011-09-30": "$61", "2011-06-30": "$56", "2011-03-31": "$282", "2010-12-31": "$33", "2010-09-30": "$74", "2010-06-30": "$123", "2010-03-31": "$164", "2009-12-31": "$215", "2009-09-30": "$191", "2009-06-30": "$186", "2009-03-31": "$201", "2008-12-31": "$247", "2008-09-30": "$259", "2008-06-30": "$347", "2008-03-31": "$367", "2007-12-31": "$436", "2007-09-30": "$500", "2007-06-30": "$37", "2007-03-31": "$24", "2006-12-31": "$37", "2006-09-30": "$21", "2006-06-30": "$18", "2006-03-31": "$37", "2005-12-31": "$73", "2005-09-30": "$30", "2005-06-30": "$21", "2005-03-31": "$19"}}, "long-term-debt": {"WEC Energy Annual Long Term Debt (Millions of US $)": {"2019": "$11,211", "2018": "$9,994", "2017": "$8,747", "2016": "$9,158", "2015": "$9,124", "2014": "$4,171", "2013": "$4,363", "2012": "$4,454", "2011": "$4,614", "2010": "$3,932", "2009": "$3,876", "2008": "$4,075", "2007": "$3,173", "2006": "$3,073", "2005": "$3,031"}, "WEC Energy Quarterly Long Term Debt (Millions of US $)": {"2020-09-30": "$11,653", "2020-06-30": "$10,722", "2020-03-31": "$11,195", "2019-12-31": "$11,211", "2019-09-30": "$10,897", "2019-06-30": "$9,921", "2019-03-31": "$10,327", "2018-12-31": "$9,994", "2018-09-30": "$9,119", "2018-06-30": "$9,209", "2018-03-31": "$8,618", "2017-12-31": "$8,747", "2017-09-30": "$8,786", "2017-06-30": "$8,800", "2017-03-31": "$9,144", "2016-12-31": "$9,158", "2016-09-30": "$9,088", "2016-06-30": "$8,902", "2016-03-31": "$8,956", "2015-12-31": "$9,124", "2015-09-30": "$8,727", "2015-06-30": "$8,548", "2015-03-31": "$4,169", "2014-12-31": "$4,171", "2014-09-30": "$4,570", "2014-06-30": "$4,588", "2014-03-31": "$4,349", "2013-12-31": "$4,363", "2013-09-30": "$4,371", "2013-06-30": "$4,383", "2013-03-31": "$4,441", "2012-12-31": "$4,454", "2012-09-30": "$4,241", "2012-06-30": "$4,298", "2012-03-31": "$4,603", "2011-12-31": "$4,614", "2011-09-30": "$4,619", "2011-06-30": "$4,335", "2011-03-31": "$4,339", "2010-12-31": "$3,932", "2010-09-30": "$3,936", "2010-06-30": "$3,943", "2010-03-31": "$4,396", "2009-12-31": "$3,876", "2009-09-30": "$3,631", "2009-06-30": "$3,820", "2009-03-31": "$4,083", "2008-12-31": "$4,075", "2008-09-30": "$3,271", "2008-06-30": "$3,127", "2008-03-31": "$2,974", "2007-12-31": "$3,173", "2007-09-30": "$3,493", "2007-06-30": "$3,544", "2007-03-31": "$3,066", "2006-12-31": "$3,073", "2006-09-30": "$3,035", "2006-06-30": "$3,025", "2006-03-31": "$3,025", "2005-12-31": "$3,031", "2005-09-30": "$3,133", "2005-06-30": "$2,992", "2005-03-31": "$3,231"}}, "total-liabilities": {"WEC Energy Annual Total Liabilities (Millions of US $)": {"2019": "$24,697", "2018": "$23,633", "2017": "$22,099", "2016": "$21,163", "2015": "$20,670", "2014": "$10,455", "2013": "$10,506", "2012": "$10,120", "2011": "$9,868", "2010": "$9,227", "2009": "$9,101", "2008": "$9,251", "2007": "$8,591", "2006": "$8,211", "2005": "$7,752"}, "WEC Energy Quarterly Total Liabilities (Millions of US $)": {"2020-09-30": "$24,863", "2020-06-30": "$24,549", "2020-03-31": "$24,348", "2019-12-31": "$24,697", "2019-09-30": "$24,191", "2019-06-30": "$23,786", "2019-03-31": "$23,625", "2018-12-31": "$23,633", "2018-09-30": "$22,720", "2018-06-30": "$22,181", "2018-03-31": "$22,087", "2017-12-31": "$22,099", "2017-09-30": "$21,787", "2017-06-30": "$21,376", "2017-03-31": "$20,861", "2016-12-31": "$21,163", "2016-09-30": "$20,522", "2016-06-30": "$20,311", "2016-03-31": "$20,256", "2015-12-31": "$20,670", "2015-09-30": "$20,058", "2015-06-30": "$20,076", "2015-03-31": "$10,595", "2014-12-31": "$10,455", "2014-09-30": "$10,296", "2014-06-30": "$10,222", "2014-03-31": "$10,448", "2013-12-31": "$10,506", "2013-09-30": "$10,144", "2013-06-30": "$10,091", "2013-03-31": "$10,061", "2012-12-31": "$10,120", "2012-09-30": "$9,657", "2012-06-30": "$9,776", "2012-03-31": "$9,739", "2011-12-31": "$9,868", "2011-09-30": "$9,278", "2011-06-30": "$9,098", "2011-03-31": "$9,254", "2010-12-31": "$9,227", "2010-09-30": "$8,960", "2010-06-30": "$8,986", "2010-03-31": "$9,049", "2009-12-31": "$9,101", "2009-09-30": "$8,903", "2009-06-30": "$8,801", "2009-03-31": "$8,941", "2008-12-31": "$9,251", "2008-09-30": "$8,508", "2008-06-30": "$8,477", "2008-03-31": "$8,456", "2007-12-31": "$8,591", "2007-09-30": "$8,697", "2007-06-30": "$8,453", "2007-03-31": "$8,251", "2006-12-31": "$8,211", "2006-09-30": "$7,759", "2006-06-30": "$7,574", "2006-03-31": "$7,587", "2005-12-31": "$7,752", "2005-09-30": "$7,353", "2005-06-30": "$7,011", "2005-03-31": "$6,912"}}, "total-share-holder-equity": {"WEC Energy Annual Share Holder Equity (Millions of US $)": {"2019": "$10,255", "2018": "$9,843", "2017": "$9,492", "2016": "$8,960", "2015": "$8,685", "2014": "$4,450", "2013": "$4,263", "2012": "$4,166", "2011": "$3,994", "2010": "$3,833", "2009": "$3,597", "2008": "$3,367", "2007": "$3,130", "2006": "$2,919", "2005": "$2,711"}, "WEC Energy Quarterly Share Holder Equity (Millions of US $)": {"2020-09-30": "$10,559", "2020-06-30": "$10,493", "2020-03-31": "$10,485", "2019-12-31": "$10,255", "2019-09-30": "$10,186", "2019-06-30": "$10,148", "2019-03-31": "$10,112", "2018-12-31": "$9,843", "2018-09-30": "$9,843", "2018-06-30": "$9,756", "2018-03-31": "$9,698", "2017-12-31": "$9,492", "2017-09-30": "$9,226", "2017-06-30": "$9,183", "2017-03-31": "$9,156", "2016-12-31": "$8,960", "2016-09-30": "$8,922", "2016-06-30": "$8,864", "2016-03-31": "$8,849", "2015-12-31": "$8,685", "2015-09-30": "$8,711", "2015-06-30": "$8,538", "2015-03-31": "$4,541", "2014-12-31": "$4,450", "2014-09-30": "$4,429", "2014-06-30": "$4,398", "2014-03-31": "$4,352", "2013-12-31": "$4,263", "2013-09-30": "$4,229", "2013-06-30": "$4,226", "2013-03-31": "$4,234", "2012-12-31": "$4,166", "2012-09-30": "$4,178", "2012-06-30": "$4,112", "2012-03-31": "$4,082", "2011-12-31": "$3,994", "2011-09-30": "$3,971", "2011-06-30": "$3,978", "2011-03-31": "$3,935", "2010-12-31": "$3,833", "2010-09-30": "$3,758", "2010-06-30": "$3,708", "2010-03-31": "$3,672", "2009-12-31": "$3,597", "2009-09-30": "$3,517", "2009-06-30": "$3,498", "2009-03-31": "$3,470", "2008-12-31": "$3,367", "2008-09-30": "$3,296", "2008-06-30": "$3,248", "2008-03-31": "$3,222", "2007-12-31": "$3,130", "2007-09-30": "$3,065", "2007-06-30": "$3,009", "2007-03-31": "$2,983", "2006-12-31": "$2,919", "2006-09-30": "$2,865", "2006-06-30": "$2,827", "2006-03-31": "$2,789", "2005-12-31": "$2,711", "2005-09-30": "$2,648", "2005-06-30": "$2,610", "2005-03-31": "$2,578"}}, "profit-margins": {"current": "16.58%"}, "gross margin": {"2020-12-31": "67.96%", "2020-09-30": "67.53%", "2020-06-30": "67.33%", "2020-03-31": "66.86%", "2019-12-31": "64.40%", "2019-09-30": "62.90%", "2019-06-30": "62.55%", "2019-03-31": "62.23%", "2018-12-31": "62.26%", "2018-09-30": "62.89%", "2018-06-30": "62.71%", "2018-03-31": "62.59%", "2017-12-31": "63.08%", "2017-09-30": "63.32%", "2017-06-30": "63.43%", "2017-03-31": "63.73%", "2016-12-31": "64.58%", "2016-09-30": "64.88%", "2016-06-30": "64.32%", "2016-03-31": "63.39%", "2015-12-31": "62.20%", "2015-09-30": "60.76%", "2015-06-30": "59.09%", "2015-03-31": "58.14%", "2014-12-31": "54.79%", "2014-09-30": "54.95%", "2014-06-30": "55.25%", "2014-03-31": "55.53%", "2013-12-31": "59.56%", "2013-09-30": "60.10%", "2013-06-30": "60.18%", "2013-03-31": "60.88%", "2012-12-31": "61.28%", "2012-09-30": "60.89%", "2012-06-30": "60.37%", "2012-03-31": "59.09%", "2011-12-31": "57.70%", "2011-09-30": "57.46%", "2011-06-30": "57.07%", "2011-03-31": "57.32%", "2010-12-31": "55.94%", "2010-09-30": "54.79%", "2010-06-30": "54.19%", "2010-03-31": "53.53%", "2009-12-31": "51.90%", "2009-09-30": "49.86%", "2009-06-30": "48.31%", "2009-03-31": "46.67%", "2008-12-31": "44.16%", "2008-09-30": "44.15%", "2008-06-30": "46.96%", "2008-03-31": "48.60%", "2007-12-31": "51.63%", "2007-09-30": "52.97%", "2007-06-30": "52.93%", "2007-03-31": "53.75%", "2006-12-31": "54.45%", "2006-09-30": "53.30%", "2006-06-30": "52.67%", "2006-03-31": "51.99%", "2005-12-31": "52.20%"}, "operating margin": {"2020-12-31": "23.57%", "2020-09-30": "23.41%", "2020-06-30": "22.73%", "2020-03-31": "22.27%", "2019-12-31": "20.36%", "2019-09-30": "19.07%", "2019-06-30": "18.87%", "2019-03-31": "18.88%", "2018-12-31": "19.13%", "2018-09-30": "20.71%", "2018-06-30": "21.83%", "2018-03-31": "22.35%", "2017-12-31": "23.22%", "2017-09-30": "23.09%", "2017-06-30": "23.01%", "2017-03-31": "22.71%", "2016-12-31": "22.70%", "2016-09-30": "23.10%", "2016-06-30": "22.43%", "2016-03-31": "22.00%", "2015-12-31": "21.11%", "2015-09-30": "21.03%", "2015-06-30": "21.89%", "2015-03-31": "23.24%", "2014-12-31": "22.27%", "2014-09-30": "23.05%", "2014-06-30": "23.20%", "2014-03-31": "23.13%", "2013-12-31": "23.93%", "2013-09-30": "22.90%", "2013-06-30": "23.49%", "2013-03-31": "23.70%", "2012-12-31": "23.58%", "2012-09-30": "23.16%", "2012-06-30": "21.76%", "2012-03-31": "20.40%", "2011-12-31": "19.77%", "2011-09-30": "20.39%", "2011-06-30": "20.28%", "2011-03-31": "20.50%", "2010-12-31": "19.27%", "2010-09-30": "18.93%", "2010-06-30": "17.21%", "2010-03-31": "16.31%", "2009-12-31": "16.09%", "2009-09-30": "15.54%", "2009-06-30": "16.20%", "2009-03-31": "15.57%", "2008-12-31": "14.88%", "2008-09-30": "14.84%", "2008-06-30": "15.08%", "2008-03-31": "15.14%", "2007-12-31": "14.83%", "2007-09-30": "13.91%", "2007-06-30": "13.52%", "2007-03-31": "13.88%", "2006-12-31": "14.24%", "2006-09-30": "15.06%", "2006-06-30": "15.15%", "2006-03-31": "14.82%", "2005-12-31": "14.75%"}, "ebitda margin": {"2020-09-30": "36.67%", "2020-06-30": "35.92%", "2020-03-31": "35.22%", "2019-12-31": "32.67%", "2019-09-30": "30.93%", "2019-06-30": "30.40%", "2019-03-31": "29.98%", "2018-12-31": "30.14%", "2018-09-30": "31.58%", "2018-06-30": "32.54%", "2018-03-31": "33.01%", "2017-12-31": "33.65%", "2017-09-30": "33.33%", "2017-06-30": "33.11%", "2017-03-31": "32.80%", "2016-12-31": "32.91%", "2016-09-30": "33.64%", "2016-06-30": "32.69%", "2016-03-31": "31.92%", "2015-12-31": "30.95%", "2015-09-30": "30.34%", "2015-06-30": "31.08%", "2015-03-31": "32.20%", "2014-12-31": "30.62%", "2014-09-30": "31.35%", "2014-06-30": "31.33%", "2014-03-31": "31.25%", "2013-12-31": "32.67%", "2013-09-30": "31.76%", "2013-06-30": "32.25%", "2013-03-31": "32.45%", "2012-12-31": "32.31%", "2012-09-30": "31.67%", "2012-06-30": "29.92%", "2012-03-31": "28.28%", "2011-12-31": "27.28%", "2011-09-30": "26.70%", "2011-06-30": "25.46%", "2011-03-31": "24.73%", "2010-12-31": "22.13%", "2010-09-30": "21.62%", "2010-06-30": "20.20%", "2010-03-31": "19.27%", "2009-12-31": "18.94%", "2009-09-30": "17.60%", "2009-06-30": "15.81%", "2009-03-31": "14.24%", "2008-12-31": "11.29%", "2008-09-30": "13.15%", "2008-06-30": "17.01%", "2008-03-31": "19.10%", "2007-12-31": "22.76%", "2007-09-30": "21.58%", "2007-06-30": "21.36%", "2007-03-31": "22.05%", "2006-12-31": "22.67%", "2006-09-30": "24.18%", "2006-06-30": "24.44%", "2006-03-31": "24.17%", "2005-12-31": "24.55%"}, "pre tax profit margin": {"2020-12-31": "19.75%", "2020-09-30": "19.72%", "2020-06-30": "18.89%", "2020-03-31": "18.17%", "2019-12-31": "16.75%", "2019-09-30": "15.70%", "2019-06-30": "15.69%", "2019-03-31": "15.92%", "2018-12-31": "16.03%", "2018-09-30": "17.89%", "2018-06-30": "19.08%", "2018-03-31": "19.61%", "2017-12-31": "20.76%", "2017-09-30": "20.32%", "2017-06-30": "20.19%", "2017-03-31": "20.01%", "2016-12-31": "20.17%", "2016-09-30": "20.64%", "2016-06-30": "19.98%", "2016-03-31": "19.55%", "2015-12-31": "18.14%", "2015-09-30": "18.03%", "2015-06-30": "18.74%", "2015-03-31": "19.87%", "2014-12-31": "19.03%", "2014-09-30": "19.88%", "2014-06-30": "20.02%", "2014-03-31": "19.79%", "2013-12-31": "20.27%", "2013-09-30": "18.98%", "2013-06-30": "19.67%", "2013-03-31": "19.91%", "2012-12-31": "20.09%", "2012-09-30": "20.31%", "2012-06-30": "19.15%", "2012-03-31": "18.05%", "2011-12-31": "17.32%", "2011-09-30": "17.92%", "2011-06-30": "17.70%", "2011-03-31": "17.84%", "2010-12-31": "16.75%", "2010-09-30": "16.49%", "2010-06-30": "15.04%", "2010-03-31": "14.36%", "2009-12-31": "14.41%", "2009-09-30": "13.50%", "2009-06-30": "14.09%", "2009-03-31": "13.58%", "2008-12-31": "12.95%", "2008-09-30": "13.03%", "2008-06-30": "13.28%", "2008-03-31": "13.40%", "2007-12-31": "13.01%", "2007-09-30": "12.14%", "2007-06-30": "11.75%", "2007-03-31": "12.00%", "2006-12-31": "12.19%", "2006-09-30": "12.74%", "2006-06-30": "12.65%", "2006-03-31": "12.05%", "2005-12-31": "11.87%"}, "net profit margin": {"2020-12-31": "16.58%", "2020-09-30": "16.62%", "2020-06-30": "16.26%", "2020-03-31": "16.09%", "2019-12-31": "15.07%", "2019-09-30": "14.31%", "2019-06-30": "14.23%", "2019-03-31": "14.01%", "2018-12-31": "13.79%", "2018-09-30": "16.80%", "2018-06-30": "16.54%", "2018-03-31": "16.21%", "2017-12-31": "15.74%", "2017-09-30": "12.77%", "2017-06-30": "12.70%", "2017-03-31": "12.51%", "2016-12-31": "12.55%", "2016-09-30": "12.54%", "2016-06-30": "12.11%", "2016-03-31": "11.72%", "2015-12-31": "10.78%", "2015-09-30": "10.96%", "2015-06-30": "11.30%", "2015-03-31": "12.28%", "2014-12-31": "11.77%", "2014-09-30": "12.34%", "2014-06-30": "12.54%", "2014-03-31": "12.33%", "2013-12-31": "12.79%", "2013-09-30": "12.08%", "2013-06-30": "12.53%", "2013-03-31": "12.73%", "2012-12-31": "12.86%", "2012-09-30": "13.13%", "2012-06-30": "12.48%", "2012-03-31": "12.14%", "2011-12-31": "11.75%", "2011-09-30": "12.03%", "2011-06-30": "11.84%", "2011-03-31": "11.63%", "2010-12-31": "10.87%", "2010-09-30": "10.80%", "2010-06-30": "9.90%", "2010-03-31": "9.41%", "2009-12-31": "9.36%", "2009-09-30": "8.65%", "2009-06-30": "9.02%", "2009-03-31": "8.66%", "2008-12-31": "8.16%", "2008-09-30": "8.07%", "2008-06-30": "8.13%", "2008-03-31": "8.20%", "2007-12-31": "7.93%", "2007-09-30": "7.62%", "2007-06-30": "7.41%", "2007-03-31": "7.70%", "2006-12-31": "7.93%", "2006-09-30": "8.20%", "2006-06-30": "8.16%", "2006-03-31": "8.19%", "2005-12-31": "8.10%"}, "pe ratio": {"current": "22.91", "2021-02-05": "28.65", "2020-12-31": "30.37", "2020-09-30": "25.34", "2020-06-30": "23.38", "2020-03-31": "23.46", "2019-12-31": "25.08", "2019-09-30": "26.58", "2019-06-30": "23.15", "2019-03-31": "21.86", "2018-12-31": "19.56", "2018-09-30": "15.44", "2018-06-30": "15.05", "2018-03-31": "14.84", "2017-12-31": "16.03", "2017-09-30": "18.75", "2017-06-30": "18.18", "2017-03-31": "18.17", "2016-12-31": "17.59", "2016-09-30": "18.05", "2016-06-30": "20.22", "2016-03-31": "20.02", "2015-12-31": "18.60", "2015-09-30": "19.08", "2015-06-30": "16.50", "2015-03-31": "16.29", "2014-12-31": "16.88", "2014-09-30": "13.15", "2014-06-30": "14.01", "2014-03-31": "14.09", "2013-12-31": "13.14", "2013-09-30": "13.82", "2013-06-30": "13.49", "2013-03-31": "14.07", "2012-12-31": "12.08", "2012-09-30": "11.90", "2012-06-30": "13.05", "2012-03-31": "11.76", "2011-12-31": "11.69", "2011-09-30": "10.24", "2011-06-30": "10.52", "2011-03-31": "10.56", "2010-12-31": "10.99", "2010-09-30": "10.89", "2010-06-30": "10.77", "2010-03-31": "11.10", "2009-12-31": "10.76", "2009-09-30": "10.15", "2009-06-30": "8.66", "2009-03-31": "8.82", "2008-12-31": "9.39", "2008-09-30": "10.14", "2008-06-30": "9.99", "2008-03-31": "9.66", "2007-12-31": "11.35", "2007-09-30": "11.02", "2007-06-30": "11.18", "2007-03-31": "12.01", "2006-12-31": "11.51"}, "price sales": {"2021-02-05": "3.80", "2020-12-31": "4.02", "2020-09-30": "4.20", "2020-06-30": "3.80", "2020-03-31": "3.77", "2019-12-31": "3.78", "2019-09-30": "3.81", "2019-06-30": "3.30", "2019-03-31": "3.08", "2018-12-31": "2.70", "2018-09-30": "2.59", "2018-06-30": "2.49", "2018-03-31": "2.41", "2017-12-31": "2.52", "2017-09-30": "2.39", "2017-06-30": "2.30", "2017-03-31": "2.26", "2016-12-31": "2.20", "2016-09-30": "2.17", "2016-06-30": "2.36", "2016-03-31": "2.22", "2015-12-31": "1.95", "2015-09-30": "2.09", "2015-06-30": "1.86", "2015-03-31": "2.00", "2014-12-31": "1.98", "2014-09-30": "1.62", "2014-06-30": "1.75", "2014-03-31": "1.74", "2013-12-31": "1.68", "2013-09-30": "1.67", "2013-06-30": "1.69", "2013-03-31": "1.79", "2012-12-31": "1.56", "2012-09-30": "1.57", "2012-06-30": "1.63", "2012-03-31": "1.43", "2011-12-31": "1.37", "2011-09-30": "1.23", "2011-06-30": "1.24", "2011-03-31": "1.23", "2010-12-31": "1.19", "2010-09-30": "1.17", "2010-06-30": "1.06", "2010-03-31": "1.04", "2009-12-31": "1.00", "2009-09-30": "0.88", "2009-06-30": "0.78", "2009-03-31": "0.76", "2008-12-31": "0.76", "2008-09-30": "0.82", "2008-06-30": "0.81", "2008-03-31": "0.79", "2007-12-31": "0.90", "2007-09-30": "0.84", "2007-06-30": "0.83", "2007-03-31": "0.92", "2006-12-31": "0.91"}, "price book": {"current": "2.58", "2021-02-05": "2.59", "2020-09-30": "2.88", "2020-06-30": "2.60", "2020-03-31": "2.60", "2019-12-31": "2.76", "2019-09-30": "2.85", "2019-06-30": "2.49", "2019-03-31": "2.35", "2018-12-31": "2.10", "2018-09-30": "2.01", "2018-06-30": "1.95", "2018-03-31": "1.88", "2017-12-31": "2.02", "2017-09-30": "1.95", "2017-06-30": "1.90", "2017-03-31": "1.87", "2016-12-31": "1.83", "2016-09-30": "1.86", "2016-06-30": "2.02", "2016-03-31": "1.85", "2015-12-31": "1.60", "2015-09-30": "1.60", "2015-06-30": "1.40", "2015-03-31": "2.05", "2014-12-31": "2.21", "2014-09-30": "1.79", "2014-06-30": "1.95", "2014-03-31": "1.94", "2013-12-31": "1.75", "2013-09-30": "1.71", "2013-06-30": "1.73", "2013-03-31": "1.80", "2012-12-31": "1.56", "2012-09-30": "1.59", "2012-06-30": "1.68", "2012-03-31": "1.49", "2011-12-31": "1.50", "2011-09-30": "1.35", "2011-06-30": "1.35", "2011-03-31": "1.32", "2010-12-31": "1.29", "2010-09-30": "1.29", "2010-06-30": "1.14", "2010-03-31": "1.11", "2009-12-31": "1.13", "2009-09-30": "1.04", "2009-06-30": "0.94", "2009-03-31": "0.95", "2008-12-31": "0.99", "2008-09-30": "1.07", "2008-06-30": "1.09", "2008-03-31": "1.06", "2007-12-31": "1.20", "2007-09-30": "1.13", "2007-06-30": "1.12", "2007-03-31": "1.24", "2006-12-31": "1.23", "2006-09-30": "1.14", "2006-06-30": "1.07", "2006-03-31": "1.07"}, "price fcf": {"2021-02-05": "", "2020-09-30": "$0.20", "2020-06-30": "$-0.03", "2020-03-31": "$-0.34", "2019-12-31": "$0.27", "2019-09-30": "$0.55", "2019-06-30": "$0.53", "2019-03-31": "$0.83", "2018-12-31": "$1.04", "2018-09-30": "$0.56", "2018-06-30": "$0.69", "2018-03-31": "$0.60", "2017-12-31": "$0.38", "2017-09-30": "$1.84", "2017-06-30": "$1.82", "2017-03-31": "$2.67", "2016-12-31": "$2.67", "2016-09-30": "$1.51", "2016-06-30": "$1.10", "2016-03-31": "$0.64", "2015-12-31": "$0.21", "2015-09-30": "$0.61", "2015-06-30": "$1.62", "2015-03-31": "$1.58", "2014-12-31": "$1.92", "2014-09-30": "$2.10", "2014-06-30": "$2.42", "2014-03-31": "$2.49", "2013-12-31": "$2.22", "2013-09-30": "$2.25", "2013-06-30": "$2.40", "2013-03-31": "$2.04", "2012-12-31": "$2.04", "2012-09-30": "$2.00", "2012-06-30": "$0.69", "2012-03-31": "$0.48", "2011-12-31": "$0.87", "2011-09-30": "$0.70", "2011-06-30": "$1.32", "2011-03-31": "$1.12", "2010-12-31": "$0.34", "2010-09-30": "$0.45", "2010-06-30": "$0.24", "2010-03-31": "$0.39", "2009-12-31": "$-0.72", "2009-09-30": "$-1.08", "2009-06-30": "$-1.87", "2009-03-31": "$-2.28", "2008-12-31": "$-1.62", "2008-09-30": "$-2.94", "2008-06-30": "$1.38", "2008-03-31": "$0.90", "2007-12-31": "$1.20", "2007-09-30": "$2.28", "2007-06-30": "$-1.68", "2007-03-31": "$-0.61", "2006-12-31": "$-0.41"}, "net worth": {"value": "$27.39B"}, "current ratio": {"2020-12-31": "0.50", "2020-09-30": "0.61", "2020-06-30": "0.49", "2020-03-31": "0.65", "2019-12-31": "0.66", "2019-09-30": "0.63", "2019-06-30": "0.55", "2019-03-31": "0.70", "2018-12-31": "0.68", "2018-09-30": "0.51", "2018-06-30": "0.59", "2018-03-31": "0.55", "2017-12-31": "0.57", "2017-09-30": "0.60", "2017-06-30": "0.64", "2017-03-31": "0.90", "2016-12-31": "0.89", "2016-09-30": "0.90", "2016-06-30": "0.83", "2016-03-31": "0.85", "2015-12-31": "0.82", "2015-09-30": "0.82", "2015-06-30": "0.77", "2015-03-31": "0.85", "2014-12-31": "0.78", "2014-09-30": "1.20", "2014-06-30": "1.31", "2014-03-31": "1.09", "2013-12-31": "1.04", "2013-09-30": "0.96", "2013-06-30": "0.99", "2013-03-31": "1.03", "2012-12-31": "0.88", "2012-09-30": "0.78", "2012-06-30": "0.87", "2012-03-31": "1.09", "2011-12-31": "1.05", "2011-09-30": "1.04", "2011-06-30": "1.03", "2011-03-31": "1.09", "2010-12-31": "0.77", "2010-09-30": "0.74", "2010-06-30": "0.77", "2010-03-31": "1.05", "2009-12-31": "0.81", "2009-09-30": "0.66", "2009-06-30": "0.71", "2009-03-31": "0.90", "2008-12-31": "0.98", "2008-09-30": "0.61", "2008-06-30": "0.65", "2008-03-31": "0.63", "2007-12-31": "0.74", "2007-09-30": "0.72", "2007-06-30": "0.70", "2007-03-31": "0.60", "2006-12-31": "0.66", "2006-09-30": "0.63", "2006-06-30": "0.71", "2006-03-31": "0.77", "2005-12-31": "0.84", "2005-09-30": "0.98", "2005-06-30": "0.90", "2005-03-31": "1.28"}, "quick ratio": {"2020-12-31": "0.38", "2020-09-30": "0.41", "2020-06-30": "0.36", "2020-03-31": "0.51", "2019-12-31": "0.49", "2019-09-30": "0.42", "2019-06-30": "0.41", "2019-03-31": "0.58", "2018-12-31": "0.51", "2018-09-30": "0.34", "2018-06-30": "0.44", "2018-03-31": "0.45", "2017-12-31": "0.43", "2017-09-30": "0.38", "2017-06-30": "0.46", "2017-03-31": "0.70", "2016-12-31": "0.65", "2016-09-30": "0.57", "2016-06-30": "0.60", "2016-03-31": "0.64", "2015-12-31": "0.56", "2015-09-30": "0.55", "2015-06-30": "0.58", "2015-03-31": "0.66", "2014-12-31": "0.54", "2014-09-30": "0.84", "2014-06-30": "1.00", "2014-03-31": "0.92", "2013-12-31": "0.82", "2013-09-30": "0.67", "2013-06-30": "0.74", "2013-03-31": "0.82", "2012-12-31": "0.63", "2012-09-30": "0.54", "2012-06-30": "0.63", "2012-03-31": "0.83", "2011-12-31": "0.77", "2011-09-30": "0.70", "2011-06-30": "0.73", "2011-03-31": "0.88", "2010-12-31": "0.55", "2010-09-30": "0.48", "2010-06-30": "0.53", "2010-03-31": "0.78", "2009-12-31": "0.61", "2009-09-30": "0.47", "2009-06-30": "0.54", "2009-03-31": "0.75", "2008-12-31": "0.79", "2008-09-30": "0.45", "2008-06-30": "0.53", "2008-03-31": "0.54", "2007-12-31": "0.60", "2007-09-30": "0.52", "2007-06-30": "0.48", "2007-03-31": "0.46", "2006-12-31": "0.44", "2006-09-30": "0.36", "2006-06-30": "0.46", "2006-03-31": "0.58", "2005-12-31": "0.56", "2005-09-30": "0.56", "2005-06-30": "0.62", "2005-03-31": "1.02"}, "debt equity ratio": {"current": "1.10", "2020-12-31": "2.47", "2020-09-30": "2.36", "2020-06-30": "2.34", "2020-03-31": "2.32", "2019-12-31": "2.41", "2019-09-30": "2.38", "2019-06-30": "2.34", "2019-03-31": "2.34", "2018-12-31": "2.40", "2018-09-30": "2.31", "2018-06-30": "2.27", "2018-03-31": "2.28", "2017-12-31": "2.33", "2017-09-30": "2.36", "2017-06-30": "2.33", "2017-03-31": "2.28", "2016-12-31": "2.36", "2016-09-30": "2.30", "2016-06-30": "2.29", "2016-03-31": "2.29", "2015-12-31": "2.38", "2015-09-30": "2.30", "2015-06-30": "2.35", "2015-03-31": "2.33", "2014-12-31": "2.35", "2014-09-30": "2.33", "2014-06-30": "2.33", "2014-03-31": "2.40", "2013-12-31": "2.46", "2013-09-30": "2.40", "2013-06-30": "2.39", "2013-03-31": "2.38", "2012-12-31": "2.43", "2012-09-30": "2.31", "2012-06-30": "2.38", "2012-03-31": "2.39", "2011-12-31": "2.47", "2011-09-30": "2.34", "2011-06-30": "2.29", "2011-03-31": "2.35", "2010-12-31": "2.41", "2010-09-30": "2.38", "2010-06-30": "2.42", "2010-03-31": "2.46", "2009-12-31": "2.53", "2009-09-30": "2.53", "2009-06-30": "2.52", "2009-03-31": "2.58", "2008-12-31": "2.75", "2008-09-30": "2.58", "2008-06-30": "2.61", "2008-03-31": "2.63", "2007-12-31": "2.75", "2007-09-30": "2.84", "2007-06-30": "2.81", "2007-03-31": "2.77", "2006-12-31": "2.81", "2006-09-30": "2.71", "2006-06-30": "2.68", "2006-03-31": "2.72", "2005-12-31": "2.86", "2005-09-30": "2.78", "2005-06-30": "2.69", "2005-03-31": "2.68"}, "return on equity": {"2020-12-31": "11.38%", "2020-09-30": "11.54%", "2020-06-30": "11.33%", "2020-03-31": "11.36%", "2019-12-31": "11.14%", "2019-09-30": "10.87%", "2019-06-30": "10.95%", "2019-03-31": "11.01%", "2018-12-31": "10.82%", "2018-09-30": "13.27%", "2018-06-30": "13.30%", "2018-03-31": "13.16%", "2017-12-31": "13.00%", "2017-09-30": "10.57%", "2017-06-30": "10.68%", "2017-03-31": "10.57%", "2016-12-31": "10.54%", "2016-09-30": "10.45%", "2016-06-30": "10.13%", "2016-03-31": "9.07%", "2015-12-31": "8.39%", "2015-09-30": "8.86%", "2015-06-30": "9.55%", "2015-03-31": "12.93%", "2014-12-31": "13.34%", "2014-09-30": "14.01%", "2014-06-30": "14.45%", "2014-03-31": "14.27%", "2013-12-31": "13.64%", "2013-09-30": "12.65%", "2013-06-30": "13.12%", "2013-03-31": "13.21%", "2012-12-31": "13.21%", "2012-09-30": "13.76%", "2012-06-30": "13.29%", "2012-03-31": "13.18%", "2011-12-31": "13.28%", "2011-09-30": "13.67%", "2011-06-30": "13.39%", "2011-03-31": "13.08%", "2010-12-31": "12.21%", "2010-09-30": "12.22%", "2010-06-30": "10.96%", "2010-03-31": "10.42%", "2009-12-31": "10.91%", "2009-09-30": "10.54%", "2009-06-30": "11.27%", "2009-03-31": "11.30%", "2008-12-31": "10.93%", "2008-09-30": "10.95%", "2008-06-30": "11.31%", "2008-03-31": "11.52%", "2007-12-31": "11.03%", "2007-09-30": "10.65%", "2007-06-30": "10.43%", "2007-03-31": "10.76%", "2006-12-31": "11.12%", "2006-09-30": "11.83%", "2006-06-30": "11.88%", "2006-03-31": "12.08%", "2005-12-31": "11.72%"}, "return on assets": {"2020-12-31": "3.38%", "2020-09-30": "3.44%", "2020-06-30": "3.37%", "2020-03-31": "3.38%", "2019-12-31": "3.31%", "2019-09-30": "3.23%", "2019-06-30": "3.27%", "2019-03-31": "3.31%", "2018-12-31": "3.26%", "2018-09-30": "4.03%", "2018-06-30": "4.02%", "2018-03-31": "3.96%", "2017-12-31": "3.91%", "2017-09-30": "3.17%", "2017-06-30": "3.22%", "2017-03-31": "3.20%", "2016-12-31": "3.18%", "2016-09-30": "3.15%", "2016-06-30": "3.05%", "2016-03-31": "2.72%", "2015-12-31": "2.51%", "2015-09-30": "2.66%", "2015-06-30": "2.86%", "2015-03-31": "3.88%", "2014-12-31": "3.98%", "2014-09-30": "4.15%", "2014-06-30": "4.26%", "2014-03-31": "4.18%", "2013-12-31": "4.00%", "2013-09-30": "3.72%", "2013-06-30": "3.88%", "2013-03-31": "3.91%", "2012-12-31": "3.91%", "2012-09-30": "4.06%", "2012-06-30": "3.92%", "2012-03-31": "3.91%", "2011-12-31": "3.95%", "2011-09-30": "4.09%", "2011-06-30": "3.99%", "2011-03-31": "3.86%", "2010-12-31": "3.57%", "2010-09-30": "3.54%", "2010-06-30": "3.14%", "2010-03-31": "2.97%", "2009-12-31": "3.08%", "2009-09-30": "2.93%", "2009-06-30": "3.13%", "2009-03-31": "3.11%", "2008-12-31": "3.00%", "2008-09-30": "3.01%", "2008-06-30": "3.05%", "2008-03-31": "3.07%", "2007-12-31": "2.91%", "2007-09-30": "2.80%", "2007-06-30": "2.76%", "2007-03-31": "2.88%", "2006-12-31": "2.98%", "2006-09-30": "3.16%", "2006-06-30": "3.16%", "2006-03-31": "3.21%", "2005-12-31": "3.12%"}, "return on investments": {"2020-12-31": "7.80%", "2020-09-30": "7.85%", "2020-06-30": "7.68%", "2020-03-31": "7.67%", "2019-12-31": "7.38%", "2019-09-30": "7.17%", "2019-06-30": "7.32%", "2019-03-31": "7.50%", "2018-12-31": "7.72%", "2018-09-30": "8.52%", "2018-06-30": "9.11%", "2018-03-31": "9.41%", "2017-12-31": "9.79%", "2017-09-30": "9.64%", "2017-06-30": "9.68%", "2017-03-31": "9.54%", "2016-12-31": "9.46%", "2016-09-30": "9.53%", "2016-06-30": "9.30%", "2016-03-31": "8.45%", "2015-12-31": "8.20%", "2015-09-30": "8.60%", "2015-06-30": "9.35%", "2015-03-31": "12.35%", "2014-12-31": "12.61%", "2014-09-30": "12.93%", "2014-06-30": "13.21%", "2014-03-31": "13.23%", "2013-12-31": "12.53%", "2013-09-30": "11.71%", "2013-06-30": "12.04%", "2013-03-31": "12.03%", "2012-12-31": "11.73%", "2012-09-30": "11.64%", "2012-06-30": "10.92%", "2012-03-31": "10.38%", "2011-12-31": "10.50%", "2011-09-30": "11.05%", "2011-06-30": "11.10%", "2011-03-31": "11.19%", "2010-12-31": "10.39%", "2010-09-30": "10.22%", "2010-06-30": "9.10%", "2010-03-31": "8.60%", "2009-12-31": "8.95%", "2009-09-30": "8.91%", "2009-06-30": "9.56%", "2009-03-31": "9.74%", "2008-12-31": "9.86%", "2008-09-30": "10.20%", "2008-06-30": "10.44%", "2008-03-31": "10.32%", "2007-12-31": "9.87%", "2007-09-30": "9.26%", "2007-06-30": "9.14%", "2007-03-31": "9.45%", "2006-12-31": "9.66%", "2006-09-30": "10.43%", "2006-06-30": "10.44%", "2006-03-31": "10.25%", "2005-12-31": "9.82%"}, "return on tangible equity": {"2020-09-30": "16.31%", "2020-06-30": "16.06%", "2020-03-31": "16.17%", "2019-12-31": "15.92%", "2019-09-30": "15.60%", "2019-06-30": "15.78%", "2019-03-31": "15.93%", "2018-12-31": "15.73%", "2018-09-30": "19.37%", "2018-06-30": "19.55%", "2018-03-31": "19.49%", "2017-12-31": "19.38%", "2017-09-30": "15.87%", "2017-06-30": "16.10%", "2017-03-31": "16.00%", "2016-12-31": "15.99%", "2016-09-30": "15.91%", "2016-06-30": "15.70%", "2016-03-31": "14.35%", "2015-12-31": "12.63%", "2015-09-30": "12.51%", "2015-06-30": "12.15%", "2015-03-31": "14.36%", "2014-12-31": "14.83%", "2014-09-30": "15.59%", "2014-06-30": "16.10%", "2014-03-31": "15.92%", "2013-12-31": "15.23%", "2013-09-30": "14.13%", "2013-06-30": "14.66%", "2013-03-31": "14.77%", "2012-12-31": "14.79%", "2012-09-30": "15.43%", "2012-06-30": "14.93%", "2012-03-31": "14.81%", "2011-12-31": "14.94%", "2011-09-30": "15.40%", "2011-06-30": "15.11%", "2011-03-31": "14.79%", "2010-12-31": "13.85%", "2010-09-30": "13.88%", "2010-06-30": "12.48%", "2010-03-31": "11.89%", "2009-12-31": "12.47%", "2009-09-30": "12.08%", "2009-06-30": "12.95%", "2009-03-31": "13.02%", "2008-12-31": "12.64%", "2008-09-30": "12.69%", "2008-06-30": "13.14%", "2008-03-31": "13.44%", "2007-12-31": "12.90%", "2007-09-30": "12.50%", "2007-06-30": "12.27%", "2007-03-31": "12.70%", "2006-12-31": "13.16%", "2006-09-30": "14.05%", "2006-06-30": "14.16%", "2006-03-31": "14.46%", "2005-12-31": "14.08%"}, "dividend yield history": {"last payout": "$2.53", "last yield": "2.91%"}}