{"ticker": "WRI", "price": {"title": "Weingarten Realty Investors Historical Annual Stock Price Data", "value": 23.27, "historical": {"2021": {"Average Stock Price": "22.4188", "Year Open": "20.8000", "Year High": "23.2700", "Year Low": "20.8000", "Year Close": "23.2700", "Annual % Change": "7.38%"}, "2020": {"Average Stock Price": "20.2457", "Year Open": "30.3200", "Year High": "31.1200", "Year Low": "12.5900", "Year Close": "21.6700", "Annual % Change": "-30.63%"}, "2019": {"Average Stock Price": "28.7620", "Year Open": "24.3400", "Year High": "32.1000", "Year Low": "24.3400", "Year Close": "31.2400", "Annual % Change": "25.92%"}, "2018": {"Average Stock Price": "28.8631", "Year Open": "32.7700", "Year High": "32.7700", "Year Low": "23.9000", "Year Close": "24.8100", "Annual % Change": "-24.52%"}, "2017": {"Average Stock Price": "32.7800", "Year Open": "35.6300", "Year High": "36.7000", "Year Low": "29.3700", "Year Close": "32.8700", "Annual % Change": "-8.16%"}, "2016": {"Average Stock Price": "37.6287", "Year Open": "34.1700", "Year High": "43.4400", "Year Low": "32.4800", "Year Close": "35.7900", "Annual % Change": "3.50%"}, "2015": {"Average Stock Price": "34.5494", "Year Open": "35.4500", "Year High": "38.4100", "Year Low": "30.4300", "Year Close": "34.5800", "Annual % Change": "-0.97%"}, "2014": {"Average Stock Price": "32.3019", "Year Open": "27.7500", "Year High": "36.9600", "Year Low": "27.7500", "Year Close": "34.9200", "Annual % Change": "27.35%"}, "2013": {"Average Stock Price": "30.5528", "Year Open": "27.3500", "Year High": "35.8400", "Year Low": "27.3500", "Year Close": "27.4200", "Annual % Change": "2.43%"}, "2012": {"Average Stock Price": "26.2613", "Year Open": "22.2200", "Year High": "28.8500", "Year Low": "21.5600", "Year Close": "26.7700", "Annual % Change": "22.69%"}, "2011": {"Average Stock Price": "23.7572", "Year Open": "24.1700", "Year High": "26.8000", "Year Low": "19.3500", "Year Close": "21.8200", "Annual % Change": "-8.16%"}, "2010": {"Average Stock Price": "21.7074", "Year Open": "19.8700", "Year High": "25.9200", "Year Low": "18.1600", "Year Close": "23.7600", "Annual % Change": "20.06%"}, "2009": {"Average Stock Price": "16.3192", "Year Open": "20.0100", "Year High": "22.2900", "Year Low": "8.4100", "Year Close": "19.7900", "Annual % Change": "-4.35%"}, "2008": {"Average Stock Price": "29.6470", "Year Open": "31.6300", "Year High": "40.0000", "Year Low": "10.1000", "Year Close": "20.6900", "Annual % Change": "-34.19%"}, "2007": {"Average Stock Price": "43.0093", "Year Open": "46.5000", "Year High": "52.1600", "Year Low": "31.4400", "Year Close": "31.4400", "Annual % Change": "-31.82%"}, "2006": {"Average Stock Price": "41.3647", "Year Open": "38.6600", "Year High": "47.8300", "Year Low": "37.1000", "Year Close": "46.1100", "Annual % Change": "21.95%"}, "2005": {"Average Stock Price": "37.2071", "Year Open": "39.9700", "Year High": "40.5000", "Year Low": "33.4900", "Year Close": "37.8100", "Annual % Change": "-5.71%"}, "2004": {"Average Stock Price": "33.0414", "Year Open": "29.6467", "Year High": "40.9000", "Year Low": "27.5500", "Year Close": "40.1000", "Annual % Change": "35.63%"}, "2003": {"Average Stock Price": "27.9211", "Year Open": "24.8000", "Year High": "30.7000", "Year Low": "23.8000", "Year Close": "29.5667", "Annual % Change": "20.32%"}, "2002": {"Average Stock Price": "23.6490", "Year Open": "21.5556", "Year High": "25.7600", "Year Low": "20.5667", "Year Close": "24.5733", "Annual % Change": "15.19%"}, "2001": {"Average Stock Price": "20.0948", "Year Open": "19.2800", "Year High": "22.4000", "Year Low": "17.8044", "Year Close": "21.3333", "Annual % Change": "9.71%"}, "2000": {"Average Stock Price": "17.8525", "Year Open": "17.0000", "Year High": "19.8889", "Year Low": "15.4178", "Year Close": "19.4444", "Annual % Change": "12.35%"}, "1999": {"Average Stock Price": "17.8612", "Year Open": "19.9733", "Year High": "20.2800", "Year Low": "16.6089", "Year Close": "17.3067", "Annual % Change": "-12.73%"}, "1998": {"Average Stock Price": "19.0425", "Year Open": "19.8622", "Year High": "20.6089", "Year Low": "16.2489", "Year Close": "19.8311", "Annual % Change": "-0.42%"}, "1997": {"Average Stock Price": "18.7959", "Year Open": "17.8889", "Year High": "20.1111", "Year Low": "17.3911", "Year Close": "19.9156", "Annual % Change": "10.29%"}, "1996": {"Average Stock Price": "16.9556", "Year Open": "16.7200", "Year High": "18.0578", "Year Low": "15.3911", "Year Close": "18.0578", "Annual % Change": "6.92%"}, "1995": {"Average Stock Price": "15.8670", "Year Open": "16.6667", "Year High": "16.9422", "Year Low": "14.8889", "Year Close": "16.8889", "Annual % Change": "0.34%"}, "1994": {"Average Stock Price": "16.5461", "Year Open": "16.4444", "Year High": "18.0000", "Year Low": "14.6089", "Year Close": "16.8311", "Annual % Change": "0.99%"}, "1993": {"Average Stock Price": "18.1639", "Year Open": "16.2800", "Year High": "20.1111", "Year Low": "16.2222", "Year Close": "16.6667", "Annual % Change": "2.38%"}, "1992": {"Average Stock Price": "14.8189", "Year Open": "14.6667", "Year High": "16.7200", "Year Low": "13.1111", "Year Close": "16.2800", "Annual % Change": "11.44%"}, "1991": {"Average Stock Price": "12.7672", "Year Open": "10.9422", "Year High": "14.6089", "Year Low": "10.7200", "Year Close": "14.6089", "Annual % Change": "32.81%"}, "1990": {"Average Stock Price": "12.1227", "Year Open": "13.9422", "Year High": "14.0578", "Year Low": "10.0578", "Year Close": "11.0000", "Annual % Change": "-21.75%"}, "1989": {"Average Stock Price": "12.7503", "Year Open": "11.3911", "Year High": "14.3911", "Year Low": "11.1689", "Year Close": "14.0578", "Annual % Change": "23.41%"}}}, "market cap": {"value": "$2.98B"}, "income statement": {"Revenue": {"2019-12-31": "486.62500", "2018-12-31": "531.14700", "2017-12-31": "573.16300", "2016-12-31": "549.55500", "2015-12-31": "512.84400", "2014-12-31": "514.40600", "2013-12-31": "489.19500", "2012-12-31": "451.17700", "2011-12-31": "432.61600", "2010-12-31": "471.28400", "2009-12-31": "552.22600", "2008-12-31": "592.64700", "2007-12-31": "561.20000", "2006-12-31": "523.42400", "2005-12-31": "487.85600"}, "Cost Of Goods Sold": {"2019-12-31": "155.43300", "2018-12-31": "159.82200", "2017-12-31": "184.94600", "2016-12-31": "165.21300", "2015-12-31": "154.53300", "2014-12-31": "156.08600", "2013-12-31": "154.61400", "2012-12-31": "140.99000", "2011-12-31": "132.16600", "2010-12-31": "144.05400", "2009-12-31": "166.88600", "2008-12-31": "184.08000", "2007-12-31": "163.96400", "2006-12-31": "146.39500", "2005-12-31": "129.39900"}, "Gross Profit": {"2019-12-31": "331.19200", "2018-12-31": "371.32500", "2017-12-31": "388.21700", "2016-12-31": "384.34200", "2015-12-31": "358.31100", "2014-12-31": "358.32000", "2013-12-31": "334.58100", "2012-12-31": "310.18700", "2011-12-31": "300.45000", "2010-12-31": "327.23000", "2009-12-31": "385.34000", "2008-12-31": "408.56700", "2007-12-31": "397.23600", "2006-12-31": "377.02900", "2005-12-31": "358.45700"}, "Research And Development Expenses": {"2019-12-31": "", "2018-12-31": "", "2017-12-31": "", "2016-12-31": "", "2015-12-31": "", "2014-12-31": "", "2013-12-31": "", "2012-12-31": "", "2011-12-31": "", "2010-12-31": "", "2009-12-31": "", "2008-12-31": "", "2007-12-31": "", "2006-12-31": "", "2005-12-31": ""}, "SG&A Expenses": {"2019-12-31": "35.91400", "2018-12-31": "25.04000", "2017-12-31": "28.05200", "2016-12-31": "26.60700", "2015-12-31": "27.52400", "2014-12-31": "24.90200", "2013-12-31": "25.37100", "2012-12-31": "28.53800", "2011-12-31": "25.46100", "2010-12-31": "24.94400", "2009-12-31": "25.92100", "2008-12-31": "25.76100", "2007-12-31": "26.97900", "2006-12-31": "23.80100", "2005-12-31": "17.37900"}, "Other Operating Income Or Expenses": {"2019-12-31": "-0.07400", "2018-12-31": "-10.12000", "2017-12-31": "-15.25700", "2016-12-31": "-0.09800", "2015-12-31": "-0.15300", "2014-12-31": "-1.02400", "2013-12-31": "-2.57900", "2012-12-31": "-9.58500", "2011-12-31": "-49.67100", "2010-12-31": "-33.31700", "2009-12-31": "", "2008-12-31": "", "2007-12-31": "", "2006-12-31": "", "2005-12-31": ""}, "Operating Expenses": {"2019-12-31": "327.09500", "2018-12-31": "356.82000", "2017-12-31": "395.35600", "2016-12-31": "354.45300", "2015-12-31": "328.15000", "2014-12-31": "332.36800", "2013-12-31": "329.32700", "2012-12-31": "306.81600", "2011-12-31": "327.23100", "2010-12-31": "327.61700", "2009-12-31": "335.35600", "2008-12-31": "359.63600", "2007-12-31": "313.18800", "2006-12-31": "287.63900", "2005-12-31": "257.73400"}, "Operating Income": {"2019-12-31": "159.53000", "2018-12-31": "174.32700", "2017-12-31": "177.80700", "2016-12-31": "195.10200", "2015-12-31": "184.69400", "2014-12-31": "182.03800", "2013-12-31": "159.86800", "2012-12-31": "144.36100", "2011-12-31": "105.38500", "2010-12-31": "143.66700", "2009-12-31": "216.87000", "2008-12-31": "233.01100", "2007-12-31": "248.01200", "2006-12-31": "235.78500", "2005-12-31": "230.12200"}, "Total Non-Operating Income/Expense": {"2019-12-31": "143.31600", "2018-12-31": "147.32400", "2017-12-31": "145.81700", "2016-12-31": "88.58500", "2015-12-31": "-63.04100", "2014-12-31": "-66.93400", "2013-12-31": "-19.84500", "2012-12-31": "-87.55600", "2011-12-31": "-117.58500", "2010-12-31": "-122.81400", "2009-12-31": "-126.05200", "2008-12-31": "-171.02500", "2007-12-31": "-111.52700", "2006-12-31": "-98.43000", "2005-12-31": "-102.64000"}, "Pre-Tax Income": {"2019-12-31": "302.84600", "2018-12-31": "321.65100", "2017-12-31": "323.62400", "2016-12-31": "283.68700", "2015-12-31": "121.65300", "2014-12-31": "115.10400", "2013-12-31": "140.02300", "2012-12-31": "56.80500", "2011-12-31": "-12.20000", "2010-12-31": "20.85300", "2009-12-31": "90.81800", "2008-12-31": "61.98600", "2007-12-31": "136.48500", "2006-12-31": "137.35500", "2005-12-31": "127.48200"}, "Income Taxes": {"2019-12-31": "1.04000", "2018-12-31": "1.37800", "2017-12-31": "-0.01700", "2016-12-31": "6.85600", "2015-12-31": "0.05200", "2014-12-31": "-1.26100", "2013-12-31": "7.04600", "2012-12-31": "-0.07500", "2011-12-31": "0.00200", "2010-12-31": "-0.08200", "2009-12-31": "6.26900", "2008-12-31": "-10.22000", "2007-12-31": "4.07300", "2006-12-31": "1.36600", "2005-12-31": ""}, "Income After Taxes": {"2019-12-31": "301.80600", "2018-12-31": "320.27300", "2017-12-31": "323.64100", "2016-12-31": "276.83100", "2015-12-31": "121.60100", "2014-12-31": "116.36500", "2013-12-31": "132.97700", "2012-12-31": "56.88000", "2011-12-31": "-12.20200", "2010-12-31": "20.93500", "2009-12-31": "84.54900", "2008-12-31": "72.20600", "2007-12-31": "132.41200", "2006-12-31": "135.98900", "2005-12-31": "127.48200"}, "Other Income": {"2019-12-31": "", "2018-12-31": "", "2017-12-31": "", "2016-12-31": "", "2015-12-31": "", "2014-12-31": "", "2013-12-31": "", "2012-12-31": "", "2011-12-31": "", "2010-12-31": "", "2009-12-31": "", "2008-12-31": "", "2007-12-31": "", "2006-12-31": "", "2005-12-31": ""}, "Income From Continuous Operations": {"2019-12-31": "322.57500", "2018-12-31": "345.34300", "2017-12-31": "350.71500", "2016-12-31": "276.83100", "2015-12-31": "121.60100", "2014-12-31": "116.36500", "2013-12-31": "132.97700", "2012-12-31": "56.88000", "2011-12-31": "-12.20200", "2010-12-31": "20.93500", "2009-12-31": "84.54900", "2008-12-31": "72.20600", "2007-12-31": "132.41200", "2006-12-31": "135.98900", "2005-12-31": "127.48200"}, "Income From Discontinued Operations": {"2019-12-31": "", "2018-12-31": "", "2017-12-31": "", "2016-12-31": "", "2015-12-31": "", "2014-12-31": "44.92400", "2013-12-31": "131.41700", "2012-12-31": "94.53700", "2011-12-31": "27.63700", "2010-12-31": "28.29800", "2009-12-31": "65.46100", "2008-12-31": "80.39100", "2007-12-31": "103.84000", "2006-12-31": "169.02100", "2005-12-31": "92.17100"}, "Net Income": {"2019-12-31": "315.43500", "2018-12-31": "327.60100", "2017-12-31": "335.27400", "2016-12-31": "240.92900", "2015-12-31": "160.83500", "2014-12-31": "277.16800", "2013-12-31": "184.14500", "2012-12-31": "109.21000", "2011-12-31": "-19.85500", "2010-12-31": "10.73000", "2009-12-31": "135.62600", "2008-12-31": "109.09100", "2007-12-31": "204.72600", "2006-12-31": "294.90900", "2005-12-31": "209.55200"}, "EBITDA": {"2019-12-31": "298.39800", "2018-12-31": "339.31100", "2017-12-31": "347.69800", "2016-12-31": "360.19900", "2015-12-31": "333.28400", "2014-12-31": "336.29500", "2013-12-31": "310.01500", "2012-12-31": "291.61200", "2011-12-31": "267.89000", "2010-12-31": "299.79100", "2009-12-31": "374.84100", "2008-12-31": "404.40100", "2007-12-31": "395.14000", "2006-12-31": "367.77700", "2005-12-31": "358.69500"}, "EBIT": {"2019-12-31": "159.53000", "2018-12-31": "174.32700", "2017-12-31": "177.80700", "2016-12-31": "195.10200", "2015-12-31": "184.69400", "2014-12-31": "182.03800", "2013-12-31": "159.86800", "2012-12-31": "144.36100", "2011-12-31": "105.38500", "2010-12-31": "143.66700", "2009-12-31": "216.87000", "2008-12-31": "233.01100", "2007-12-31": "248.01200", "2006-12-31": "235.78500", "2005-12-31": "230.12200"}, "Basic Shares Outstanding": {"2019-12-31": "127.84200", "2018-12-31": "127.65100", "2017-12-31": "127.75500", "2016-12-31": "126.04800", "2015-12-31": "123.03700", "2014-12-31": "121.54200", "2013-12-31": "121.26900", "2012-12-31": "120.69600", "2011-12-31": "120.33100", "2010-12-31": "119.93500", "2009-12-31": "109.54600", "2008-12-31": "84.47400", "2007-12-31": "85.50400", "2006-12-31": "87.71900", "2005-12-31": "89.22400"}, "Shares Outstanding": {"2019-12-31": "130.11600", "2018-12-31": "128.44100", "2017-12-31": "130.07100", "2016-12-31": "128.56900", "2015-12-31": "124.32900", "2014-12-31": "124.37000", "2013-12-31": "122.46000", "2012-12-31": "121.70500", "2011-12-31": "120.33100", "2010-12-31": "120.78000", "2009-12-31": "110.17800", "2008-12-31": "84.91700", "2007-12-31": "88.89300", "2006-12-31": "91.77900", "2005-12-31": "93.16600"}, "Basic EPS": {"2019-12-31": "2.47000", "2018-12-31": "2.57000", "2017-12-31": "2.62000", "2016-12-31": "1.90000", "2015-12-31": "1.31000", "2014-12-31": "2.28000", "2013-12-31": "1.52000", "2012-12-31": "0.90000", "2011-12-31": "-0.17000", "2010-12-31": "0.09000", "2009-12-31": "1.24000", "2008-12-31": "1.29000", "2007-12-31": "2.39000", "2006-12-31": "3.36000", "2005-12-31": "2.35000"}, "EPS - Earnings Per Share": {"2019-12-31": "2.44000", "2018-12-31": "2.55000", "2017-12-31": "2.60000", "2016-12-31": "1.87000", "2015-12-31": "1.29000", "2014-12-31": "2.25000", "2013-12-31": "1.50000", "2012-12-31": "0.90000", "2011-12-31": "-0.17000", "2010-12-31": "0.09000", "2009-12-31": "1.23000", "2008-12-31": "1.28000", "2007-12-31": "2.35000", "2006-12-31": "3.27000", "2005-12-31": "2.31000"}}, "income statement, quarterly": {"Revenue": {"2020-09-30": "112.35500", "2020-06-30": "98.13500", "2020-03-31": "111.35200", "2019-12-31": "119.46500", "2019-09-30": "121.36200", "2019-06-30": "122.66000", "2019-03-31": "123.13800", "2018-12-31": "127.81900", "2018-09-30": "128.79000", "2018-06-30": "142.08600", "2018-03-31": "132.45200", "2017-12-31": "139.36700", "2017-09-30": "144.11000", "2017-06-30": "146.02300", "2017-03-31": "143.66300", "2016-12-31": "142.86300", "2016-09-30": "138.59900", "2016-06-30": "135.67600", "2016-03-31": "132.41700", "2015-12-31": "129.65400", "2015-09-30": "130.78700", "2015-06-30": "126.80400", "2015-03-31": "125.59900", "2014-12-31": "126.10200", "2014-09-30": "130.52100", "2014-06-30": "130.19100", "2014-03-31": "127.59200", "2013-12-31": "126.07100", "2013-09-30": "123.30200", "2013-06-30": "121.99500", "2013-03-31": "117.82700", "2012-12-31": "91.45900", "2012-09-30": "122.31900", "2012-06-30": "118.59700", "2012-03-31": "118.80200", "2011-12-31": "68.31500", "2011-09-30": "122.86900", "2011-06-30": "123.32500", "2011-03-31": "118.10700", "2010-12-31": "62.27000", "2010-09-30": "134.11800", "2010-06-30": "137.79100", "2010-03-31": "137.10500", "2009-12-31": "122.35600", "2009-09-30": "143.07300", "2009-06-30": "142.41500", "2009-03-31": "144.38200", "2008-12-31": "134.89400", "2008-09-30": "153.96700", "2008-06-30": "152.28400", "2008-03-31": "151.50200", "2007-12-31": "123.36700", "2007-09-30": "152.92900", "2007-06-30": "142.21600", "2007-03-31": "142.68800", "2006-12-31": "121.13500", "2006-09-30": "139.04300", "2006-06-30": "131.95300", "2006-03-31": "131.29300", "2005-12-31": "96.67700", "2005-09-30": "130.83700", "2005-06-30": "130.78800", "2005-03-31": "129.55400"}, "Cost Of Goods Sold": {"2020-09-30": "39.29500", "2020-06-30": "35.71100", "2020-03-31": "38.16800", "2019-12-31": "38.43400", "2019-09-30": "38.11700", "2019-06-30": "38.50300", "2019-03-31": "40.37900", "2018-12-31": "37.18700", "2018-09-30": "40.15600", "2018-06-30": "41.57000", "2018-03-31": "40.90900", "2017-12-31": "43.21900", "2017-09-30": "46.44700", "2017-06-30": "47.85300", "2017-03-31": "47.42700", "2016-12-31": "42.10900", "2016-09-30": "41.82700", "2016-06-30": "41.88400", "2016-03-31": "39.39300", "2015-12-31": "39.56200", "2015-09-30": "40.06100", "2015-06-30": "37.69800", "2015-03-31": "37.21200", "2014-12-31": "37.67800", "2014-09-30": "38.86600", "2014-06-30": "40.27800", "2014-03-31": "39.26400", "2013-12-31": "40.95600", "2013-09-30": "39.14700", "2013-06-30": "37.87400", "2013-03-31": "36.63700", "2012-12-31": "28.18900", "2012-09-30": "39.69000", "2012-06-30": "36.88200", "2012-03-31": "36.22900", "2011-12-31": "21.82100", "2011-09-30": "37.15200", "2011-06-30": "37.38200", "2011-03-31": "35.81100", "2010-12-31": "19.90500", "2010-09-30": "39.45400", "2010-06-30": "41.79900", "2010-03-31": "42.89600", "2009-12-31": "37.09200", "2009-09-30": "43.60600", "2009-06-30": "45.17400", "2009-03-31": "41.01400", "2008-12-31": "50.52600", "2008-09-30": "46.01200", "2008-06-30": "43.58100", "2008-03-31": "43.96100", "2007-12-31": "36.89800", "2007-09-30": "47.05600", "2007-06-30": "40.78400", "2007-03-31": "39.22600", "2006-12-31": "34.50300", "2006-09-30": "41.85700", "2006-06-30": "36.17600", "2006-03-31": "33.85900", "2005-12-31": "25.87700", "2005-09-30": "35.53500", "2005-06-30": "33.53000", "2005-03-31": "34.45700"}, "Gross Profit": {"2020-09-30": "73.06000", "2020-06-30": "62.42400", "2020-03-31": "73.18400", "2019-12-31": "81.03100", "2019-09-30": "83.24500", "2019-06-30": "84.15700", "2019-03-31": "82.75900", "2018-12-31": "90.63200", "2018-09-30": "88.63400", "2018-06-30": "100.51600", "2018-03-31": "91.54300", "2017-12-31": "96.14800", "2017-09-30": "97.66300", "2017-06-30": "98.17000", "2017-03-31": "96.23600", "2016-12-31": "100.75400", "2016-09-30": "96.77200", "2016-06-30": "93.79200", "2016-03-31": "93.02400", "2015-12-31": "90.09200", "2015-09-30": "90.72600", "2015-06-30": "89.10600", "2015-03-31": "88.38700", "2014-12-31": "88.42400", "2014-09-30": "91.65500", "2014-06-30": "89.91300", "2014-03-31": "88.32800", "2013-12-31": "85.11500", "2013-09-30": "84.15500", "2013-06-30": "84.12100", "2013-03-31": "81.19000", "2012-12-31": "63.27000", "2012-09-30": "82.62900", "2012-06-30": "81.71500", "2012-03-31": "82.57300", "2011-12-31": "46.49400", "2011-09-30": "85.71700", "2011-06-30": "85.94300", "2011-03-31": "82.29600", "2010-12-31": "42.36500", "2010-09-30": "94.66400", "2010-06-30": "95.99200", "2010-03-31": "94.20900", "2009-12-31": "85.26400", "2009-09-30": "99.46700", "2009-06-30": "97.24100", "2009-03-31": "103.36800", "2008-12-31": "84.36800", "2008-09-30": "107.95500", "2008-06-30": "108.70300", "2008-03-31": "107.54100", "2007-12-31": "86.46900", "2007-09-30": "105.87300", "2007-06-30": "101.43200", "2007-03-31": "103.46200", "2006-12-31": "86.63200", "2006-09-30": "97.18600", "2006-06-30": "95.77700", "2006-03-31": "97.43400", "2005-12-31": "70.80000", "2005-09-30": "95.30200", "2005-06-30": "97.25800", "2005-03-31": "95.09700"}, "Research And Development Expenses": {"2020-09-30": "", "2020-06-30": "", "2020-03-31": "", "2019-12-31": "", "2019-09-30": "", "2019-06-30": "", "2019-03-31": "", "2018-12-31": "", "2018-09-30": "", "2018-06-30": "", "2018-03-31": "", "2017-12-31": "", "2017-09-30": "", "2017-06-30": "", "2017-03-31": "", "2016-12-31": "", "2016-09-30": "", "2016-06-30": "", "2016-03-31": "", "2015-12-31": "", "2015-09-30": "", "2015-06-30": "", "2015-03-31": "", "2014-12-31": "", "2014-09-30": "", "2014-06-30": "", "2014-03-31": "", "2013-12-31": "", "2013-09-30": "", "2013-06-30": "", "2013-03-31": "", "2012-12-31": "", "2012-09-30": "", "2012-06-30": "", "2012-03-31": "", "2011-12-31": "", "2011-09-30": "", "2011-06-30": "", "2011-03-31": "", "2010-12-31": "", "2010-09-30": "", "2010-06-30": "", "2010-03-31": "", "2009-12-31": "", "2009-09-30": "", "2009-06-30": "", "2009-03-31": "", "2008-12-31": "", "2008-09-30": "", "2008-06-30": "", "2008-03-31": "", "2007-12-31": "", "2007-09-30": "", "2007-06-30": "", "2007-03-31": "", "2006-12-31": "", "2006-09-30": "", "2006-06-30": "", "2006-03-31": "", "2005-12-31": "", "2005-09-30": "", "2005-06-30": "", "2005-03-31": ""}, "SG&A Expenses": {"2020-09-30": "10.24500", "2020-06-30": "12.92000", "2020-03-31": "2.30700", "2019-12-31": "9.02100", "2019-09-30": "8.43200", "2019-06-30": "8.88000", "2019-03-31": "9.58100", "2018-12-31": "7.32500", "2018-09-30": "5.97100", "2018-06-30": "6.14900", "2018-03-31": "5.59500", "2017-12-31": "7.80000", "2017-09-30": "6.45000", "2017-06-30": "6.41800", "2017-03-31": "7.38400", "2016-12-31": "6.53400", "2016-09-30": "7.18700", "2016-06-30": "6.38800", "2016-03-31": "6.49800", "2015-12-31": "7.50300", "2015-09-30": "6.18800", "2015-06-30": "6.46100", "2015-03-31": "7.37200", "2014-12-31": "7.02300", "2014-09-30": "6.14600", "2014-06-30": "5.82000", "2014-03-31": "5.91300", "2013-12-31": "6.55900", "2013-09-30": "5.96400", "2013-06-30": "6.18400", "2013-03-31": "6.66400", "2012-12-31": "7.43600", "2012-09-30": "6.41700", "2012-06-30": "6.37800", "2012-03-31": "8.30700", "2011-12-31": "6.56300", "2011-09-30": "5.76200", "2011-06-30": "6.60000", "2011-03-31": "6.53600", "2010-12-31": "5.84100", "2010-09-30": "6.44300", "2010-06-30": "6.06900", "2010-03-31": "6.59100", "2009-12-31": "6.72300", "2009-09-30": "6.17800", "2009-06-30": "7.02000", "2009-03-31": "6.00000", "2008-12-31": "5.98700", "2008-09-30": "5.81600", "2008-06-30": "7.10400", "2008-03-31": "6.85400", "2007-12-31": "7.32900", "2007-09-30": "6.53700", "2007-06-30": "6.50400", "2007-03-31": "6.60900", "2006-12-31": "7.30100", "2006-09-30": "5.49700", "2006-06-30": "5.64800", "2006-03-31": "5.35500", "2005-12-31": "4.25600", "2005-09-30": "4.35400", "2005-06-30": "4.52200", "2005-03-31": "4.24700"}, "Other Operating Income Or Expenses": {"2020-09-30": "", "2020-06-30": "", "2020-03-31": "-0.04400", "2019-12-31": "", "2019-09-30": "", "2019-06-30": "", "2019-03-31": "-0.07400", "2018-12-31": "-7.72200", "2018-09-30": "-2.39800", "2018-06-30": "0.00000", "2018-03-31": "0.00000", "2017-12-31": "-0.24500", "2017-09-30": "0.00000", "2017-06-30": "-0.02600", "2017-03-31": "-14.98600", "2016-12-31": "-0.05500", "2016-09-30": "0.00000", "2016-06-30": "0.00000", "2016-03-31": "-0.04300", "2015-12-31": "", "2015-09-30": "0.00000", "2015-06-30": "-0.15300", "2015-03-31": "0.00000", "2014-12-31": "", "2014-09-30": "", "2014-06-30": "0.00000", "2014-03-31": "", "2013-12-31": "0.00000", "2013-09-30": "-2.35800", "2013-06-30": "-0.16500", "2013-03-31": "-0.05600", "2012-12-31": "", "2012-09-30": "-0.19700", "2012-06-30": "-2.53600", "2012-03-31": "-6.85200", "2011-12-31": "1.64800", "2011-09-30": "-31.65800", "2011-06-30": "-18.89100", "2011-03-31": "-0.77000", "2010-12-31": "", "2010-09-30": "", "2010-06-30": "", "2010-03-31": "", "2009-12-31": "", "2009-09-30": "", "2009-06-30": "", "2009-03-31": "", "2008-12-31": "", "2008-09-30": "", "2008-06-30": "", "2008-03-31": "", "2007-12-31": "", "2007-09-30": "", "2007-06-30": "", "2007-03-31": "", "2006-12-31": "", "2006-09-30": "", "2006-06-30": "", "2006-03-31": "", "2005-12-31": "", "2005-09-30": "", "2005-06-30": "", "2005-03-31": ""}, "Operating Expenses": {"2020-09-30": "87.48600", "2020-06-30": "86.25800", "2020-03-31": "77.17500", "2019-12-31": "80.81000", "2019-09-30": "79.92900", "2019-06-30": "82.35000", "2019-03-31": "84.00600", "2018-12-31": "87.51400", "2018-09-30": "86.56700", "2018-06-30": "98.14000", "2018-03-31": "84.59900", "2017-12-31": "92.25000", "2017-09-30": "94.40600", "2017-06-30": "96.45400", "2017-03-31": "112.24600", "2016-12-31": "92.07200", "2016-09-30": "91.07800", "2016-06-30": "87.49000", "2016-03-31": "83.81300", "2015-12-31": "84.07600", "2015-09-30": "82.57600", "2015-06-30": "80.76300", "2015-03-31": "80.73500", "2014-12-31": "82.13300", "2014-09-30": "81.70600", "2014-06-30": "82.72800", "2014-03-31": "85.80100", "2013-12-31": "87.23900", "2013-09-30": "82.81700", "2013-06-30": "79.73600", "2013-03-31": "79.53500", "2012-12-31": "63.04100", "2012-09-30": "80.89500", "2012-06-30": "78.26100", "2012-03-31": "84.61900", "2011-12-31": "46.77400", "2011-09-30": "108.05900", "2011-06-30": "96.33000", "2011-03-31": "76.06800", "2010-12-31": "74.61400", "2010-09-30": "81.81800", "2010-06-30": "85.55300", "2010-03-31": "85.63200", "2009-12-31": "74.87300", "2009-09-30": "86.47800", "2009-06-30": "89.44600", "2009-03-31": "84.55900", "2008-12-31": "89.47200", "2008-09-30": "87.19600", "2008-06-30": "89.65600", "2008-03-31": "93.31200", "2007-12-31": "70.16600", "2007-09-30": "86.70800", "2007-06-30": "78.79400", "2007-03-31": "77.52000", "2006-12-31": "68.20300", "2006-09-30": "78.24000", "2006-06-30": "71.86300", "2006-03-31": "69.33300", "2005-12-31": "51.76900", "2005-09-30": "70.00200", "2005-06-30": "67.76600", "2005-03-31": "68.19700"}, "Operating Income": {"2020-09-30": "24.86900", "2020-06-30": "11.87700", "2020-03-31": "34.17700", "2019-12-31": "38.65500", "2019-09-30": "41.43300", "2019-06-30": "40.31000", "2019-03-31": "39.13200", "2018-12-31": "40.30500", "2018-09-30": "42.22300", "2018-06-30": "43.94600", "2018-03-31": "47.85300", "2017-12-31": "47.11700", "2017-09-30": "49.70400", "2017-06-30": "49.56900", "2017-03-31": "31.41700", "2016-12-31": "50.79100", "2016-09-30": "47.52100", "2016-06-30": "48.18600", "2016-03-31": "48.60400", "2015-12-31": "45.57800", "2015-09-30": "48.21100", "2015-06-30": "46.04100", "2015-03-31": "44.86400", "2014-12-31": "43.96900", "2014-09-30": "48.81500", "2014-06-30": "47.46300", "2014-03-31": "41.79100", "2013-12-31": "38.83200", "2013-09-30": "40.48500", "2013-06-30": "42.25900", "2013-03-31": "38.29200", "2012-12-31": "28.41800", "2012-09-30": "41.42400", "2012-06-30": "40.33600", "2012-03-31": "34.18300", "2011-12-31": "21.54100", "2011-09-30": "14.81000", "2011-06-30": "26.99500", "2011-03-31": "42.03900", "2010-12-31": "-12.34400", "2010-09-30": "52.30000", "2010-06-30": "52.23800", "2010-03-31": "51.47300", "2009-12-31": "47.48300", "2009-09-30": "56.59500", "2009-06-30": "52.96900", "2009-03-31": "59.82300", "2008-12-31": "45.42200", "2008-09-30": "66.77100", "2008-06-30": "62.62800", "2008-03-31": "58.19000", "2007-12-31": "53.20100", "2007-09-30": "66.22100", "2007-06-30": "63.42200", "2007-03-31": "65.16800", "2006-12-31": "52.93200", "2006-09-30": "60.80300", "2006-06-30": "60.09000", "2006-03-31": "61.96000", "2005-12-31": "44.90800", "2005-09-30": "60.83500", "2005-06-30": "63.02200", "2005-03-31": "61.35700"}, "Total Non-Operating Income/Expense": {"2020-09-30": "-2.02700", "2020-06-30": "-2.58500", "2020-03-31": "-6.85400", "2019-12-31": "36.00600", "2019-09-30": "61.39900", "2019-06-30": "39.02900", "2019-03-31": "6.88200", "2018-12-31": "17.19700", "2018-09-30": "2.93000", "2018-06-30": "31.29100", "2018-03-31": "95.90600", "2017-12-31": "185.04600", "2017-09-30": "-13.23300", "2017-06-30": "-11.85300", "2017-03-31": "-14.14300", "2016-12-31": "86.51900", "2016-09-30": "-7.18700", "2016-06-30": "-11.55200", "2016-03-31": "20.80500", "2015-12-31": "-12.49500", "2015-09-30": "-16.39900", "2015-06-30": "-16.64400", "2015-03-31": "-17.50300", "2014-12-31": "-14.61300", "2014-09-30": "-16.39600", "2014-06-30": "-17.74100", "2014-03-31": "-18.18400", "2013-12-31": "16.78400", "2013-09-30": "-19.02200", "2013-06-30": "-20.11600", "2013-03-31": "2.50900", "2012-12-31": "-5.65100", "2012-09-30": "-18.89000", "2012-06-30": "-43.74100", "2012-03-31": "-19.27400", "2011-12-31": "-15.30600", "2011-09-30": "-39.00300", "2011-06-30": "-32.03400", "2011-03-31": "-31.24200", "2010-12-31": "-6.42700", "2010-09-30": "-34.99500", "2010-06-30": "-49.63800", "2010-03-31": "-31.75400", "2009-12-31": "-39.74200", "2009-09-30": "-53.42800", "2009-06-30": "-18.98400", "2009-03-31": "-13.89800", "2008-12-31": "-79.85400", "2008-09-30": "-33.18100", "2008-06-30": "-27.27900", "2008-03-31": "-30.71100", "2007-12-31": "-24.17700", "2007-09-30": "-29.31300", "2007-06-30": "-28.58400", "2007-03-31": "-29.45300", "2006-12-31": "-36.13900", "2006-09-30": "-2.64500", "2006-06-30": "-30.79700", "2006-03-31": "-28.84900", "2005-12-31": "-30.24200", "2005-09-30": "-31.23000", "2005-06-30": "-10.29800", "2005-03-31": "-30.87000"}, "Pre-Tax Income": {"2020-09-30": "22.84200", "2020-06-30": "9.29200", "2020-03-31": "27.32300", "2019-12-31": "74.66100", "2019-09-30": "102.83200", "2019-06-30": "79.33900", "2019-03-31": "46.01400", "2018-12-31": "57.50200", "2018-09-30": "45.15300", "2018-06-30": "75.23700", "2018-03-31": "143.75900", "2017-12-31": "232.16300", "2017-09-30": "36.47100", "2017-06-30": "37.71600", "2017-03-31": "17.27400", "2016-12-31": "137.31000", "2016-09-30": "40.33400", "2016-06-30": "36.63400", "2016-03-31": "69.40900", "2015-12-31": "33.08300", "2015-09-30": "31.81200", "2015-06-30": "29.39700", "2015-03-31": "27.36100", "2014-12-31": "29.35600", "2014-09-30": "32.41900", "2014-06-30": "29.72200", "2014-03-31": "23.60700", "2013-12-31": "55.61600", "2013-09-30": "21.46300", "2013-06-30": "22.14300", "2013-03-31": "40.80100", "2012-12-31": "22.76700", "2012-09-30": "22.53400", "2012-06-30": "-3.40500", "2012-03-31": "14.90900", "2011-12-31": "6.23500", "2011-09-30": "-24.19300", "2011-06-30": "-5.03900", "2011-03-31": "10.79700", "2010-12-31": "-18.77100", "2010-09-30": "17.30500", "2010-06-30": "2.60000", "2010-03-31": "19.71900", "2009-12-31": "7.74100", "2009-09-30": "3.16700", "2009-06-30": "33.98500", "2009-03-31": "45.92500", "2008-12-31": "-34.43200", "2008-09-30": "33.59000", "2008-06-30": "35.34900", "2008-03-31": "27.47900", "2007-12-31": "29.02400", "2007-09-30": "36.90800", "2007-06-30": "34.83800", "2007-03-31": "35.71500", "2006-12-31": "16.79300", "2006-09-30": "58.15800", "2006-06-30": "29.29300", "2006-03-31": "33.11100", "2005-12-31": "14.66600", "2005-09-30": "29.60500", "2005-06-30": "52.72400", "2005-03-31": "30.48700"}, "Income Taxes": {"2020-09-30": "0.19500", "2020-06-30": "0.34300", "2020-03-31": "0.17200", "2019-12-31": "0.35800", "2019-09-30": "0.02100", "2019-06-30": "0.48400", "2019-03-31": "0.17700", "2018-12-31": "0.01000", "2018-09-30": "-0.09900", "2018-06-30": "0.68400", "2018-03-31": "0.78300", "2017-12-31": "2.01800", "2017-09-30": "0.57700", "2017-06-30": "0.74700", "2017-03-31": "-3.35900", "2016-12-31": "-0.16400", "2016-09-30": "1.10500", "2016-06-30": "0.01600", "2016-03-31": "5.89900", "2015-12-31": "-0.23900", "2015-09-30": "-0.14400", "2015-06-30": "-0.22600", "2015-03-31": "0.66100", "2014-12-31": "0.62400", "2014-09-30": "-0.28400", "2014-06-30": "-2.08100", "2014-03-31": "0.48000", "2013-12-31": "7.30200", "2013-09-30": "-0.22600", "2013-06-30": "0.14700", "2013-03-31": "-0.17700", "2012-12-31": "-0.49600", "2012-09-30": "0.72200", "2012-06-30": "-0.27900", "2012-03-31": "-0.02200", "2011-12-31": "0.03700", "2011-09-30": "0.47100", "2011-06-30": "-0.19000", "2011-03-31": "-0.31600", "2010-12-31": "-0.21500", "2010-09-30": "-0.02300", "2010-06-30": "-0.32000", "2010-03-31": "0.47600", "2009-12-31": "-0.77000", "2009-09-30": "4.33200", "2009-06-30": "-2.25700", "2009-03-31": "4.96400", "2008-12-31": "-13.21100", "2008-09-30": "0.70100", "2008-06-30": "1.54300", "2008-03-31": "0.74700", "2007-12-31": "2.14000", "2007-09-30": "0.93000", "2007-06-30": "1.01200", "2007-03-31": "-0.00900", "2006-12-31": "-0.03500", "2006-09-30": "1.25300", "2006-06-30": "-0.37100", "2006-03-31": "0.51900", "2005-12-31": "", "2005-09-30": "", "2005-06-30": "", "2005-03-31": ""}, "Income After Taxes": {"2020-09-30": "22.64700", "2020-06-30": "8.94900", "2020-03-31": "27.15100", "2019-12-31": "74.30300", "2019-09-30": "102.81100", "2019-06-30": "78.85500", "2019-03-31": "45.83700", "2018-12-31": "57.49200", "2018-09-30": "45.25200", "2018-06-30": "74.55300", "2018-03-31": "142.97600", "2017-12-31": "230.14500", "2017-09-30": "35.89400", "2017-06-30": "36.96900", "2017-03-31": "20.63300", "2016-12-31": "137.47400", "2016-09-30": "39.22900", "2016-06-30": "36.61800", "2016-03-31": "63.51000", "2015-12-31": "33.32200", "2015-09-30": "31.95600", "2015-06-30": "29.62300", "2015-03-31": "26.70000", "2014-12-31": "28.73200", "2014-09-30": "32.70300", "2014-06-30": "31.80300", "2014-03-31": "23.12700", "2013-12-31": "48.31400", "2013-09-30": "21.68900", "2013-06-30": "21.99600", "2013-03-31": "40.97800", "2012-12-31": "23.26300", "2012-09-30": "21.81200", "2012-06-30": "-3.12600", "2012-03-31": "14.93100", "2011-12-31": "6.19800", "2011-09-30": "-24.66400", "2011-06-30": "-4.84900", "2011-03-31": "11.11300", "2010-12-31": "-18.55600", "2010-09-30": "17.32800", "2010-06-30": "2.92000", "2010-03-31": "19.24300", "2009-12-31": "8.51110", "2009-09-30": "-1.16500", "2009-06-30": "36.24200", "2009-03-31": "40.96100", "2008-12-31": "-21.22100", "2008-09-30": "32.88900", "2008-06-30": "33.80600", "2008-03-31": "26.73200", "2007-12-31": "26.88400", "2007-09-30": "35.97800", "2007-06-30": "33.82600", "2007-03-31": "35.72400", "2006-12-31": "16.82800", "2006-09-30": "56.90500", "2006-06-30": "29.66400", "2006-03-31": "32.59200", "2005-12-31": "14.66600", "2005-09-30": "29.60500", "2005-06-30": "52.72400", "2005-03-31": "30.48700"}, "Other Income": {"2020-09-30": "", "2020-06-30": "", "2020-03-31": "", "2019-12-31": "", "2019-09-30": "", "2019-06-30": "", "2019-03-31": "", "2018-12-31": "", "2018-09-30": "", "2018-06-30": "", "2018-03-31": "", "2017-12-31": "", "2017-09-30": "", "2017-06-30": "", "2017-03-31": "", "2016-12-31": "", "2016-09-30": "", "2016-06-30": "", "2016-03-31": "", "2015-12-31": "", "2015-09-30": "", "2015-06-30": "", "2015-03-31": "", "2014-12-31": "", "2014-09-30": "", "2014-06-30": "", "2014-03-31": "", "2013-12-31": "", "2013-09-30": "", "2013-06-30": "", "2013-03-31": "", "2012-12-31": "", "2012-09-30": "", "2012-06-30": "", "2012-03-31": "", "2011-12-31": "", "2011-09-30": "", "2011-06-30": "", "2011-03-31": "", "2010-12-31": "", "2010-09-30": "", "2010-06-30": "", "2010-03-31": "", "2009-12-31": "", "2009-09-30": "", "2009-06-30": "", "2009-03-31": "", "2008-12-31": "", "2008-09-30": "", "2008-06-30": "", "2008-03-31": "", "2007-12-31": "", "2007-09-30": "", "2007-06-30": "", "2007-03-31": "", "2006-12-31": "", "2006-09-30": "", "2006-06-30": "", "2006-03-31": "", "2005-12-31": "", "2005-09-30": "", "2005-06-30": "", "2005-03-31": ""}, "Income From Continuous Operations": {"2020-09-30": "27.46100", "2020-06-30": "12.37700", "2020-03-31": "54.24800", "2019-12-31": "77.29200", "2019-09-30": "108.50900", "2019-06-30": "85.52000", "2019-03-31": "51.25400", "2018-12-31": "63.22900", "2018-09-30": "53.27400", "2018-06-30": "79.87100", "2018-03-31": "148.96900", "2017-12-31": "257.21900", "2017-09-30": "35.89400", "2017-06-30": "36.96900", "2017-03-31": "20.63300", "2016-12-31": "137.47400", "2016-09-30": "39.22900", "2016-06-30": "36.61800", "2016-03-31": "63.51000", "2015-12-31": "33.32200", "2015-09-30": "31.95600", "2015-06-30": "29.62300", "2015-03-31": "26.70000", "2014-12-31": "28.73200", "2014-09-30": "32.70300", "2014-06-30": "31.80300", "2014-03-31": "23.12700", "2013-12-31": "48.31400", "2013-09-30": "21.68900", "2013-06-30": "21.99600", "2013-03-31": "40.97800", "2012-12-31": "23.26300", "2012-09-30": "21.81200", "2012-06-30": "-3.12600", "2012-03-31": "14.93100", "2011-12-31": "6.19800", "2011-09-30": "-24.66400", "2011-06-30": "-4.84900", "2011-03-31": "11.11300", "2010-12-31": "-18.55600", "2010-09-30": "17.32800", "2010-06-30": "2.92000", "2010-03-31": "19.24300", "2009-12-31": "8.51100", "2009-09-30": "-1.16500", "2009-06-30": "36.24200", "2009-03-31": "40.96100", "2008-12-31": "-21.22100", "2008-09-30": "32.88900", "2008-06-30": "33.80600", "2008-03-31": "26.73200", "2007-12-31": "26.88400", "2007-09-30": "35.97800", "2007-06-30": "33.82600", "2007-03-31": "35.72400", "2006-12-31": "16.82800", "2006-09-30": "56.90500", "2006-06-30": "29.66400", "2006-03-31": "32.59200", "2005-12-31": "14.66600", "2005-09-30": "29.60500", "2005-06-30": "52.72400", "2005-03-31": "30.48700"}, "Income From Discontinued Operations": {"2020-09-30": "", "2020-06-30": "", "2020-03-31": "", "2019-12-31": "", "2019-09-30": "", "2019-06-30": "", "2019-03-31": "", "2018-12-31": "", "2018-09-30": "", "2018-06-30": "", "2018-03-31": "", "2017-12-31": "", "2017-09-30": "", "2017-06-30": "", "2017-03-31": "", "2016-12-31": "", "2016-09-30": "", "2016-06-30": "", "2016-03-31": "", "2015-12-31": "", "2015-09-30": "", "2015-06-30": "", "2015-03-31": "", "2014-12-31": "", "2014-09-30": "0.00000", "2014-06-30": "3.43300", "2014-03-31": "41.49100", "2013-12-31": "5.26600", "2013-09-30": "40.53700", "2013-06-30": "81.91700", "2013-03-31": "3.69700", "2012-12-31": "31.56700", "2012-09-30": "19.90000", "2012-06-30": "35.80300", "2012-03-31": "7.26700", "2011-12-31": "26.65600", "2011-09-30": "-11.68600", "2011-06-30": "7.65200", "2011-03-31": "5.01500", "2010-12-31": "25.72400", "2010-09-30": "1.78700", "2010-06-30": "0.75600", "2010-03-31": "0.03100", "2009-12-31": "54.87800", "2009-09-30": "-0.32400", "2009-06-30": "8.05800", "2009-03-31": "2.84900", "2008-12-31": "20.58300", "2008-09-30": "6.53600", "2008-06-30": "42.84200", "2008-03-31": "10.43000", "2007-12-31": "37.94300", "2007-09-30": "8.28500", "2007-06-30": "41.95100", "2007-03-31": "15.66100", "2006-12-31": "37.55800", "2006-09-30": "48.84400", "2006-06-30": "60.60200", "2006-03-31": "22.01700", "2005-12-31": "36.73700", "2005-09-30": "31.87800", "2005-06-30": "17.48100", "2005-03-31": "6.07500"}, "Net Income": {"2020-09-30": "25.08900", "2020-06-30": "11.36800", "2020-03-31": "52.62200", "2019-12-31": "75.21800", "2019-09-30": "106.74200", "2019-06-30": "83.80900", "2019-03-31": "49.66600", "2018-12-31": "59.50700", "2018-09-30": "42.98100", "2018-06-30": "78.28900", "2018-03-31": "146.82400", "2017-12-31": "167.96700", "2017-09-30": "72.62900", "2017-06-30": "63.85200", "2017-03-31": "30.82600", "2016-12-31": "46.13800", "2016-09-30": "51.90100", "2016-06-30": "35.81600", "2016-03-31": "107.07400", "2015-12-31": "47.27500", "2015-09-30": "43.40100", "2015-06-30": "25.22200", "2015-03-31": "44.93700", "2014-12-31": "86.27000", "2014-09-30": "97.61900", "2014-06-30": "32.68600", "2014-03-31": "60.59300", "2013-12-31": "47.22400", "2013-09-30": "57.83200", "2013-06-30": "45.42100", "2013-03-31": "33.66800", "2012-12-31": "42.92800", "2012-09-30": "31.40400", "2012-06-30": "22.55000", "2012-03-31": "12.32800", "2011-12-31": "22.17300", "2011-09-30": "-42.08900", "2011-06-30": "-7.16600", "2011-03-31": "7.22700", "2010-12-31": "-2.60300", "2010-09-30": "8.66000", "2010-06-30": "-5.56600", "2010-03-31": "10.23900", "2009-12-31": "72.62600", "2009-09-30": "-9.38400", "2009-06-30": "39.23800", "2009-03-31": "33.14600", "2008-12-31": "-9.48400", "2008-09-30": "26.93600", "2008-06-30": "64.92100", "2008-03-31": "26.71800", "2007-12-31": "49.78600", "2007-09-30": "38.28100", "2007-06-30": "70.00200", "2007-03-31": "46.65700", "2006-12-31": "51.86100", "2006-09-30": "103.22300", "2006-06-30": "87.74100", "2006-03-31": "52.08400", "2005-12-31": "48.87800", "2005-09-30": "58.95800", "2005-06-30": "67.67900", "2005-03-31": "34.03700"}, "EBITDA": {"2020-09-30": "63.50800", "2020-06-30": "50.18700", "2020-03-31": "71.54200", "2019-12-31": "72.76700", "2019-09-30": "75.62300", "2019-06-30": "76.08400", "2019-03-31": "73.92400", "2018-12-31": "76.37700", "2018-09-30": "81.05400", "2018-06-30": "95.15100", "2018-03-31": "86.72900", "2017-12-31": "88.78800", "2017-09-30": "91.89700", "2017-06-30": "92.37900", "2017-03-31": "74.63400", "2016-12-31": "94.77400", "2016-09-30": "90.23300", "2016-06-30": "88.01000", "2016-03-31": "87.18200", "2015-12-31": "83.26500", "2015-09-30": "85.20200", "2015-06-30": "83.14600", "2015-03-31": "81.67100", "2014-12-31": "81.06600", "2014-09-30": "87.40900", "2014-06-30": "84.90200", "2014-03-31": "82.91800", "2013-12-31": "80.91900", "2013-09-30": "78.68500", "2013-06-30": "81.68800", "2013-03-31": "68.72300", "2012-12-31": "64.98300", "2012-09-30": "78.43500", "2012-06-30": "74.89700", "2012-03-31": "73.29700", "2011-12-31": "60.14100", "2011-09-30": "58.07400", "2011-06-30": "68.19300", "2011-03-31": "81.48200", "2010-12-31": "28.47300", "2010-09-30": "91.01200", "2010-06-30": "91.68800", "2010-03-31": "88.61800", "2009-12-31": "81.42210", "2009-09-30": "96.04100", "2009-06-30": "94.95600", "2009-03-31": "102.42200", "2008-12-31": "86.78000", "2008-09-30": "106.76700", "2008-06-30": "105.92300", "2008-03-31": "104.93100", "2007-12-31": "99.62600", "2007-09-30": "100.44800", "2007-06-30": "96.51400", "2007-03-31": "98.55200", "2006-12-31": "86.58700", "2006-09-30": "93.60500", "2006-06-30": "92.95300", "2006-03-31": "94.63200", "2005-12-31": "78.55100", "2005-09-30": "93.18400", "2005-06-30": "94.85000", "2005-03-31": "92.11000"}, "EBIT": {"2020-09-30": "24.86900", "2020-06-30": "11.87700", "2020-03-31": "34.17700", "2019-12-31": "38.65500", "2019-09-30": "41.43300", "2019-06-30": "40.31000", "2019-03-31": "39.13200", "2018-12-31": "40.30500", "2018-09-30": "42.22300", "2018-06-30": "43.94600", "2018-03-31": "47.85300", "2017-12-31": "47.11710", "2017-09-30": "49.70400", "2017-06-30": "49.56900", "2017-03-31": "31.41700", "2016-12-31": "50.79100", "2016-09-30": "47.52100", "2016-06-30": "48.18600", "2016-03-31": "48.60400", "2015-12-31": "45.57800", "2015-09-30": "48.21100", "2015-06-30": "46.04100", "2015-03-31": "44.86400", "2014-12-31": "43.96900", "2014-09-30": "48.81500", "2014-06-30": "47.46300", "2014-03-31": "41.79100", "2013-12-31": "38.83200", "2013-09-30": "40.48500", "2013-06-30": "42.25900", "2013-03-31": "38.29200", "2012-12-31": "28.41800", "2012-09-30": "41.42400", "2012-06-30": "40.33600", "2012-03-31": "34.18300", "2011-12-31": "21.54100", "2011-09-30": "14.81000", "2011-06-30": "26.99500", "2011-03-31": "42.03900", "2010-12-31": "-12.34400", "2010-09-30": "52.30000", "2010-06-30": "52.23800", "2010-03-31": "51.47300", "2009-12-31": "47.48300", "2009-09-30": "56.59500", "2009-06-30": "52.96900", "2009-03-31": "59.82300", "2008-12-31": "45.42200", "2008-09-30": "66.77100", "2008-06-30": "62.62800", "2008-03-31": "58.19000", "2007-12-31": "53.20100", "2007-09-30": "66.22100", "2007-06-30": "63.42200", "2007-03-31": "65.16800", "2006-12-31": "52.93200", "2006-09-30": "60.80300", "2006-06-30": "60.09000", "2006-03-31": "61.96000", "2005-12-31": "44.90800", "2005-09-30": "60.83500", "2005-06-30": "63.02200", "2005-03-31": "61.35700"}, "Basic Shares Outstanding": {"2020-09-30": "127.27000", "2020-06-30": "127.24200", "2020-03-31": "127.86200", "2019-12-31": "127.84200", "2019-09-30": "127.87000", "2019-06-30": "127.85600", "2019-03-31": "127.75600", "2018-12-31": "127.65100", "2018-09-30": "127.52500", "2018-06-30": "127.50500", "2018-03-31": "127.92600", "2017-12-31": "127.75500", "2017-09-30": "127.80100", "2017-06-30": "127.78800", "2017-03-31": "127.61000", "2016-12-31": "126.04800", "2016-09-30": "127.30400", "2016-06-30": "125.79100", "2016-03-31": "123.59300", "2015-12-31": "123.03700", "2015-09-30": "123.34900", "2015-06-30": "123.29800", "2015-03-31": "122.12600", "2014-12-31": "121.54200", "2014-09-30": "121.56000", "2014-06-30": "121.49700", "2014-03-31": "121.40100", "2013-12-31": "121.26900", "2013-09-30": "121.35900", "2013-06-30": "121.28600", "2013-03-31": "121.05800", "2012-12-31": "120.69600", "2012-09-30": "120.76600", "2012-06-30": "120.66100", "2012-03-31": "120.48100", "2011-12-31": "120.33100", "2011-09-30": "120.41300", "2011-06-30": "120.34500", "2011-03-31": "120.14200", "2010-12-31": "119.93500", "2010-09-30": "119.97800", "2010-06-30": "119.93600", "2010-03-31": "119.77900", "2009-12-31": "109.54600", "2009-09-30": "119.38400", "2009-06-30": "111.84000", "2009-03-31": "86.97900", "2008-12-31": "84.47400", "2008-09-30": "83.79500", "2008-06-30": "83.74200", "2008-03-31": "83.67900", "2007-12-31": "85.50400", "2007-09-30": "85.47000", "2007-06-30": "86.27400", "2007-03-31": "86.00500", "2006-12-31": "87.71900", "2006-09-30": "86.56700", "2006-06-30": "89.51900", "2006-03-31": "89.51500", "2005-12-31": "89.22400", "2005-09-30": "89.25700", "2005-06-30": "89.17800", "2005-03-31": "89.12200"}, "Shares Outstanding": {"2020-09-30": "128.13000", "2020-06-30": "128.10300", "2020-03-31": "130.23700", "2019-12-31": "130.11600", "2019-09-30": "130.13700", "2019-06-30": "130.13500", "2019-03-31": "128.59000", "2018-12-31": "128.44100", "2018-09-30": "128.31700", "2018-06-30": "129.75000", "2018-03-31": "130.13900", "2017-12-31": "130.07100", "2017-09-30": "130.07700", "2017-06-30": "130.09500", "2017-03-31": "128.54800", "2016-12-31": "128.56900", "2016-09-30": "129.78800", "2016-06-30": "126.84400", "2016-03-31": "126.27100", "2015-12-31": "124.32900", "2015-09-30": "126.03300", "2015-06-30": "124.55000", "2015-03-31": "125.04300", "2014-12-31": "124.37000", "2014-09-30": "124.44000", "2014-06-30": "122.83400", "2014-03-31": "122.64500", "2013-12-31": "122.46000", "2013-09-30": "122.53100", "2013-06-30": "122.57400", "2013-03-31": "122.22300", "2012-12-31": "121.70500", "2012-09-30": "121.84400", "2012-06-30": "120.66100", "2012-03-31": "121.44100", "2011-12-31": "120.33100", "2011-09-30": "120.41300", "2011-06-30": "120.34500", "2011-03-31": "121.10100", "2010-12-31": "120.78000", "2010-09-30": "120.81700", "2010-06-30": "119.93600", "2010-03-31": "120.54700", "2009-12-31": "110.17800", "2009-09-30": "119.38400", "2009-06-30": "114.42800", "2009-03-31": "87.33100", "2008-12-31": "84.91700", "2008-09-30": "84.31600", "2008-06-30": "86.76600", "2008-03-31": "84.16700", "2007-12-31": "88.89300", "2007-09-30": "86.46400", "2007-06-30": "89.73500", "2007-03-31": "89.80900", "2006-12-31": "91.77900", "2006-09-30": "90.61000", "2006-06-30": "93.53300", "2006-03-31": "93.51600", "2005-12-31": "93.16600", "2005-09-30": "93.31600", "2005-06-30": "93.17000", "2005-03-31": "93.09200"}, "Basic EPS": {"2020-09-30": "0.20000", "2020-06-30": "0.09000", "2020-03-31": "0.41000", "2019-12-31": "0.59000", "2019-09-30": "0.83000", "2019-06-30": "0.66000", "2019-03-31": "0.39000", "2018-12-31": "0.47000", "2018-09-30": "0.34000", "2018-06-30": "0.61000", "2018-03-31": "1.15000", "2017-12-31": "1.31000", "2017-09-30": "0.57000", "2017-06-30": "0.50000", "2017-03-31": "0.24000", "2016-12-31": "0.34000", "2016-09-30": "0.41000", "2016-06-30": "0.28000", "2016-03-31": "0.87000", "2015-12-31": "0.39000", "2015-09-30": "0.35000", "2015-06-30": "0.20000", "2015-03-31": "0.37000", "2014-12-31": "0.71000", "2014-09-30": "0.80000", "2014-06-30": "0.27000", "2014-03-31": "0.50000", "2013-12-31": "0.39000", "2013-09-30": "0.48000", "2013-06-30": "0.37000", "2013-03-31": "0.28000", "2012-12-31": "0.35000", "2012-09-30": "0.26000", "2012-06-30": "0.19000", "2012-03-31": "0.10000", "2011-12-31": "0.18000", "2011-09-30": "-0.35000", "2011-06-30": "-0.06000", "2011-03-31": "0.06000", "2010-12-31": "-0.02000", "2010-09-30": "0.07000", "2010-06-30": "-0.05000", "2010-03-31": "0.09000", "2009-12-31": "0.59000", "2009-09-30": "-0.08000", "2009-06-30": "0.35000", "2009-03-31": "0.38000", "2008-12-31": "-0.13000", "2008-09-30": "0.32000", "2008-06-30": "0.78000", "2008-03-31": "0.32000", "2007-12-31": "0.59000", "2007-09-30": "0.45000", "2007-06-30": "0.81000", "2007-03-31": "0.54000", "2006-12-31": "0.61000", "2006-09-30": "1.19000", "2006-06-30": "0.98000", "2006-03-31": "0.58000", "2005-12-31": "0.55000", "2005-09-30": "0.66000", "2005-06-30": "0.76000", "2005-03-31": "0.38000"}, "EPS - Earnings Per Share": {"2020-09-30": "0.20000", "2020-06-30": "0.09000", "2020-03-31": "0.41000", "2019-12-31": "0.58000", "2019-09-30": "0.82000", "2019-06-30": "0.65000", "2019-03-31": "0.39000", "2018-12-31": "0.47000", "2018-09-30": "0.34000", "2018-06-30": "0.61000", "2018-03-31": "1.13000", "2017-12-31": "1.31000", "2017-09-30": "0.56000", "2017-06-30": "0.49000", "2017-03-31": "0.24000", "2016-12-31": "0.34000", "2016-09-30": "0.40000", "2016-06-30": "0.28000", "2016-03-31": "0.85000", "2015-12-31": "0.38000", "2015-09-30": "0.35000", "2015-06-30": "0.20000", "2015-03-31": "0.36000", "2014-12-31": "0.70000", "2014-09-30": "0.79000", "2014-06-30": "0.27000", "2014-03-31": "0.49000", "2013-12-31": "0.38000", "2013-09-30": "0.47000", "2013-06-30": "0.37000", "2013-03-31": "0.28000", "2012-12-31": "0.35000", "2012-09-30": "0.26000", "2012-06-30": "0.19000", "2012-03-31": "0.10000", "2011-12-31": "0.18000", "2011-09-30": "-0.35000", "2011-06-30": "-0.06000", "2011-03-31": "0.06000", "2010-12-31": "-0.01000", "2010-09-30": "0.07000", "2010-06-30": "-0.05000", "2010-03-31": "0.08000", "2009-12-31": "0.58000", "2009-09-30": "-0.08000", "2009-06-30": "0.35000", "2009-03-31": "0.38000", "2008-12-31": "-0.12000", "2008-09-30": "0.32000", "2008-06-30": "0.76000", "2008-03-31": "0.32000", "2007-12-31": "0.59000", "2007-09-30": "0.44000", "2007-06-30": "0.79000", "2007-03-31": "0.53000", "2006-12-31": "0.60000", "2006-09-30": "1.15000", "2006-06-30": "0.95000", "2006-03-31": "0.57000", "2005-12-31": "0.54000", "2005-09-30": "0.65000", "2005-06-30": "0.74000", "2005-03-31": "0.38000"}}, "balance sheet": {"Cash On Hand": {"2019-12-31": "41.48100", "2018-12-31": "65.86500", "2017-12-31": "13.21900", "2016-12-31": "16.25700", "2015-12-31": "22.16800", "2014-12-31": "23.18900", "2013-12-31": "91.57600", "2012-12-31": "19.60400", "2011-12-31": "13.64200", "2010-12-31": "23.85900", "2009-12-31": "153.58400", "2008-12-31": "58.94600", "2007-12-31": "65.77700", "2006-12-31": "71.00300", "2005-12-31": "42.69000"}, "Receivables": {"2019-12-31": "83.63900", "2018-12-31": "97.92400", "2017-12-31": "104.35700", "2016-12-31": "94.46600", "2015-12-31": "84.78200", "2014-12-31": "77.78100", "2013-12-31": "82.35100", "2012-12-31": "79.54000", "2011-12-31": "86.53000", "2010-12-31": "95.85900", "2009-12-31": "96.37200", "2008-12-31": "103.87300", "2007-12-31": "94.60700", "2006-12-31": "78.89300", "2005-12-31": "60.90500"}, "Inventory": {"2019-12-31": "", "2018-12-31": "", "2017-12-31": "", "2016-12-31": "", "2015-12-31": "", "2014-12-31": "", "2013-12-31": "", "2012-12-31": "", "2011-12-31": "", "2010-12-31": "", "2009-12-31": "", "2008-12-31": "", "2007-12-31": "", "2006-12-31": "", "2005-12-31": ""}, "Pre-Paid Expenses": {"2019-12-31": "", "2018-12-31": "", "2017-12-31": "", "2016-12-31": "", "2015-12-31": "", "2014-12-31": "", "2013-12-31": "", "2012-12-31": "", "2011-12-31": "", "2010-12-31": "", "2009-12-31": "", "2008-12-31": "", "2007-12-31": "", "2006-12-31": "", "2005-12-31": ""}, "Other Current Assets": {"2019-12-31": "", "2018-12-31": "", "2017-12-31": "", "2016-12-31": "", "2015-12-31": "", "2014-12-31": "", "2013-12-31": "", "2012-12-31": "", "2011-12-31": "", "2010-12-31": "", "2009-12-31": "", "2008-12-31": "", "2007-12-31": "", "2006-12-31": "", "2005-12-31": ""}, "Total Current Assets": {"2019-12-31": "138.93000", "2018-12-31": "174.06100", "2017-12-31": "125.69100", "2016-12-31": "135.74500", "2015-12-31": "110.02400", "2014-12-31": "180.96800", "2013-12-31": "191.75900", "2012-12-31": "233.01600", "2011-12-31": "260.52000", "2010-12-31": "314.71400", "2009-12-31": "580.57200", "2008-12-31": "428.61500", "2007-12-31": "281.08600", "2006-12-31": "248.33300", "2005-12-31": "157.53700"}, "Property, Plant, And Equipment": {"2019-12-31": "3034.57400", "2018-12-31": "2996.88000", "2017-12-31": "3387.52500", "2016-12-31": "3605.07800", "2015-12-31": "3209.68000", "2014-12-31": "3051.14500", "2013-12-31": "3353.85000", "2012-12-31": "3359.01100", "2011-12-31": "3702.23600", "2010-12-31": "3806.54500", "2009-12-31": "3802.11500", "2008-12-31": "4103.14900", "2007-12-31": "4198.02300", "2006-12-31": "3738.88300", "2005-12-31": "3353.93700"}, "Long-Term Investments": {"2019-12-31": "", "2018-12-31": "", "2017-12-31": "", "2016-12-31": "", "2015-12-31": "", "2014-12-31": "", "2013-12-31": "", "2012-12-31": "", "2011-12-31": "", "2010-12-31": "", "2009-12-31": "", "2008-12-31": "", "2007-12-31": "", "2006-12-31": "", "2005-12-31": ""}, "Goodwill And Intangible Assets": {"2019-12-31": "", "2018-12-31": "", "2017-12-31": "", "2016-12-31": "", "2015-12-31": "", "2014-12-31": "", "2013-12-31": "", "2012-12-31": "", "2011-12-31": "", "2010-12-31": "", "2009-12-31": "", "2008-12-31": "", "2007-12-31": "", "2006-12-31": "", "2005-12-31": ""}, "Other Long-Term Assets": {"2019-12-31": "615.95100", "2018-12-31": "514.00600", "2017-12-31": "502.37600", "2016-12-31": "478.04200", "2015-12-31": "444.63200", "2014-12-31": "443.15300", "2013-12-31": "513.49200", "2012-12-31": "456.97400", "2011-12-31": "510.27900", "2010-12-31": "570.15900", "2009-12-31": "404.30200", "2008-12-31": "462.98400", "2007-12-31": "399.26500", "2006-12-31": "273.79800", "2005-12-31": "130.65100"}, "Total Long-Term Assets": {"2019-12-31": "3799.00400", "2018-12-31": "3652.90000", "2017-12-31": "4070.94800", "2016-12-31": "4291.18300", "2015-12-31": "3791.92100", "2014-12-31": "3624.94700", "2013-12-31": "4032.17000", "2012-12-31": "3951.76800", "2011-12-31": "4327.70600", "2010-12-31": "4493.14100", "2009-12-31": "4309.81300", "2008-12-31": "4685.59700", "2007-12-31": "4712.25700", "2006-12-31": "4125.55400", "2005-12-31": "3580.20400"}, "Total Assets": {"2019-12-31": "3937.93400", "2018-12-31": "3826.96100", "2017-12-31": "4196.63900", "2016-12-31": "4426.92800", "2015-12-31": "3901.94500", "2014-12-31": "3805.91500", "2013-12-31": "4223.92900", "2012-12-31": "4184.78400", "2011-12-31": "4588.22600", "2010-12-31": "4807.85500", "2009-12-31": "4890.38500", "2008-12-31": "5114.21200", "2007-12-31": "4993.34300", "2006-12-31": "4373.88700", "2005-12-31": "3737.74100"}, "Total Current Liabilities": {"2019-12-31": "111.66600", "2018-12-31": "113.17500", "2017-12-31": "116.46300", "2016-12-31": "116.85900", "2015-12-31": "112.20500", "2014-12-31": "112.47900", "2013-12-31": "108.53500", "2012-12-31": "119.69900", "2011-12-31": "124.88800", "2010-12-31": "126.76700", "2009-12-31": "137.72700", "2008-12-31": "179.43200", "2007-12-31": "155.13700", "2006-12-31": "132.82100", "2005-12-31": "102.14300"}, "Long Term Debt": {"2019-12-31": "1732.33800", "2018-12-31": "1794.68400", "2017-12-31": "2081.15200", "2016-12-31": "2356.52800", "2015-12-31": "2113.27700", "2014-12-31": "1930.00900", "2013-12-31": "2299.84400", "2012-12-31": "2204.03000", "2011-12-31": "2531.83700", "2010-12-31": "2589.44800", "2009-12-31": "2531.84700", "2008-12-31": "3148.63600", "2007-12-31": "3165.05900", "2006-12-31": "2941.03900", "2005-12-31": "2299.85500"}, "Other Non-Current Liabilities": {"2019-12-31": "217.77000", "2018-12-31": "168.40300", "2017-12-31": "189.18200", "2016-12-31": "236.64500", "2015-12-31": "131.45300", "2014-12-31": "124.48400", "2013-12-31": "127.57200", "2012-12-31": "120.90000", "2011-12-31": "107.91900", "2010-12-31": "111.38300", "2009-12-31": "114.15500", "2008-12-31": "131.46100", "2007-12-31": "104.43900", "2006-12-31": "86.56600", "2005-12-31": "102.09900"}, "Total Long Term Liabilities": {"2019-12-31": "1950.10800", "2018-12-31": "1963.08700", "2017-12-31": "2270.33400", "2016-12-31": "2593.17300", "2015-12-31": "2244.73000", "2014-12-31": "2054.49300", "2013-12-31": "2427.41600", "2012-12-31": "2324.93000", "2011-12-31": "2639.75600", "2010-12-31": "2700.83100", "2009-12-31": "2646.00200", "2008-12-31": "3280.09700", "2007-12-31": "3366.38300", "2006-12-31": "3115.28500", "2005-12-31": "2485.31200"}, "Total Liabilities": {"2019-12-31": "2061.77400", "2018-12-31": "2076.26200", "2017-12-31": "2386.79700", "2016-12-31": "2710.03200", "2015-12-31": "2356.93500", "2014-12-31": "2166.97200", "2013-12-31": "2535.95100", "2012-12-31": "2444.62900", "2011-12-31": "2764.64400", "2010-12-31": "2827.59800", "2009-12-31": "2783.72900", "2008-12-31": "3459.52900", "2007-12-31": "3521.52000", "2006-12-31": "3248.10600", "2005-12-31": "2587.45500"}, "Common Stock Net": {"2019-12-31": "3.90500", "2018-12-31": "3.89300", "2017-12-31": "3.89700", "2016-12-31": "3.88500", "2015-12-31": "3.74400", "2014-12-31": "3.70000", "2013-12-31": "3.68300", "2012-12-31": "3.66300", "2011-12-31": "3.64100", "2010-12-31": "3.63000", "2009-12-31": "3.61500", "2008-12-31": "2.62500", "2007-12-31": "2.56500", "2006-12-31": "2.58200", "2005-12-31": "2.68600"}, "Retained Earnings (Accumulated Deficit)": {"2019-12-31": "-74.29300", "2018-12-31": "-186.43100", "2017-12-31": "", "2016-12-31": "-177.64700", "2015-12-31": "-222.88000", "2014-12-31": "-212.96000", "2013-12-31": "-300.53700", "2012-12-31": "-335.98000", "2011-12-31": "-304.50400", "2010-12-31": "-151.78000", "2009-12-31": "-37.35000", "2008-12-31": "-37.24500", "2007-12-31": "42.73900", "2006-12-31": "-0.78600", "2005-12-31": "-132.78600"}, "Comprehensive Income": {"2019-12-31": "-11.28300", "2018-12-31": "-10.54900", "2017-12-31": "-6.17000", "2016-12-31": "-9.16100", "2015-12-31": "-7.64400", "2014-12-31": "-12.43600", "2013-12-31": "-4.20200", "2012-12-31": "-24.74300", "2011-12-31": "-27.74300", "2010-12-31": "-21.77400", "2009-12-31": "-23.95800", "2008-12-31": "-29.67600", "2007-12-31": "-15.47500", "2006-12-31": "-12.50000", "2005-12-31": "-8.05000"}, "Other Share Holders Equity": {"2019-12-31": "", "2018-12-31": "", "2017-12-31": "", "2016-12-31": "", "2015-12-31": "", "2014-12-31": "", "2013-12-31": "", "2012-12-31": "", "2011-12-31": "", "2010-12-31": "", "2009-12-31": "", "2008-12-31": "", "2007-12-31": "", "2006-12-31": "", "2005-12-31": ""}, "Share Holder Equity": {"2019-12-31": "1876.16000", "2018-12-31": "1750.69900", "2017-12-31": "1809.84200", "2016-12-31": "1716.89600", "2015-12-31": "1545.01000", "2014-12-31": "1638.94300", "2013-12-31": "1687.97800", "2012-12-31": "1740.15500", "2011-12-31": "1823.58200", "2010-12-31": "1980.25700", "2009-12-31": "2106.65600", "2008-12-31": "1654.68300", "2007-12-31": "1471.82300", "2006-12-31": "1125.78100", "2005-12-31": "1150.28600"}, "Total Liabilities And Share Holders Equity": {"2019-12-31": "3937.93400", "2018-12-31": "3826.96100", "2017-12-31": "4196.63900", "2016-12-31": "4426.92800", "2015-12-31": "3901.94500", "2014-12-31": "3805.91500", "2013-12-31": "4223.92900", "2012-12-31": "4184.78400", "2011-12-31": "4588.22600", "2010-12-31": "4807.85500", "2009-12-31": "4890.38500", "2008-12-31": "5114.21200", "2007-12-31": "4993.34300", "2006-12-31": "4373.88700", "2005-12-31": "3737.74100"}}, "balance sheet, quarterly": {"Cash On Hand": {"2020-09-30": "50.21500", "2020-06-30": "14.20300", "2020-03-31": "484.69700", "2019-12-31": "41.48100", "2019-09-30": "124.40600", "2019-06-30": "118.22200", "2019-03-31": "60.57000", "2018-12-31": "65.86500", "2018-09-30": "24.41200", "2018-06-30": "13.09600", "2018-03-31": "88.23800", "2017-12-31": "13.21900", "2017-09-30": "39.24600", "2017-06-30": "6.65700", "2017-03-31": "3.61500", "2016-12-31": "16.25700", "2016-09-30": "9.76600", "2016-06-30": "14.52900", "2016-03-31": "27.20000", "2015-12-31": "22.16800", "2015-09-30": "12.26700", "2015-06-30": "13.29900", "2015-03-31": "40.16800", "2014-12-31": "23.18900", "2014-09-30": "12.97500", "2014-06-30": "16.03500", "2014-03-31": "9.19900", "2013-12-31": "91.57600", "2013-09-30": "51.73000", "2013-06-30": "23.37400", "2013-03-31": "54.80000", "2012-12-31": "19.60400", "2012-09-30": "19.08900", "2012-06-30": "15.09700", "2012-03-31": "18.02400", "2011-12-31": "13.64200", "2011-09-30": "20.18100", "2011-06-30": "24.37400", "2011-03-31": "28.77400", "2010-12-31": "23.85900", "2010-09-30": "31.81400", "2010-06-30": "77.97800", "2010-03-31": "122.91500", "2009-12-31": "153.58400", "2009-09-30": "104.69400", "2009-06-30": "94.37000", "2009-03-31": "118.26000", "2008-12-31": "58.94600", "2008-09-30": "53.22400", "2008-06-30": "40.42700", "2008-03-31": "61.48800", "2007-12-31": "65.77700", "2007-09-30": "59.81500", "2007-06-30": "46.30100", "2007-03-31": "35.50600", "2006-12-31": "71.00300", "2006-09-30": "187.03600", "2006-06-30": "132.85800", "2006-03-31": "37.44600", "2005-12-31": "42.69000", "2005-09-30": "23.96100", "2005-06-30": "45.54500", "2005-03-31": "38.69800"}, "Receivables": {"2020-09-30": "79.39200", "2020-06-30": "73.76000", "2020-03-31": "61.40700", "2019-12-31": "83.63900", "2019-09-30": "79.27700", "2019-06-30": "74.78400", "2019-03-31": "76.90000", "2018-12-31": "97.92400", "2018-09-30": "94.80700", "2018-06-30": "88.84000", "2018-03-31": "87.09100", "2017-12-31": "104.35700", "2017-09-30": "101.45900", "2017-06-30": "90.32800", "2017-03-31": "90.88300", "2016-12-31": "94.46600", "2016-09-30": "86.62300", "2016-06-30": "82.36800", "2016-03-31": "74.09400", "2015-12-31": "84.78200", "2015-09-30": "82.68600", "2015-06-30": "72.31700", "2015-03-31": "68.81000", "2014-12-31": "77.78100", "2014-09-30": "80.71400", "2014-06-30": "77.85200", "2014-03-31": "73.65600", "2013-12-31": "82.35100", "2013-09-30": "76.82800", "2013-06-30": "70.57200", "2013-03-31": "70.42800", "2012-12-31": "79.54000", "2012-09-30": "77.74100", "2012-06-30": "71.26700", "2012-03-31": "69.70200", "2011-12-31": "86.53000", "2011-09-30": "84.20300", "2011-06-30": "78.14500", "2011-03-31": "74.82400", "2010-12-31": "95.85900", "2010-09-30": "88.75500", "2010-06-30": "84.40000", "2010-03-31": "72.32900", "2009-12-31": "96.37200", "2009-09-30": "84.94800", "2009-06-30": "80.63600", "2009-03-31": "79.84100", "2008-12-31": "103.87300", "2008-09-30": "91.48500", "2008-06-30": "83.26200", "2008-03-31": "95.62800", "2007-12-31": "94.60700", "2007-09-30": "77.81100", "2007-06-30": "63.12800", "2007-03-31": "74.20800", "2006-12-31": "78.89300", "2006-09-30": "91.48800", "2006-06-30": "50.27300", "2006-03-31": "48.98400", "2005-12-31": "60.90500", "2005-09-30": "51.92100", "2005-06-30": "47.11300", "2005-03-31": "43.39200"}, "Inventory": {"2020-09-30": "", "2020-06-30": "", "2020-03-31": "", "2019-12-31": "", "2019-09-30": "", "2019-06-30": "", "2019-03-31": "", "2018-12-31": "", "2018-09-30": "", "2018-06-30": "", "2018-03-31": "", "2017-12-31": "", "2017-09-30": "", "2017-06-30": "", "2017-03-31": "", "2016-12-31": "", "2016-09-30": "", "2016-06-30": "", "2016-03-31": "", "2015-12-31": "", "2015-09-30": "", "2015-06-30": "", "2015-03-31": "", "2014-12-31": "", "2014-09-30": "", "2014-06-30": "", "2014-03-31": "", "2013-12-31": "", "2013-09-30": "", "2013-06-30": "", "2013-03-31": "", "2012-12-31": "", "2012-09-30": "", "2012-06-30": "", "2012-03-31": "", "2011-12-31": "", "2011-09-30": "", "2011-06-30": "", "2011-03-31": "", "2010-12-31": "", "2010-09-30": "", "2010-06-30": "", "2010-03-31": "", "2009-12-31": "", "2009-09-30": "", "2009-06-30": "", "2009-03-31": "", "2008-12-31": "", "2008-09-30": "", "2008-06-30": "", "2008-03-31": "", "2007-12-31": "", "2007-09-30": "", "2007-06-30": "", "2007-03-31": "", "2006-12-31": "", "2006-09-30": "", "2006-06-30": "", "2006-03-31": "", "2005-12-31": "", "2005-09-30": "", "2005-06-30": "", "2005-03-31": ""}, "Pre-Paid Expenses": {"2020-09-30": "", "2020-06-30": "", "2020-03-31": "", "2019-12-31": "", "2019-09-30": "", "2019-06-30": "", "2019-03-31": "", "2018-12-31": "", "2018-09-30": "", "2018-06-30": "", "2018-03-31": "", "2017-12-31": "", "2017-09-30": "", "2017-06-30": "", "2017-03-31": "", "2016-12-31": "", "2016-09-30": "", "2016-06-30": "", "2016-03-31": "", "2015-12-31": "", "2015-09-30": "", "2015-06-30": "", "2015-03-31": "", "2014-12-31": "", "2014-09-30": "", "2014-06-30": "", "2014-03-31": "", "2013-12-31": "", "2013-09-30": "", "2013-06-30": "", "2013-03-31": "", "2012-12-31": "", "2012-09-30": "", "2012-06-30": "", "2012-03-31": "", "2011-12-31": "", "2011-09-30": "", "2011-06-30": "", "2011-03-31": "", "2010-12-31": "", "2010-09-30": "", "2010-06-30": "", "2010-03-31": "", "2009-12-31": "", "2009-09-30": "", "2009-06-30": "", "2009-03-31": "", "2008-12-31": "", "2008-09-30": "", "2008-06-30": "", "2008-03-31": "", "2007-12-31": "", "2007-09-30": "", "2007-06-30": "", "2007-03-31": "", "2006-12-31": "", "2006-09-30": "", "2006-06-30": "", "2006-03-31": "", "2005-12-31": "", "2005-09-30": "", "2005-06-30": "", "2005-03-31": ""}, "Other Current Assets": {"2020-09-30": "", "2020-06-30": "", "2020-03-31": "", "2019-12-31": "", "2019-09-30": "", "2019-06-30": "", "2019-03-31": "", "2018-12-31": "", "2018-09-30": "", "2018-06-30": "", "2018-03-31": "", "2017-12-31": "", "2017-09-30": "", "2017-06-30": "", "2017-03-31": "", "2016-12-31": "", "2016-09-30": "", "2016-06-30": "", "2016-03-31": "", "2015-12-31": "", "2015-09-30": "", "2015-06-30": "", "2015-03-31": "", "2014-12-31": "", "2014-09-30": "", "2014-06-30": "", "2014-03-31": "", "2013-12-31": "", "2013-09-30": "", "2013-06-30": "", "2013-03-31": "", "2012-12-31": "", "2012-09-30": "", "2012-06-30": "", "2012-03-31": "", "2011-12-31": "", "2011-09-30": "", "2011-06-30": "", "2011-03-31": "", "2010-12-31": "", "2010-09-30": "", "2010-06-30": "", "2010-03-31": "", "2009-12-31": "", "2009-09-30": "", "2009-06-30": "", "2009-03-31": "", "2008-12-31": "", "2008-09-30": "", "2008-06-30": "", "2008-03-31": "", "2007-12-31": "", "2007-09-30": "", "2007-06-30": "", "2007-03-31": "", "2006-12-31": "", "2006-09-30": "", "2006-06-30": "", "2006-03-31": "", "2005-12-31": "", "2005-09-30": "", "2005-06-30": "", "2005-03-31": ""}, "Total Current Assets": {"2020-09-30": "143.88800", "2020-06-30": "102.02600", "2020-03-31": "576.90800", "2019-12-31": "138.93000", "2019-09-30": "265.95700", "2019-06-30": "207.86000", "2019-03-31": "148.60400", "2018-12-31": "174.06100", "2018-09-30": "141.58800", "2018-06-30": "122.53900", "2018-03-31": "182.72400", "2017-12-31": "125.69100", "2017-09-30": "145.67800", "2017-06-30": "102.95000", "2017-03-31": "97.79700", "2016-12-31": "135.74500", "2016-09-30": "114.41600", "2016-06-30": "102.54900", "2016-03-31": "208.56900", "2015-12-31": "110.02400", "2015-09-30": "105.20500", "2015-06-30": "97.09400", "2015-03-31": "137.61900", "2014-12-31": "180.96800", "2014-09-30": "129.91900", "2014-06-30": "103.25000", "2014-03-31": "99.18900", "2013-12-31": "191.75900", "2013-09-30": "270.16800", "2013-06-30": "188.44000", "2013-03-31": "257.77600", "2012-12-31": "233.01600", "2012-09-30": "201.02800", "2012-06-30": "208.93800", "2012-03-31": "189.77600", "2011-12-31": "260.52000", "2011-09-30": "265.21600", "2011-06-30": "294.28200", "2011-03-31": "308.03800", "2010-12-31": "314.71400", "2010-09-30": "369.93000", "2010-06-30": "361.95900", "2010-03-31": "518.30300", "2009-12-31": "580.57200", "2009-09-30": "527.30900", "2009-06-30": "452.80100", "2009-03-31": "461.00000", "2008-12-31": "428.61500", "2008-09-30": "328.88000", "2008-06-30": "308.76400", "2008-03-31": "297.84300", "2007-12-31": "281.08600", "2007-09-30": "228.15400", "2007-06-30": "217.15300", "2007-03-31": "150.45200", "2006-12-31": "248.33300", "2006-09-30": "406.66100", "2006-06-30": "217.14800", "2006-03-31": "167.52200", "2005-12-31": "157.53700", "2005-09-30": "171.27700", "2005-06-30": "132.96900", "2005-03-31": "102.41100"}, "Property, Plant, And Equipment": {"2020-09-30": "3026.13600", "2020-06-30": "3070.45400", "2020-03-31": "3075.13200", "2019-12-31": "3034.57400", "2019-09-30": "2908.75200", "2019-06-30": "2964.61000", "2019-03-31": "2986.57800", "2018-12-31": "2996.88000", "2018-09-30": "3189.19000", "2018-06-30": "3209.82700", "2018-03-31": "3225.01700", "2017-12-31": "3387.52500", "2017-09-30": "3468.39000", "2017-06-30": "3541.19300", "2017-03-31": "3574.07600", "2016-12-31": "3605.07800", "2016-09-30": "3565.68900", "2016-06-30": "3301.86500", "2016-03-31": "3203.66200", "2015-12-31": "3209.68000", "2015-09-30": "3190.81000", "2015-06-30": "3153.96600", "2015-03-31": "3119.81100", "2014-12-31": "3051.14500", "2014-09-30": "3120.91900", "2014-06-30": "3142.91900", "2014-03-31": "3162.05200", "2013-12-31": "3353.85000", "2013-09-30": "3248.43000", "2013-06-30": "3330.00400", "2013-03-31": "3351.76600", "2012-12-31": "3359.01100", "2012-09-30": "3452.13800", "2012-06-30": "3409.50000", "2012-03-31": "3696.19200", "2011-12-31": "3702.23600", "2011-09-30": "3751.33400", "2011-06-30": "3802.20400", "2011-03-31": "3800.86700", "2010-12-31": "3806.54500", "2010-09-30": "3770.61100", "2010-06-30": "3762.59400", "2010-03-31": "3737.16300", "2009-12-31": "3802.11500", "2009-09-30": "3996.12100", "2009-06-30": "4056.97300", "2009-03-31": "4090.25300", "2008-12-31": "4103.14900", "2008-09-30": "4247.68000", "2008-06-30": "4215.80500", "2008-03-31": "4212.11100", "2007-12-31": "4198.02300", "2007-09-30": "4108.01900", "2007-06-30": "3898.01400", "2007-03-31": "3905.23400", "2006-12-31": "3738.88300", "2006-09-30": "3706.72700", "2006-06-30": "3418.55100", "2006-03-31": "3368.31100", "2005-12-31": "3353.93700", "2005-09-30": "3290.89100", "2005-06-30": "3292.91700", "2005-03-31": "3178.91800"}, "Long-Term Investments": {"2020-09-30": "", "2020-06-30": "", "2020-03-31": "", "2019-12-31": "", "2019-09-30": "", "2019-06-30": "", "2019-03-31": "", "2018-12-31": "", "2018-09-30": "", "2018-06-30": "", "2018-03-31": "", "2017-12-31": "", "2017-09-30": "", "2017-06-30": "", "2017-03-31": "", "2016-12-31": "", "2016-09-30": "", "2016-06-30": "", "2016-03-31": "", "2015-12-31": "", "2015-09-30": "", "2015-06-30": "", "2015-03-31": "", "2014-12-31": "", "2014-09-30": "", "2014-06-30": "", "2014-03-31": "", "2013-12-31": "", "2013-09-30": "", "2013-06-30": "", "2013-03-31": "", "2012-12-31": "", "2012-09-30": "", "2012-06-30": "", "2012-03-31": "", "2011-12-31": "", "2011-09-30": "", "2011-06-30": "", "2011-03-31": "", "2010-12-31": "", "2010-09-30": "", "2010-06-30": "", "2010-03-31": "", "2009-12-31": "", "2009-09-30": "", "2009-06-30": "", "2009-03-31": "", "2008-12-31": "", "2008-09-30": "", "2008-06-30": "", "2008-03-31": "", "2007-12-31": "", "2007-09-30": "", "2007-06-30": "", "2007-03-31": "", "2006-12-31": "", "2006-09-30": "", "2006-06-30": "", "2006-03-31": "", "2005-12-31": "", "2005-09-30": "", "2005-06-30": "", "2005-03-31": ""}, "Goodwill And Intangible Assets": {"2020-09-30": "", "2020-06-30": "", "2020-03-31": "", "2019-12-31": "", "2019-09-30": "", "2019-06-30": "", "2019-03-31": "", "2018-12-31": "", "2018-09-30": "", "2018-06-30": "", "2018-03-31": "", "2017-12-31": "", "2017-09-30": "", "2017-06-30": "", "2017-03-31": "", "2016-12-31": "", "2016-09-30": "", "2016-06-30": "", "2016-03-31": "", "2015-12-31": "", "2015-09-30": "", "2015-06-30": "", "2015-03-31": "", "2014-12-31": "", "2014-09-30": "", "2014-06-30": "", "2014-03-31": "", "2013-12-31": "", "2013-09-30": "", "2013-06-30": "", "2013-03-31": "", "2012-12-31": "", "2012-09-30": "", "2012-06-30": "", "2012-03-31": "", "2011-12-31": "", "2011-09-30": "", "2011-06-30": "", "2011-03-31": "", "2010-12-31": "", "2010-09-30": "", "2010-06-30": "", "2010-03-31": "", "2009-12-31": "", "2009-09-30": "", "2009-06-30": "", "2009-03-31": "", "2008-12-31": "", "2008-09-30": "", "2008-06-30": "", "2008-03-31": "", "2007-12-31": "", "2007-09-30": "", "2007-06-30": "", "2007-03-31": "", "2006-12-31": "", "2006-09-30": "", "2006-06-30": "", "2006-03-31": "", "2005-12-31": "", "2005-09-30": "", "2005-06-30": "", "2005-03-31": ""}, "Other Long-Term Assets": {"2020-09-30": "601.03900", "2020-06-30": "588.10900", "2020-03-31": "580.90400", "2019-12-31": "615.95100", "2019-09-30": "611.15200", "2019-06-30": "578.22400", "2019-03-31": "562.94800", "2018-12-31": "514.00600", "2018-09-30": "515.18400", "2018-06-30": "537.12400", "2018-03-31": "528.57300", "2017-12-31": "502.37600", "2017-09-30": "511.59200", "2017-06-30": "508.29200", "2017-03-31": "478.89700", "2016-12-31": "478.04200", "2016-09-30": "489.69100", "2016-06-30": "479.88100", "2016-03-31": "474.87600", "2015-12-31": "444.63200", "2015-09-30": "447.84600", "2015-06-30": "453.35000", "2015-03-31": "437.85300", "2014-12-31": "443.15300", "2014-09-30": "470.63200", "2014-06-30": "473.02700", "2014-03-31": "460.74000", "2013-12-31": "513.49200", "2013-09-30": "462.94900", "2013-06-30": "459.93200", "2013-03-31": "443.78000", "2012-12-31": "456.97400", "2012-09-30": "470.77500", "2012-06-30": "486.13700", "2012-03-31": "509.22700", "2011-12-31": "510.27900", "2011-09-30": "536.68000", "2011-06-30": "538.66700", "2011-03-31": "564.81000", "2010-12-31": "570.15900", "2010-09-30": "560.04200", "2010-06-30": "562.16800", "2010-03-31": "401.77000", "2009-12-31": "404.30200", "2009-09-30": "404.20700", "2009-06-30": "460.19200", "2009-03-31": "445.13300", "2008-12-31": "462.98400", "2008-09-30": "424.52000", "2008-06-30": "429.75900", "2008-03-31": "415.36300", "2007-12-31": "399.26500", "2007-09-30": "433.04100", "2007-06-30": "395.68200", "2007-03-31": "347.18000", "2006-12-31": "273.79800", "2006-09-30": "191.83600", "2006-06-30": "165.49800", "2006-03-31": "149.99900", "2005-12-31": "130.65100", "2005-09-30": "109.70500", "2005-06-30": "106.21100", "2005-03-31": "105.80000"}, "Total Long-Term Assets": {"2020-09-30": "3766.25900", "2020-06-30": "3805.18300", "2020-03-31": "3807.88000", "2019-12-31": "3799.00400", "2019-09-30": "3646.63300", "2019-06-30": "3679.79400", "2019-03-31": "3689.05900", "2018-12-31": "3652.90000", "2018-09-30": "3855.53900", "2018-06-30": "3902.44300", "2018-03-31": "3926.44200", "2017-12-31": "4070.94800", "2017-09-30": "4167.51200", "2017-06-30": "4243.80700", "2017-03-31": "4254.29400", "2016-12-31": "4291.18300", "2016-09-30": "4268.37200", "2016-06-30": "3930.37800", "2016-03-31": "3825.27100", "2015-12-31": "3791.92100", "2015-09-30": "3790.13200", "2015-06-30": "3753.68400", "2015-03-31": "3699.39000", "2014-12-31": "3624.94700", "2014-09-30": "3731.30500", "2014-06-30": "3760.15100", "2014-03-31": "3769.98300", "2013-12-31": "4032.17000", "2013-09-30": "3848.37900", "2013-06-30": "3930.87400", "2013-03-31": "3933.19200", "2012-12-31": "3951.76800", "2012-09-30": "4061.63100", "2012-06-30": "4009.21500", "2012-03-31": "4322.76500", "2011-12-31": "4327.70600", "2011-09-30": "4407.22100", "2011-06-30": "4461.49600", "2011-03-31": "4482.47100", "2010-12-31": "4493.14100", "2010-09-30": "4440.15100", "2010-06-30": "4435.38600", "2010-03-31": "4245.45800", "2009-12-31": "4309.81300", "2009-09-30": "4509.98900", "2009-06-30": "4630.86200", "2009-03-31": "4651.52400", "2008-12-31": "4685.59700", "2008-09-30": "4791.77700", "2008-06-30": "4765.68100", "2008-03-31": "4745.84200", "2007-12-31": "4712.25700", "2007-09-30": "4656.26800", "2007-06-30": "4406.99900", "2007-03-31": "4367.54500", "2006-12-31": "4125.55400", "2006-09-30": "4022.51000", "2006-06-30": "3680.84000", "2006-03-31": "3614.74600", "2005-12-31": "3580.20400", "2005-09-30": "3496.12300", "2005-06-30": "3496.00300", "2005-03-31": "3377.49200"}, "Total Assets": {"2020-09-30": "3910.14700", "2020-06-30": "3907.20900", "2020-03-31": "4384.78800", "2019-12-31": "3937.93400", "2019-09-30": "3912.59000", "2019-06-30": "3887.65400", "2019-03-31": "3837.66300", "2018-12-31": "3826.96100", "2018-09-30": "3997.12700", "2018-06-30": "4024.98200", "2018-03-31": "4109.16600", "2017-12-31": "4196.63900", "2017-09-30": "4313.19000", "2017-06-30": "4346.75700", "2017-03-31": "4352.09100", "2016-12-31": "4426.92800", "2016-09-30": "4382.78800", "2016-06-30": "4032.92700", "2016-03-31": "4033.84000", "2015-12-31": "3901.94500", "2015-09-30": "3895.33700", "2015-06-30": "3850.77800", "2015-03-31": "3837.00900", "2014-12-31": "3805.91500", "2014-09-30": "3861.22400", "2014-06-30": "3863.40100", "2014-03-31": "3869.17200", "2013-12-31": "4223.92900", "2013-09-30": "4118.54700", "2013-06-30": "4119.31400", "2013-03-31": "4190.96800", "2012-12-31": "4184.78400", "2012-09-30": "4262.65900", "2012-06-30": "4218.15300", "2012-03-31": "4512.54100", "2011-12-31": "4588.22600", "2011-09-30": "4672.43700", "2011-06-30": "4755.77800", "2011-03-31": "4790.50900", "2010-12-31": "4807.85500", "2010-09-30": "4810.08100", "2010-06-30": "4797.34500", "2010-03-31": "4763.76100", "2009-12-31": "4890.38500", "2009-09-30": "5037.29800", "2009-06-30": "5083.66300", "2009-03-31": "5112.52400", "2008-12-31": "5114.21200", "2008-09-30": "5120.65700", "2008-06-30": "5074.44400", "2008-03-31": "5043.68500", "2007-12-31": "4993.34300", "2007-09-30": "4884.42200", "2007-06-30": "4624.15200", "2007-03-31": "4517.99700", "2006-12-31": "4373.88700", "2006-09-30": "4429.17100", "2006-06-30": "3897.98800", "2006-03-31": "3782.26800", "2005-12-31": "3737.74100", "2005-09-30": "3667.40000", "2005-06-30": "3628.97200", "2005-03-31": "3479.90300"}, "Total Current Liabilities": {"2020-09-30": "132.67000", "2020-06-30": "97.77600", "2020-03-31": "84.21200", "2019-12-31": "111.66600", "2019-09-30": "124.05900", "2019-06-30": "95.29600", "2019-03-31": "79.45900", "2018-12-31": "113.17500", "2018-09-30": "111.69100", "2018-06-30": "99.89000", "2018-03-31": "88.02400", "2017-12-31": "116.46300", "2017-09-30": "119.09400", "2017-06-30": "104.39300", "2017-03-31": "90.72800", "2016-12-31": "116.85900", "2016-09-30": "126.05600", "2016-06-30": "102.85000", "2016-03-31": "88.73800", "2015-12-31": "112.20500", "2015-09-30": "112.53200", "2015-06-30": "97.04500", "2015-03-31": "88.47400", "2014-12-31": "112.47900", "2014-09-30": "102.69200", "2014-06-30": "100.20300", "2014-03-31": "82.38500", "2013-12-31": "108.53500", "2013-09-30": "116.98500", "2013-06-30": "107.17300", "2013-03-31": "87.94700", "2012-12-31": "119.69900", "2012-09-30": "117.95600", "2012-06-30": "114.66000", "2012-03-31": "95.43600", "2011-12-31": "124.88800", "2011-09-30": "117.30700", "2011-06-30": "108.92900", "2011-03-31": "80.27400", "2010-12-31": "126.76700", "2010-09-30": "121.37500", "2010-06-30": "120.57500", "2010-03-31": "91.33100", "2009-12-31": "137.72700", "2009-09-30": "152.02200", "2009-06-30": "213.91500", "2009-03-31": "145.84600", "2008-12-31": "179.43200", "2008-09-30": "165.25000", "2008-06-30": "160.22300", "2008-03-31": "117.11100", "2007-12-31": "155.13700", "2007-09-30": "139.49600", "2007-06-30": "138.16100", "2007-03-31": "91.20300", "2006-12-31": "132.82100", "2006-09-30": "110.55300", "2006-06-30": "100.05900", "2006-03-31": "69.54600", "2005-12-31": "102.14300", "2005-09-30": "90.49200", "2005-06-30": "93.44700", "2005-03-31": "65.09700"}, "Long Term Debt": {"2020-09-30": "1730.15300", "2020-06-30": "1743.19400", "2020-03-31": "2229.19300", "2019-12-31": "1732.33800", "2019-09-30": "1736.80300", "2019-06-30": "1787.40000", "2019-03-31": "1788.55100", "2018-12-31": "1794.68400", "2018-09-30": "1793.12800", "2018-06-30": "1827.18100", "2018-03-31": "1928.57000", "2017-12-31": "2081.15200", "2017-09-30": "2214.31900", "2017-06-30": "2291.47400", "2017-03-31": "2323.44700", "2016-12-31": "2356.52800", "2016-09-30": "2320.84700", "2016-06-30": "2052.23600", "2016-03-31": "2189.32400", "2015-12-31": "2113.27700", "2015-09-30": "2114.14500", "2015-06-30": "2087.95700", "2015-03-31": "1940.89700", "2014-12-31": "1930.00900", "2014-09-30": "2007.75500", "2014-06-30": "2073.46500", "2014-03-31": "2096.06700", "2013-12-31": "2299.84400", "2013-09-30": "2293.89800", "2013-06-30": "2350.76200", "2013-03-31": "2323.62000", "2012-12-31": "2204.03000", "2012-09-30": "2227.41900", "2012-06-30": "2194.68500", "2012-03-31": "2497.56100", "2011-12-31": "2531.83700", "2011-09-30": "2605.73700", "2011-06-30": "2615.97600", "2011-03-31": "2644.87500", "2010-12-31": "2589.44800", "2010-09-30": "2574.84500", "2010-06-30": "2544.60700", "2010-03-31": "2480.61600", "2009-12-31": "2531.84700", "2009-09-30": "2724.88800", "2009-06-30": "2659.14700", "2009-03-31": "3169.70000", "2008-12-31": "3148.63600", "2008-09-30": "3318.32700", "2008-06-30": "3187.62200", "2008-03-31": "3214.65600", "2007-12-31": "3165.05900", "2007-09-30": "3055.54500", "2007-06-30": "2893.90700", "2007-03-31": "2890.83100", "2006-12-31": "2941.03900", "2006-09-30": "2991.30700", "2006-06-30": "2373.39900", "2006-03-31": "2351.34900", "2005-12-31": "2299.85500", "2005-09-30": "2246.58300", "2005-06-30": "2221.55400", "2005-03-31": "2155.70300"}, "Other Non-Current Liabilities": {"2020-09-30": "209.49500", "2020-06-30": "210.50700", "2020-03-31": "205.13800", "2019-12-31": "217.77000", "2019-09-30": "199.25100", "2019-06-30": "210.10800", "2019-03-31": "209.21900", "2018-12-31": "168.40300", "2018-09-30": "169.58700", "2018-06-30": "173.91700", "2018-03-31": "186.22900", "2017-12-31": "189.18200", "2017-09-30": "194.41800", "2017-06-30": "190.78500", "2017-03-31": "191.05300", "2016-12-31": "236.64500", "2016-09-30": "241.37400", "2016-06-30": "208.13500", "2016-03-31": "133.18800", "2015-12-31": "131.45300", "2015-09-30": "131.29600", "2015-06-30": "128.87300", "2015-03-31": "132.11000", "2014-12-31": "124.48400", "2014-09-30": "123.52900", "2014-06-30": "122.72000", "2014-03-31": "120.78900", "2013-12-31": "127.57200", "2013-09-30": "113.37500", "2013-06-30": "110.02900", "2013-03-31": "111.66100", "2012-12-31": "120.90000", "2012-09-30": "120.43300", "2012-06-30": "111.53900", "2012-03-31": "115.28500", "2011-12-31": "107.91900", "2011-09-30": "106.67100", "2011-06-30": "109.28700", "2011-03-31": "107.78200", "2010-12-31": "111.38300", "2010-09-30": "103.23100", "2010-06-30": "100.66400", "2010-03-31": "106.90100", "2009-12-31": "114.15500", "2009-09-30": "98.79100", "2009-06-30": "92.34000", "2009-03-31": "90.25700", "2008-12-31": "131.46100", "2008-09-30": "88.82200", "2008-06-30": "88.86000", "2008-03-31": "99.75400", "2007-12-31": "104.43900", "2007-09-30": "85.90600", "2007-06-30": "123.18300", "2007-03-31": "123.99000", "2006-12-31": "86.56600", "2006-09-30": "127.65400", "2006-06-30": "120.81500", "2006-03-31": "112.11400", "2005-12-31": "102.09900", "2005-09-30": "102.10800", "2005-06-30": "104.53800", "2005-03-31": "83.40800"}, "Total Long Term Liabilities": {"2020-09-30": "1939.64800", "2020-06-30": "1953.70100", "2020-03-31": "2434.33100", "2019-12-31": "1950.10800", "2019-09-30": "1936.05400", "2019-06-30": "1997.50800", "2019-03-31": "1997.77000", "2018-12-31": "1963.08700", "2018-09-30": "1962.71500", "2018-06-30": "2001.09800", "2018-03-31": "2114.79900", "2017-12-31": "2270.33400", "2017-09-30": "2408.73700", "2017-06-30": "2482.25900", "2017-03-31": "2514.50000", "2016-12-31": "2593.17300", "2016-09-30": "2562.22100", "2016-06-30": "2260.37100", "2016-03-31": "2322.51200", "2015-12-31": "2244.73000", "2015-09-30": "2245.44100", "2015-06-30": "2216.83000", "2015-03-31": "2073.00700", "2014-12-31": "2054.49300", "2014-09-30": "2131.28400", "2014-06-30": "2196.18500", "2014-03-31": "2216.85600", "2013-12-31": "2427.41600", "2013-09-30": "2407.27300", "2013-06-30": "2460.79100", "2013-03-31": "2435.28100", "2012-12-31": "2324.93000", "2012-09-30": "2347.85200", "2012-06-30": "2306.22400", "2012-03-31": "2612.84600", "2011-12-31": "2639.75600", "2011-09-30": "2712.40800", "2011-06-30": "2725.26300", "2011-03-31": "2752.65700", "2010-12-31": "2700.83100", "2010-09-30": "2678.07600", "2010-06-30": "2645.27100", "2010-03-31": "2587.51700", "2009-12-31": "2646.00200", "2009-09-30": "2823.67900", "2009-06-30": "2751.48700", "2009-03-31": "3300.95700", "2008-12-31": "3280.09700", "2008-09-30": "3565.67900", "2008-06-30": "3434.97100", "2008-03-31": "3474.85900", "2007-12-31": "3366.38300", "2007-09-30": "3238.16100", "2007-06-30": "3113.16100", "2007-03-31": "3087.01800", "2006-12-31": "3115.28500", "2006-09-30": "3209.40700", "2006-06-30": "2579.12700", "2006-03-31": "2545.49200", "2005-12-31": "2485.31200", "2005-09-30": "2433.72600", "2005-06-30": "2412.46200", "2005-03-31": "2322.03800"}, "Total Liabilities": {"2020-09-30": "2072.31800", "2020-06-30": "2051.47700", "2020-03-31": "2518.54300", "2019-12-31": "2061.77400", "2019-09-30": "2060.11300", "2019-06-30": "2092.80400", "2019-03-31": "2077.22900", "2018-12-31": "2076.26200", "2018-09-30": "2074.40600", "2018-06-30": "2100.98800", "2018-03-31": "2202.82300", "2017-12-31": "2386.79700", "2017-09-30": "2527.83100", "2017-06-30": "2586.65200", "2017-03-31": "2605.22800", "2016-12-31": "2710.03200", "2016-09-30": "2688.27700", "2016-06-30": "2363.22100", "2016-03-31": "2411.25000", "2015-12-31": "2356.93500", "2015-09-30": "2357.97300", "2015-06-30": "2313.87500", "2015-03-31": "2161.48100", "2014-12-31": "2166.97200", "2014-09-30": "2233.97600", "2014-06-30": "2296.38800", "2014-03-31": "2299.24100", "2013-12-31": "2535.95100", "2013-09-30": "2524.25800", "2013-06-30": "2567.96400", "2013-03-31": "2523.22800", "2012-12-31": "2444.62900", "2012-09-30": "2465.80800", "2012-06-30": "2420.88400", "2012-03-31": "2708.28200", "2011-12-31": "2764.64400", "2011-09-30": "2829.71500", "2011-06-30": "2834.19200", "2011-03-31": "2832.93100", "2010-12-31": "2827.59800", "2010-09-30": "2799.45100", "2010-06-30": "2765.84600", "2010-03-31": "2678.84800", "2009-12-31": "2783.72900", "2009-09-30": "2975.70100", "2009-06-30": "2965.40200", "2009-03-31": "3446.80300", "2008-12-31": "3459.52900", "2008-09-30": "3730.92900", "2008-06-30": "3595.19400", "2008-03-31": "3591.97000", "2007-12-31": "3521.52000", "2007-09-30": "3377.65700", "2007-06-30": "3251.32200", "2007-03-31": "3178.22100", "2006-12-31": "3248.10600", "2006-09-30": "3319.96000", "2006-06-30": "2679.18600", "2006-03-31": "2615.03800", "2005-12-31": "2587.45500", "2005-09-30": "2524.21800", "2005-06-30": "2505.90900", "2005-03-31": "2387.13500"}, "Common Stock Net": {"2020-09-30": "3.89100", "2020-06-30": "3.89000", "2020-03-31": "3.89000", "2019-12-31": "3.90500", "2019-09-30": "3.90400", "2019-06-30": "3.90400", "2019-03-31": "3.90300", "2018-12-31": "3.89300", "2018-09-30": "3.89300", "2018-06-30": "3.88600", "2018-03-31": "3.89500", "2017-12-31": "3.89700", "2017-09-30": "3.89600", "2017-06-30": "3.89600", "2017-03-31": "3.89500", "2016-12-31": "3.88500", "2016-09-30": "3.88500", "2016-06-30": "3.87800", "2016-03-31": "3.78500", "2015-12-31": "3.74400", "2015-09-30": "3.74400", "2015-06-30": "3.74400", "2015-03-31": "3.73300", "2014-12-31": "3.70000", "2014-09-30": "3.69300", "2014-06-30": "3.69100", "2014-03-31": "3.69000", "2013-12-31": "3.68300", "2013-09-30": "3.68300", "2013-06-30": "3.68300", "2013-03-31": "3.67100", "2012-12-31": "3.66300", "2012-09-30": "3.65800", "2012-06-30": "3.65300", "2012-03-31": "3.64900", "2011-12-31": "3.64100", "2011-09-30": "3.64100", "2011-06-30": "3.64000", "2011-03-31": "3.63600", "2010-12-31": "3.63000", "2010-09-30": "3.62500", "2010-06-30": "3.62400", "2010-03-31": "3.61700", "2009-12-31": "3.61500", "2009-09-30": "3.60500", "2009-06-30": "3.60400", "2009-03-31": "2.63400", "2008-12-31": "2.62500", "2008-09-30": "2.53300", "2008-06-30": "2.53100", "2008-03-31": "2.52800", "2007-12-31": "2.56500", "2007-09-30": "2.56300", "2007-06-30": "2.60400", "2007-03-31": "2.60400", "2006-12-31": "2.58200", "2006-09-30": "2.57600", "2006-06-30": "2.70000", "2006-03-31": "2.69800", "2005-12-31": "2.68600", "2005-09-30": "2.68300", "2005-06-30": "2.67700", "2005-03-31": "2.67400"}, "Retained Earnings (Accumulated Deficit)": {"2020-09-30": "-106.05100", "2020-06-30": "-85.00800", "2020-03-31": "-73.31700", "2019-12-31": "-74.29300", "2019-09-30": "-98.68100", "2019-06-30": "-154.59700", "2019-03-31": "-187.58100", "2018-12-31": "-186.43100", "2018-09-30": "-15.58400", "2018-06-30": "-7.87800", "2018-03-31": "-35.58000", "2017-12-31": "", "2017-09-30": "-159.24500", "2017-06-30": "-182.43200", "2017-03-31": "-196.84400", "2016-12-31": "-177.64700", "2016-09-30": "-178.80900", "2016-06-30": "-186.13600", "2016-03-31": "-161.18400", "2015-12-31": "-222.88000", "2015-09-30": "-227.39300", "2015-06-30": "-228.03400", "2015-03-31": "-210.49900", "2014-12-31": "-212.96000", "2014-09-30": "-228.80200", "2014-06-30": "-286.68500", "2014-03-31": "-279.64700", "2013-12-31": "-300.53700", "2013-09-30": "-310.56800", "2013-06-30": "-331.20800", "2013-03-31": "-339.43900", "2012-12-31": "-335.98000", "2012-09-30": "-343.68800", "2012-06-30": "-339.90400", "2012-03-31": "-327.29600", "2011-12-31": "-304.50400", "2011-09-30": "-293.44600", "2011-06-30": "-218.12600", "2011-03-31": "-177.73100", "2010-12-31": "-151.78000", "2010-09-30": "-117.85000", "2010-06-30": "-95.20700", "2010-03-31": "-58.34100", "2009-12-31": "-37.35000", "2009-09-30": "-80.01500", "2009-06-30": "-40.68400", "2009-03-31": "-49.98700", "2008-12-31": "-37.24500", "2008-09-30": "35.30000", "2008-06-30": "50.36300", "2008-03-31": "27.45900", "2007-12-31": "42.73900", "2007-09-30": "26.47900", "2007-06-30": "30.30100", "2007-03-31": "3.09100", "2006-12-31": "-0.78600", "2006-09-30": "-12.83900", "2006-06-30": "-76.32100", "2006-03-31": "-122.35100", "2005-12-31": "-132.78600", "2005-09-30": "-142.33100", "2005-06-30": "-161.99400", "2005-03-31": "-190.42400"}, "Comprehensive Income": {"2020-09-30": "-11.15400", "2020-06-30": "-11.15800", "2020-03-31": "-11.20700", "2019-12-31": "-11.28300", "2019-09-30": "-10.32000", "2019-06-30": "-10.40200", "2019-03-31": "-10.48000", "2018-12-31": "-10.54900", "2018-09-30": "-9.50700", "2018-06-30": "-9.60800", "2018-03-31": "-9.69400", "2017-12-31": "-6.17000", "2017-09-30": "-7.32700", "2017-06-30": "-7.90100", "2017-03-31": "-7.95800", "2016-12-31": "-9.16100", "2016-09-30": "-12.25100", "2016-06-30": "-14.63300", "2016-03-31": "-11.30900", "2015-12-31": "-7.64400", "2015-09-30": "-9.02900", "2015-06-30": "-5.54300", "2015-03-31": "-12.95900", "2014-12-31": "-12.43600", "2014-09-30": "-2.37800", "2014-06-30": "-2.91200", "2014-03-31": "-3.62100", "2013-12-31": "-4.20200", "2013-09-30": "-15.14700", "2013-06-30": "-15.66400", "2013-03-31": "-25.82900", "2012-12-31": "-24.74300", "2012-09-30": "-25.93900", "2012-06-30": "-26.55400", "2012-03-31": "-27.06800", "2011-12-31": "-27.74300", "2011-09-30": "-20.71400", "2011-06-30": "-20.82600", "2011-03-31": "-21.04400", "2010-12-31": "-21.77400", "2010-09-30": "-22.27300", "2010-06-30": "-22.63000", "2010-03-31": "-23.24900", "2009-12-31": "-23.95800", "2009-09-30": "-27.81400", "2009-06-30": "-28.43400", "2009-03-31": "-29.05700", "2008-12-31": "-29.67600", "2008-09-30": "-21.21000", "2008-06-30": "-21.81500", "2008-03-31": "-22.46000", "2007-12-31": "-15.47500", "2007-09-30": "-11.58800", "2007-06-30": "-7.56400", "2007-03-31": "-12.25600", "2006-12-31": "-12.50000", "2006-09-30": "-9.70600", "2006-06-30": "-1.40700", "2006-03-31": "-4.21300", "2005-12-31": "-8.05000", "2005-09-30": "-4.48800", "2005-06-30": "-4.57400", "2005-03-31": "-4.65900"}, "Other Share Holders Equity": {"2020-09-30": "", "2020-06-30": "", "2020-03-31": "", "2019-12-31": "", "2019-09-30": "", "2019-06-30": "", "2019-03-31": "", "2018-12-31": "", "2018-09-30": "", "2018-06-30": "", "2018-03-31": "", "2017-12-31": "", "2017-09-30": "", "2017-06-30": "", "2017-03-31": "", "2016-12-31": "", "2016-09-30": "", "2016-06-30": "", "2016-03-31": "", "2015-12-31": "", "2015-09-30": "", "2015-06-30": "", "2015-03-31": "", "2014-12-31": "", "2014-09-30": "", "2014-06-30": "", "2014-03-31": "", "2013-12-31": "", "2013-09-30": "", "2013-06-30": "", "2013-03-31": "", "2012-12-31": "", "2012-09-30": "", "2012-06-30": "", "2012-03-31": "", "2011-12-31": "", "2011-09-30": "", "2011-06-30": "", "2011-03-31": "", "2010-12-31": "", "2010-09-30": "", "2010-06-30": "", "2010-03-31": "", "2009-12-31": "", "2009-09-30": "", "2009-06-30": "", "2009-03-31": "", "2008-12-31": "", "2008-09-30": "", "2008-06-30": "", "2008-03-31": "", "2007-12-31": "", "2007-09-30": "", "2007-06-30": "", "2007-03-31": "", "2006-12-31": "", "2006-09-30": "", "2006-06-30": "", "2006-03-31": "", "2005-12-31": "", "2005-09-30": "", "2005-06-30": "", "2005-03-31": ""}, "Share Holder Equity": {"2020-09-30": "1837.82900", "2020-06-30": "1855.73200", "2020-03-31": "1866.24500", "2019-12-31": "1876.16000", "2019-09-30": "1852.47700", "2019-06-30": "1794.85000", "2019-03-31": "1760.43400", "2018-12-31": "1750.69900", "2018-09-30": "1922.72100", "2018-06-30": "1923.99400", "2018-03-31": "1906.34300", "2017-12-31": "1809.84200", "2017-09-30": "1785.35900", "2017-06-30": "1760.10500", "2017-03-31": "1746.86300", "2016-12-31": "1716.89600", "2016-09-30": "1694.51100", "2016-06-30": "1669.70600", "2016-03-31": "1622.59000", "2015-12-31": "1545.01000", "2015-09-30": "1537.36400", "2015-06-30": "1536.90300", "2015-03-31": "1675.52800", "2014-12-31": "1638.94300", "2014-09-30": "1627.24800", "2014-06-30": "1567.01300", "2014-03-31": "1569.93100", "2013-12-31": "1687.97800", "2013-09-30": "1594.28900", "2013-06-30": "1551.35000", "2013-03-31": "1667.74000", "2012-12-31": "1740.15500", "2012-09-30": "1796.85100", "2012-06-30": "1797.26900", "2012-03-31": "1804.25900", "2011-12-31": "1823.58200", "2011-09-30": "1842.72200", "2011-06-30": "1921.58600", "2011-03-31": "1957.57800", "2010-12-31": "1980.25700", "2010-09-30": "2010.63000", "2010-06-30": "2031.49900", "2010-03-31": "2084.91300", "2009-12-31": "2106.65600", "2009-09-30": "2061.59700", "2009-06-30": "2118.26100", "2009-03-31": "1665.72100", "2008-12-31": "1654.68300", "2008-09-30": "1389.72800", "2008-06-30": "1479.25000", "2008-03-31": "1451.71500", "2007-12-31": "1471.82300", "2007-09-30": "1506.76500", "2007-06-30": "1372.83000", "2007-03-31": "1339.77600", "2006-12-31": "1125.78100", "2006-09-30": "1109.21100", "2006-06-30": "1218.80200", "2006-03-31": "1167.23000", "2005-12-31": "1150.28600", "2005-09-30": "1143.18200", "2005-06-30": "1123.06300", "2005-03-31": "1092.76800"}, "Total Liabilities And Share Holders Equity": {"2020-09-30": "3910.14700", "2020-06-30": "3907.20900", "2020-03-31": "4384.78800", "2019-12-31": "3937.93400", "2019-09-30": "3912.59000", "2019-06-30": "3887.65400", "2019-03-31": "3837.66300", "2018-12-31": "3826.96100", "2018-09-30": "3997.12700", "2018-06-30": "4024.98200", "2018-03-31": "4109.16600", "2017-12-31": "4196.63900", "2017-09-30": "4313.19000", "2017-06-30": "4346.75700", "2017-03-31": "4352.09100", "2016-12-31": "4426.92800", "2016-09-30": "4382.78800", "2016-06-30": "4032.92700", "2016-03-31": "4033.84000", "2015-12-31": "3901.94500", "2015-09-30": "3895.33700", "2015-06-30": "3850.77800", "2015-03-31": "3837.00900", "2014-12-31": "3805.91500", "2014-09-30": "3861.22400", "2014-06-30": "3863.40100", "2014-03-31": "3869.17200", "2013-12-31": "4223.92900", "2013-09-30": "4118.54700", "2013-06-30": "4119.31400", "2013-03-31": "4190.96800", "2012-12-31": "4184.78400", "2012-09-30": "4262.65900", "2012-06-30": "4218.15300", "2012-03-31": "4512.54100", "2011-12-31": "4588.22600", "2011-09-30": "4672.43700", "2011-06-30": "4755.77800", "2011-03-31": "4790.50900", "2010-12-31": "4807.85500", "2010-09-30": "4810.08100", "2010-06-30": "4797.34500", "2010-03-31": "4763.76100", "2009-12-31": "4890.38500", "2009-09-30": "5037.29800", "2009-06-30": "5083.66300", "2009-03-31": "5112.52400", "2008-12-31": "5114.21200", "2008-09-30": "5120.65700", "2008-06-30": "5074.44400", "2008-03-31": "5043.68500", "2007-12-31": "4993.34300", "2007-09-30": "4884.42200", "2007-06-30": "4624.15200", "2007-03-31": "4517.99700", "2006-12-31": "4373.88700", "2006-09-30": "4429.17100", "2006-06-30": "3897.98800", "2006-03-31": "3782.26800", "2005-12-31": "3737.74100", "2005-09-30": "3667.40000", "2005-06-30": "3628.97200", "2005-03-31": "3479.90300"}}, "cash flow statement": {"Net Income/Loss": {"2019-12-31": "322.57500", "2018-12-31": "345.34300", "2017-12-31": "350.71500", "2016-12-31": "276.83100", "2015-12-31": "181.22200", "2014-12-31": "307.57900", "2013-12-31": "265.15600", "2012-12-31": "152.42100", "2011-12-31": "16.73900", "2010-12-31": "51.23800", "2009-12-31": "175.27600", "2008-12-31": "154.59500", "2007-12-31": "240.33800", "2006-12-31": "305.01000", "2005-12-31": "219.65300"}, "Total Depreciation And Amortization - Cash Flow": {"2019-12-31": "138.86800", "2018-12-31": "164.98400", "2017-12-31": "169.89100", "2016-12-31": "165.09700", "2015-12-31": "148.59000", "2014-12-31": "154.25700", "2013-12-31": "150.14700", "2012-12-31": "147.25100", "2011-12-31": "162.50500", "2010-12-31": "156.12400", "2009-12-31": "157.97100", "2008-12-31": "171.39000", "2007-12-31": "147.12800", "2006-12-31": "131.99200", "2005-12-31": "128.57300"}, "Other Non-Cash Items": {"2019-12-31": "-189.28500", "2018-12-31": "-203.21000", "2017-12-31": "-229.10700", "2016-12-31": "-168.43100", "2015-12-31": "-78.43100", "2014-12-31": "-209.82500", "2013-12-31": "-182.43400", "2012-12-31": "-65.56000", "2011-12-31": "53.71500", "2010-12-31": "19.19800", "2009-12-31": "-88.90100", "2008-12-31": "-36.35400", "2007-12-31": "-117.73200", "2006-12-31": "-180.87000", "2005-12-31": "-86.58700"}, "Total Non-Cash Items": {"2019-12-31": "-50.41700", "2018-12-31": "-38.22600", "2017-12-31": "-59.21600", "2016-12-31": "-3.33400", "2015-12-31": "70.15900", "2014-12-31": "-55.56800", "2013-12-31": "-32.28700", "2012-12-31": "81.69100", "2011-12-31": "216.22000", "2010-12-31": "175.32200", "2009-12-31": "69.07000", "2008-12-31": "135.03600", "2007-12-31": "29.39600", "2006-12-31": "-48.87800", "2005-12-31": "41.98600"}, "Change In Accounts Receivable": {"2019-12-31": "10.00100", "2018-12-31": "-2.80700", "2017-12-31": "-18.96400", "2016-12-31": "-14.48800", "2015-12-31": "-8.88400", "2014-12-31": "-3.49400", "2013-12-31": "-4.60600", "2012-12-31": "0.08200", "2011-12-31": "6.66200", "2010-12-31": "-2.89800", "2009-12-31": "-0.56800", "2008-12-31": "-11.25500", "2007-12-31": "-22.27600", "2006-12-31": "-18.05600", "2005-12-31": "-3.28100"}, "Change In Inventories": {"2019-12-31": "", "2018-12-31": "", "2017-12-31": "", "2016-12-31": "", "2015-12-31": "", "2014-12-31": "", "2013-12-31": "", "2012-12-31": "", "2011-12-31": "", "2010-12-31": "", "2009-12-31": "", "2008-12-31": "", "2007-12-31": "", "2006-12-31": "", "2005-12-31": ""}, "Change In Accounts Payable": {"2019-12-31": "", "2018-12-31": "", "2017-12-31": "", "2016-12-31": "", "2015-12-31": "", "2014-12-31": "", "2013-12-31": "", "2012-12-31": "", "2011-12-31": "", "2010-12-31": "", "2009-12-31": "", "2008-12-31": "", "2007-12-31": "", "2006-12-31": "", "2005-12-31": ""}, "Change In Assets/Liabilities": {"2019-12-31": "-14.29800", "2018-12-31": "-8.63200", "2017-12-31": "-13.29900", "2016-12-31": "-16.90000", "2015-12-31": "-14.61700", "2014-12-31": "-16.29900", "2013-12-31": "-19.58700", "2012-12-31": "-19.00800", "2011-12-31": "-22.48200", "2010-12-31": "-16.22500", "2009-12-31": "-10.30900", "2008-12-31": "-29.66900", "2007-12-31": "-31.34900", "2006-12-31": "-37.60700", "2005-12-31": "-30.76900"}, "Total Change In Assets/Liabilities": {"2019-12-31": "-5.27200", "2018-12-31": "-13.75400", "2017-12-31": "-27.29300", "2016-12-31": "-22.42500", "2015-12-31": "-17.53000", "2014-12-31": "-16.90300", "2013-12-31": "-5.77300", "2012-12-31": "-19.80400", "2011-12-31": "-29.34500", "2010-12-31": "-22.99800", "2009-12-31": "-10.73000", "2008-12-31": "-77.32100", "2007-12-31": "-48.77300", "2006-12-31": "-12.02200", "2005-12-31": "-62.01400"}, "Cash Flow From Operating Activities": {"2019-12-31": "270.05000", "2018-12-31": "285.96000", "2017-12-31": "269.75800", "2016-12-31": "252.41100", "2015-12-31": "245.43500", "2014-12-31": "240.76900", "2013-12-31": "233.99200", "2012-12-31": "227.33000", "2011-12-31": "214.73100", "2010-12-31": "214.62500", "2009-12-31": "244.31600", "2008-12-31": "220.15000", "2007-12-31": "223.30900", "2006-12-31": "242.59200", "2005-12-31": "200.52500"}, "Net Change In Property, Plant, And Equipment": {"2019-12-31": "-183.18800", "2018-12-31": "-155.52800", "2017-12-31": "-133.33600", "2016-12-31": "-101.17900", "2015-12-31": "-83.70200", "2014-12-31": "-100.92600", "2013-12-31": "-76.99200", "2012-12-31": "-95.74300", "2011-12-31": "-94.10800", "2010-12-31": "-80.87000", "2009-12-31": "", "2008-12-31": "", "2007-12-31": "", "2006-12-31": "", "2005-12-31": ""}, "Net Change In Intangible Assets": {"2019-12-31": "", "2018-12-31": "", "2017-12-31": "", "2016-12-31": "", "2015-12-31": "", "2014-12-31": "", "2013-12-31": "", "2012-12-31": "", "2011-12-31": "", "2010-12-31": "", "2009-12-31": "", "2008-12-31": "", "2007-12-31": "", "2006-12-31": "", "2005-12-31": ""}, "Net Acquisitions/Divestitures": {"2019-12-31": "-218.84900", "2018-12-31": "-1.26500", "2017-12-31": "-1.90200", "2016-12-31": "-500.42100", "2015-12-31": "-221.77900", "2014-12-31": "-43.58700", "2013-12-31": "-105.76500", "2012-12-31": "-198.17100", "2011-12-31": "-49.88000", "2010-12-31": "-62.10200", "2009-12-31": "", "2008-12-31": "", "2007-12-31": "", "2006-12-31": "", "2005-12-31": ""}, "Net Change In Short-term Investments": {"2019-12-31": "", "2018-12-31": "", "2017-12-31": "", "2016-12-31": "", "2015-12-31": "", "2014-12-31": "", "2013-12-31": "", "2012-12-31": "", "2011-12-31": "", "2010-12-31": "", "2009-12-31": "", "2008-12-31": "", "2007-12-31": "341.38300", "2006-12-31": "", "2005-12-31": ""}, "Net Change In Long-Term Investments": {"2019-12-31": "383.57400", "2018-12-31": "577.82600", "2017-12-31": "428.05100", "2016-12-31": "230.34200", "2015-12-31": "108.05400", "2014-12-31": "426.04900", "2013-12-31": "257.56000", "2012-12-31": "626.27500", "2011-12-31": "128.27600", "2010-12-31": "6.98900", "2009-12-31": "249.89100", "2008-12-31": "-14.26900", "2007-12-31": "-815.46100", "2006-12-31": "-227.76600", "2005-12-31": "-81.64900"}, "Net Change In Investments - Total": {"2019-12-31": "383.57400", "2018-12-31": "577.82600", "2017-12-31": "428.05100", "2016-12-31": "230.34200", "2015-12-31": "108.05400", "2014-12-31": "426.04900", "2013-12-31": "257.56000", "2012-12-31": "626.27500", "2011-12-31": "128.27600", "2010-12-31": "6.98900", "2009-12-31": "249.89100", "2008-12-31": "-14.26900", "2007-12-31": "-474.07800", "2006-12-31": "-227.76600", "2005-12-31": "-81.64900"}, "Investing Activities - Other": {"2019-12-31": "2.43700", "2018-12-31": "11.92100", "2017-12-31": "6.17900", "2016-12-31": "5.08600", "2015-12-31": "0.29500", "2014-12-31": "-63.45900", "2013-12-31": "59.85100", "2012-12-31": "37.94700", "2011-12-31": "11.96700", "2010-12-31": "14.56200", "2009-12-31": "-58.01900", "2008-12-31": "-101.12200", "2007-12-31": "-6.55200", "2006-12-31": "-86.92000", "2005-12-31": "-23.81000"}, "Cash Flow From Investing Activities": {"2019-12-31": "-16.02600", "2018-12-31": "432.95400", "2017-12-31": "298.99200", "2016-12-31": "-366.17200", "2015-12-31": "-197.13200", "2014-12-31": "218.07700", "2013-12-31": "134.65400", "2012-12-31": "370.30800", "2011-12-31": "-3.74500", "2010-12-31": "-121.42100", "2009-12-31": "191.87200", "2008-12-31": "-115.39100", "2007-12-31": "-480.63000", "2006-12-31": "-314.68600", "2005-12-31": "-105.45900"}, "Net Long-Term Debt": {"2019-12-31": "-60.55600", "2018-12-31": "-251.39000", "2017-12-31": "-273.72300", "2016-12-31": "200.71100", "2015-12-31": "168.07800", "2014-12-31": "-315.49700", "2013-12-31": "57.91300", "2012-12-31": "-238.34000", "2011-12-31": "-34.51000", "2010-12-31": "-59.38600", "2009-12-31": "-210.75000", "2008-12-31": "-38.84200", "2007-12-31": "-56.32700", "2006-12-31": "453.18100", "2005-12-31": "65.53700"}, "Net Current Debt": {"2019-12-31": "", "2018-12-31": "", "2017-12-31": "", "2016-12-31": "", "2015-12-31": "", "2014-12-31": "", "2013-12-31": "", "2012-12-31": "", "2011-12-31": "", "2010-12-31": "", "2009-12-31": "", "2008-12-31": "", "2007-12-31": "", "2006-12-31": "", "2005-12-31": ""}, "Debt Issuance/Retirement Net - Total": {"2019-12-31": "-60.55600", "2018-12-31": "-251.39000", "2017-12-31": "-273.72300", "2016-12-31": "200.71100", "2015-12-31": "168.07800", "2014-12-31": "-315.49700", "2013-12-31": "57.91300", "2012-12-31": "-238.34000", "2011-12-31": "-34.51000", "2010-12-31": "-59.38600", "2009-12-31": "-210.75000", "2008-12-31": "-38.84200", "2007-12-31": "-56.32700", "2006-12-31": "453.18100", "2005-12-31": "65.53700"}, "Net Common Equity Issued/Repurchased": {"2019-12-31": "1.09800", "2018-12-31": "-11.80400", "2017-12-31": "1.58800", "2016-12-31": "137.46000", "2015-12-31": "42.57200", "2014-12-31": "7.98700", "2013-12-31": "5.96800", "2012-12-31": "-64.23300", "2011-12-31": "3.99900", "2010-12-31": "3.12200", "2009-12-31": "439.27200", "2008-12-31": "101.01600", "2007-12-31": "-99.35600", "2006-12-31": "-163.00300", "2005-12-31": "2.82900"}, "Net Total Equity Issued/Repurchased": {"2019-12-31": "1.09800", "2018-12-31": "-11.80400", "2017-12-31": "1.58800", "2016-12-31": "137.46000", "2015-12-31": "-107.42800", "2014-12-31": "7.98700", "2013-12-31": "-269.03200", "2012-12-31": "-64.23300", "2011-12-31": "3.99900", "2010-12-31": "3.12200", "2009-12-31": "439.27200", "2008-12-31": "23.08300", "2007-12-31": "288.32200", "2006-12-31": "-163.00300", "2005-12-31": "2.82900"}, "Total Common And Preferred Stock Dividends Paid": {"2019-12-31": "-203.29700", "2018-12-31": "-382.46400", "2017-12-31": "-294.07300", "2016-12-31": "-185.10000", "2015-12-31": "-174.62800", "2014-12-31": "-199.34300", "2013-12-31": "-165.90000", "2012-12-31": "-173.20200", "2011-12-31": "-165.72100", "2010-12-31": "-158.01200", "2009-12-31": "-168.58300", "2008-12-31": "-213.56900", "2007-12-31": "-194.49200", "2006-12-31": "-173.01000", "2005-12-31": "-167.19600"}, "Financial Activities - Other": {"2019-12-31": "-12.11500", "2018-12-31": "-18.45300", "2017-12-31": "-22.48700", "2016-12-31": "-23.27300", "2015-12-31": "-12.27000", "2014-12-31": "-20.38000", "2013-12-31": "80.34500", "2012-12-31": "-115.90100", "2011-12-31": "-24.97100", "2010-12-31": "-8.65300", "2009-12-31": "-401.48900", "2008-12-31": "117.73800", "2007-12-31": "214.59200", "2006-12-31": "-16.76100", "2005-12-31": "1.03900"}, "Cash Flow From Financial Activities": {"2019-12-31": "-274.87000", "2018-12-31": "-664.11100", "2017-12-31": "-588.69500", "2016-12-31": "129.79800", "2015-12-31": "-126.24800", "2014-12-31": "-527.23300", "2013-12-31": "-296.67400", "2012-12-31": "-591.67600", "2011-12-31": "-221.20300", "2010-12-31": "-222.92900", "2009-12-31": "-341.55000", "2008-12-31": "-111.59000", "2007-12-31": "252.09500", "2006-12-31": "100.40700", "2005-12-31": "-97.79100"}, "Net Cash Flow": {"2019-12-31": "-20.84600", "2018-12-31": "54.80300", "2017-12-31": "-19.94500", "2016-12-31": "16.03700", "2015-12-31": "-77.94500", "2014-12-31": "-68.38700", "2013-12-31": "71.97200", "2012-12-31": "5.96200", "2011-12-31": "-10.21700", "2010-12-31": "-129.72500", "2009-12-31": "94.63800", "2008-12-31": "-6.83100", "2007-12-31": "-5.22600", "2006-12-31": "28.31300", "2005-12-31": "-2.72500"}, "Stock-Based Compensation": {"2019-12-31": "", "2018-12-31": "", "2017-12-31": "", "2016-12-31": "", "2015-12-31": "", "2014-12-31": "", "2013-12-31": "", "2012-12-31": "", "2011-12-31": "", "2010-12-31": "", "2009-12-31": "", "2008-12-31": "", "2007-12-31": "", "2006-12-31": "", "2005-12-31": ""}, "Common Stock Dividends Paid": {"2019-12-31": "-203.29700", "2018-12-31": "-382.46400", "2017-12-31": "-294.07300", "2016-12-31": "-185.10000", "2015-12-31": "-174.62800", "2014-12-31": "-199.34300", "2013-12-31": "-165.90000", "2012-12-31": "-173.20200", "2011-12-31": "-165.72100", "2010-12-31": "-158.01200", "2009-12-31": "-168.58300", "2008-12-31": "-213.56900", "2007-12-31": "-194.49200", "2006-12-31": "-173.01000", "2005-12-31": "-167.19600"}}, "cash flow statement, quarterly": {"Net Income/Loss": {"2020-09-30": 27.461, "2020-06-30": 12.377, "2020-03-31": "54.24800", "2019-12-31": 77.292, "2019-09-30": 108.509, "2019-06-30": 85.52, "2019-03-31": "51.25400", "2018-12-31": 63.229, "2018-09-30": 53.274, "2018-06-30": 79.871, "2018-03-31": "148.96900", "2017-12-31": 170.653, "2017-09-30": 74.473, "2017-06-30": 69.193, "2017-03-31": "36.39600", "2016-12-31": 69.176, "2016-09-30": 61.337, "2016-06-30": 37.651, "2016-03-31": "108.66700", "2015-12-31": 49.026, "2015-09-30": 45.188, "2015-06-30": 37.786, "2015-03-31": "49.22200", "2014-12-31": 103.615, "2014-09-30": 102.199, "2014-06-30": 36.984, "2014-03-31": "64.78100", "2013-12-31": 53.772, "2013-09-30": 62.389, "2013-06-30": 104.178, "2013-03-31": "44.81700", "2012-12-31": 54.975, "2012-09-30": 42.047, "2012-06-30": 32.761, "2012-03-31": "22.63800", "2011-12-31": 32.57, "2011-09-30": -35.958, "2011-06-30": 2.939, "2011-03-31": "17.18800", "2010-12-31": 8.205, "2010-09-30": 19.241, "2010-06-30": 3.67, "2010-03-31": "20.12200", "2009-12-31": 82.775, "2009-09-30": -0.495, "2009-06-30": 49.186, "2009-03-31": "43.81000", "2008-12-31": 1.36, "2008-09-30": 39.425, "2008-06-30": 76.648, "2008-03-31": "37.16200", "2007-12-31": 68.913, "2007-09-30": 44.263, "2007-06-30": 75.777, "2007-03-31": "51.38500", "2006-12-31": 54.386, "2006-09-30": 105.749, "2006-06-30": 90.266, "2006-03-31": "54.60900", "2005-12-31": 51.403, "2005-09-30": 61.483, "2005-06-30": 70.205, "2005-03-31": "36.56200"}, "Total Depreciation And Amortization - Cash Flow": {"2020-09-30": 38.639, "2020-06-30": 38.31, "2020-03-31": "37.36500", "2019-12-31": 34.112, "2019-09-30": 34.19, "2019-06-30": 35.774, "2019-03-31": "34.79200", "2018-12-31": 36.072, "2018-09-30": 38.831, "2018-06-30": 51.205, "2018-03-31": "38.87600", "2017-12-31": 41.671, "2017-09-30": 42.193, "2017-06-30": 42.81, "2017-03-31": "43.21700", "2016-12-31": 43.983, "2016-09-30": 42.712, "2016-06-30": 39.824, "2016-03-31": "38.57800", "2015-12-31": 37.687, "2015-09-30": 36.991, "2015-06-30": 37.105, "2015-03-31": "36.80700", "2014-12-31": 37.097, "2014-09-30": 38.594, "2014-06-30": 37.439, "2014-03-31": "41.12700", "2013-12-31": 42.087, "2013-09-30": 38.2, "2013-06-30": 39.429, "2013-03-31": "30.43100", "2012-12-31": 36.565, "2012-09-30": 37.011, "2012-06-30": 34.561, "2012-03-31": "39.11400", "2011-12-31": 38.6, "2011-09-30": 43.264, "2011-06-30": 41.198, "2011-03-31": "39.44300", "2010-12-31": 40.817, "2010-09-30": 38.712, "2010-06-30": 39.45, "2010-03-31": "37.14500", "2009-12-31": 33.939, "2009-09-30": 39.446, "2009-06-30": 41.987, "2009-03-31": "42.59900", "2008-12-31": 41.358, "2008-09-30": 39.996, "2008-06-30": 43.295, "2008-03-31": "46.74100", "2007-12-31": 46.425, "2007-09-30": 34.227, "2007-06-30": 33.092, "2007-03-31": "33.38400", "2006-12-31": 33.655, "2006-09-30": 32.802, "2006-06-30": 32.863, "2006-03-31": "32.67200", "2005-12-31": 33.643, "2005-09-30": 32.349, "2005-06-30": 31.828, "2005-03-31": "30.75300"}, "Other Non-Cash Items": {"2020-09-30": -10.981, "2020-06-30": 3.876, "2020-03-31": "-25.34300", "2019-12-31": -43.441, "2019-09-30": -74.098, "2019-06-30": -52.299, "2019-03-31": "-19.44700", "2018-12-31": -26.015, "2018-09-30": -18.562, "2018-06-30": -47.71, "2018-03-31": "-110.92300", "2017-12-31": -152.27, "2017-09-30": -40.093, "2017-06-30": -33.903, "2017-03-31": "-2.84100", "2016-12-31": -39.526, "2016-09-30": -35.219, "2016-06-30": -7.425, "2016-03-31": "-86.26100", "2015-12-31": -22.942, "2015-09-30": -17.381, "2015-06-30": -10.377, "2015-03-31": "-27.73100", "2014-12-31": -78.523, "2014-09-30": -76.144, "2014-06-30": -9.642, "2014-03-31": "-45.51600", "2013-12-31": -45.01, "2013-09-30": -40.251, "2013-06-30": -82.177, "2013-03-31": "-14.99600", "2012-12-31": -31.831, "2012-09-30": -21.001, "2012-06-30": -9.641, "2012-03-31": "-3.08700", "2011-12-31": -10.124, "2011-09-30": 52.52, "2011-06-30": 14.166, "2011-03-31": "-2.84700", "2010-12-31": 7.679, "2010-09-30": 1.796, "2010-06-30": 13.007, "2010-03-31": "-3.28400", "2009-12-31": -60.272, "2009-09-30": 21.737, "2009-06-30": -26.594, "2009-03-31": "-23.77200", "2008-12-31": 39.088, "2008-09-30": -9.831, "2008-06-30": -53.21, "2008-03-31": "-12.40100", "2007-12-31": -44.213, "2007-09-30": -13.466, "2007-06-30": -43.394, "2007-03-31": "-16.65900", "2006-12-31": -25.055, "2006-09-30": -76.405, "2006-06-30": -58.502, "2006-03-31": "-20.90800", "2005-12-31": -20.165, "2005-09-30": -28.675, "2005-06-30": -34.015, "2005-03-31": "-3.73200"}, "Total Non-Cash Items": {"2020-09-30": 27.658, "2020-06-30": 42.186, "2020-03-31": "12.02200", "2019-12-31": -9.329, "2019-09-30": -39.908, "2019-06-30": -16.525, "2019-03-31": "15.34500", "2018-12-31": 10.057, "2018-09-30": 20.269, "2018-06-30": 3.495, "2018-03-31": "-72.04700", "2017-12-31": -110.599, "2017-09-30": 2.1, "2017-06-30": 8.907, "2017-03-31": "40.37600", "2016-12-31": 4.457, "2016-09-30": 7.493, "2016-06-30": 32.399, "2016-03-31": "-47.68300", "2015-12-31": 14.745, "2015-09-30": 19.61, "2015-06-30": 26.728, "2015-03-31": "9.07600", "2014-12-31": -41.426, "2014-09-30": -37.55, "2014-06-30": 27.797, "2014-03-31": "-4.38900", "2013-12-31": -2.923, "2013-09-30": -2.051, "2013-06-30": -42.748, "2013-03-31": "15.43500", "2012-12-31": 4.734, "2012-09-30": 16.01, "2012-06-30": 24.92, "2012-03-31": "36.02700", "2011-12-31": 28.476, "2011-09-30": 95.784, "2011-06-30": 55.364, "2011-03-31": "36.59600", "2010-12-31": 48.496, "2010-09-30": 40.508, "2010-06-30": 52.457, "2010-03-31": "33.86100", "2009-12-31": -26.333, "2009-09-30": 61.183, "2009-06-30": 15.393, "2009-03-31": "18.82700", "2008-12-31": 80.446, "2008-09-30": 30.165, "2008-06-30": -9.915, "2008-03-31": "34.34000", "2007-12-31": 2.212, "2007-09-30": 20.761, "2007-06-30": -10.302, "2007-03-31": "16.72500", "2006-12-31": 8.6, "2006-09-30": -43.603, "2006-06-30": -25.639, "2006-03-31": "11.76400", "2005-12-31": 13.478, "2005-09-30": 3.674, "2005-06-30": -2.187, "2005-03-31": "27.02100"}, "Change In Accounts Receivable": {"2020-09-30": -6.529, "2020-06-30": -18.189, "2020-03-31": "16.37700", "2019-12-31": -4.205, "2019-09-30": -6.155, "2019-06-30": 0.359, "2019-03-31": "20.00200", "2018-12-31": -6.266, "2018-09-30": -6.827, "2018-06-30": -3.535, "2018-03-31": "13.82100", "2017-12-31": -8.822, "2017-09-30": -12.512, "2017-06-30": -0.346, "2017-03-31": "2.71600", "2016-12-31": -8.619, "2016-09-30": -8.424, "2016-06-30": -5.531, "2016-03-31": "8.08600", "2015-12-31": -1.138, "2015-09-30": -10.702, "2015-06-30": -3.995, "2015-03-31": "6.95100", "2014-12-31": -0.424, "2014-09-30": -4.415, "2014-06-30": -3.668, "2014-03-31": "5.01300", "2013-12-31": -3.171, "2013-09-30": -7.701, "2013-06-30": -1.99, "2013-03-31": "8.25600", "2012-12-31": -2.013, "2012-09-30": -7.969, "2012-06-30": -6.639, "2012-03-31": "16.70300", "2011-12-31": -2.608, "2011-09-30": -8.271, "2011-06-30": -2.42, "2011-03-31": "19.96100", "2010-12-31": -8.719, "2010-09-30": -3.281, "2010-06-30": -12.131, "2010-03-31": "21.23300", "2009-12-31": -11.768, "2009-09-30": -6.43, "2009-06-30": -4.213, "2009-03-31": "21.84300", "2008-12-31": -6.426, "2008-09-30": -10.92, "2008-06-30": 10.48, "2008-03-31": "-4.38900", "2007-12-31": -16.94, "2007-09-30": -17.403, "2007-06-30": 10.262, "2007-03-31": "1.80500", "2006-12-31": 11.706, "2006-09-30": -39.971, "2006-06-30": -2.315, "2006-03-31": "12.52400", "2005-12-31": -8.751, "2005-09-30": -4.999, "2005-06-30": -4.117, "2005-03-31": "14.58600"}, "Change In Inventories": {"2020-09-30": 0, "2020-06-30": 0, "2020-03-31": "", "2019-12-31": 0, "2019-09-30": 0, "2019-06-30": 0, "2019-03-31": "", "2018-12-31": 0, "2018-09-30": 0, "2018-06-30": 0, "2018-03-31": "", "2017-12-31": 0, "2017-09-30": 0, "2017-06-30": 0, "2017-03-31": "", "2016-12-31": 0, "2016-09-30": 0, "2016-06-30": 0, "2016-03-31": "", "2015-12-31": 0, "2015-09-30": 0, "2015-06-30": 0, "2015-03-31": "", "2014-12-31": 0, "2014-09-30": 0, "2014-06-30": 0, "2014-03-31": "", "2013-12-31": 0, "2013-09-30": 0, "2013-06-30": 0, "2013-03-31": "", "2012-12-31": 0, "2012-09-30": 0, "2012-06-30": 0, "2012-03-31": "", "2011-12-31": 0, "2011-09-30": 0, "2011-06-30": 0, "2011-03-31": "", "2010-12-31": 0, "2010-09-30": 0, "2010-06-30": 0, "2010-03-31": "", "2009-12-31": 0, "2009-09-30": 0, "2009-06-30": 0, "2009-03-31": "", "2008-12-31": 0, "2008-09-30": 0, "2008-06-30": 0, "2008-03-31": "", "2007-12-31": 0, "2007-09-30": 0, "2007-06-30": 0, "2007-03-31": "", "2006-12-31": 0, "2006-09-30": 0, "2006-06-30": 0, "2006-03-31": "", "2005-12-31": 0, "2005-09-30": 0, "2005-06-30": 0, "2005-03-31": ""}, "Change In Accounts Payable": {"2020-09-30": 0, "2020-06-30": 0, "2020-03-31": "", "2019-12-31": 0, "2019-09-30": 0, "2019-06-30": 0, "2019-03-31": "", "2018-12-31": 0, "2018-09-30": 0, "2018-06-30": 0, "2018-03-31": "", "2017-12-31": 0, "2017-09-30": 0, "2017-06-30": 0, "2017-03-31": "", "2016-12-31": 0, "2016-09-30": 0, "2016-06-30": 0, "2016-03-31": "", "2015-12-31": 0, "2015-09-30": 0, "2015-06-30": 0, "2015-03-31": "", "2014-12-31": 0, "2014-09-30": 0, "2014-06-30": 0, "2014-03-31": "", "2013-12-31": 0, "2013-09-30": 0, "2013-06-30": 0, "2013-03-31": "", "2012-12-31": 0, "2012-09-30": 0, "2012-06-30": 0, "2012-03-31": "", "2011-12-31": 0, "2011-09-30": 0, "2011-06-30": 0, "2011-03-31": "", "2010-12-31": 0, "2010-09-30": 0, "2010-06-30": 0, "2010-03-31": "", "2009-12-31": 0, "2009-09-30": 0, "2009-06-30": 0, "2009-03-31": "", "2008-12-31": 0, "2008-09-30": 0, "2008-06-30": 0, "2008-03-31": "", "2007-12-31": 0, "2007-09-30": 0, "2007-06-30": 0, "2007-03-31": "", "2006-12-31": 0, "2006-09-30": 0, "2006-06-30": 0, "2006-03-31": "", "2005-12-31": 0, "2005-09-30": 0, "2005-06-30": 0, "2005-03-31": ""}, "Change In Assets/Liabilities": {"2020-09-30": -1.64, "2020-06-30": -8.221, "2020-03-31": "6.29600", "2019-12-31": -6.038, "2019-09-30": 3.531, "2019-06-30": -9.055, "2019-03-31": "-2.73600", "2018-12-31": 2.065, "2018-09-30": -2.415, "2018-06-30": -5.813, "2018-03-31": "-2.46900", "2017-12-31": 1.938, "2017-09-30": -2.996, "2017-06-30": -6.087, "2017-03-31": "-6.15400", "2016-12-31": -4.048, "2016-09-30": -2.693, "2016-06-30": -10.327, "2016-03-31": "0.16800", "2015-12-31": -2.823, "2015-09-30": -3.134, "2015-06-30": -6.666, "2015-03-31": "-1.99400", "2014-12-31": -0.347, "2014-09-30": -3.017, "2014-06-30": -12.05, "2014-03-31": "-0.88500", "2013-12-31": -2.398, "2013-09-30": -4.345, "2013-06-30": -9.61, "2013-03-31": "-3.23400", "2012-12-31": -1.268, "2012-09-30": -2.547, "2012-06-30": -9.69, "2012-03-31": "-5.50300", "2011-12-31": -4.626, "2011-09-30": -3.164, "2011-06-30": -10.303, "2011-03-31": "-4.38900", "2010-12-31": -2.103, "2010-09-30": -4.124, "2010-06-30": -8.681, "2010-03-31": "-1.31700", "2009-12-31": -6.689, "2009-09-30": -3.375, "2009-06-30": -11.697, "2009-03-31": "11.45200", "2008-12-31": -8.372, "2008-09-30": -3.443, "2008-06-30": -9.737, "2008-03-31": "-8.11700", "2007-12-31": -6.648, "2007-09-30": 15.006, "2007-06-30": -16.008, "2007-03-31": "-23.69900", "2006-12-31": -8.486, "2006-09-30": 6.482, "2006-06-30": -21.358, "2006-03-31": "-14.24500", "2005-12-31": -8.179, "2005-09-30": -7.161, "2005-06-30": -3.442, "2005-03-31": "-11.98700"}, "Total Change In Assets/Liabilities": {"2020-09-30": 4.737, "2020-06-30": -4.935, "2020-03-31": "-8.87800", "2019-12-31": -7.585, "2019-09-30": 5.625, "2019-06-30": 8.164, "2019-03-31": "-11.47600", "2018-12-31": -4.658, "2018-09-30": 0.595, "2018-06-30": 5.817, "2018-03-31": "-15.50800", "2017-12-31": -12.578, "2017-09-30": 2.282, "2017-06-30": 8.056, "2017-03-31": "-25.05300", "2016-12-31": -21.864, "2016-09-30": 6.18, "2016-06-30": 0.233, "2016-03-31": "-6.97400", "2015-12-31": -4.936, "2015-09-30": 0.636, "2015-06-30": -3.425, "2015-03-31": "-9.80500", "2014-12-31": -1.537, "2014-09-30": -1.364, "2014-06-30": 5.346, "2014-03-31": "-19.34800", "2013-12-31": 11.363, "2013-09-30": -2.848, "2013-06-30": 10.922, "2013-03-31": "-25.21000", "2012-12-31": 2.862, "2012-09-30": -8.079, "2012-06-30": 1.737, "2012-03-31": "-16.32400", "2011-12-31": -1.906, "2011-09-30": -14.146, "2011-06-30": 15.302, "2011-03-31": "-28.59500", "2010-12-31": -2.728, "2010-09-30": -4.686, "2010-06-30": 6.064, "2010-03-31": "-21.64800", "2009-12-31": -3.907, "2009-09-30": -8.301, "2009-06-30": 6.26, "2009-03-31": "-4.78200", "2008-12-31": -22.81, "2008-09-30": -13.709, "2008-06-30": 20.407, "2008-03-31": "-61.20900", "2007-12-31": 3.463, "2007-09-30": -19.363, "2007-06-30": 34.669, "2007-03-31": "-67.54200", "2006-12-31": 44.876, "2006-09-30": -32.919, "2006-06-30": 4.739, "2006-03-31": "-28.71800", "2005-12-31": -14.94, "2005-09-30": -26.112, "2005-06-30": 11.466, "2005-03-31": "-32.42800"}, "Cash Flow From Operating Activities": {"2020-09-30": 60.739, "2020-06-30": 44.671, "2020-03-31": "64.02100", "2019-12-31": 60.899, "2019-09-30": 74.465, "2019-06-30": 78.306, "2019-03-31": "56.38000", "2018-12-31": 71.358, "2018-09-30": 74.84, "2018-06-30": 80.39, "2018-03-31": "59.37200", "2017-12-31": 48.499, "2017-09-30": 80.478, "2017-06-30": 86.847, "2017-03-31": "53.93400", "2016-12-31": 52.439, "2016-09-30": 76.246, "2016-06-30": 68.446, "2016-03-31": "55.28000", "2015-12-31": 59.702, "2015-09-30": 65.99, "2015-06-30": 62.303, "2015-03-31": "57.44000", "2014-12-31": 62.601, "2014-09-30": 65.173, "2014-06-30": 71.649, "2014-03-31": "41.34600", "2013-12-31": 63.046, "2013-09-30": 59.641, "2013-06-30": 73.664, "2013-03-31": "37.64100", "2012-12-31": 65.121, "2012-09-30": 52.764, "2012-06-30": 64.333, "2012-03-31": "45.11200", "2011-12-31": 62.046, "2011-09-30": 48.204, "2011-06-30": 76.448, "2011-03-31": "28.03300", "2010-12-31": 56.574, "2010-09-30": 57.567, "2010-06-30": 64.499, "2010-03-31": "35.98500", "2009-12-31": 55.079, "2009-09-30": 55.2, "2009-06-30": 73.688, "2009-03-31": "60.34900", "2008-12-31": 62.627, "2008-09-30": 58.568, "2008-06-30": 89.382, "2008-03-31": "9.57300", "2007-12-31": 76.346, "2007-09-30": 47.18, "2007-06-30": 99.268, "2007-03-31": "0.51500", "2006-12-31": 104.941, "2006-09-30": 29.741, "2006-06-30": 69.818, "2006-03-31": "38.09200", "2005-12-31": 50.244, "2005-09-30": 39.246, "2005-06-30": 79.747, "2005-03-31": "31.28800"}, "Net Change In Property, Plant, And Equipment": {"2020-09-30": -35.074, "2020-06-30": -33.854, "2020-03-31": "-44.40400", "2019-12-31": -52.331, "2019-09-30": -34.962, "2019-06-30": -47.419, "2019-03-31": "-48.47600", "2018-12-31": -42.601, "2018-09-30": -42.912, "2018-06-30": -40.974, "2018-03-31": "-29.04100", "2017-12-31": -31.898, "2017-09-30": -28.53, "2017-06-30": -21.129, "2017-03-31": "-51.77900", "2016-12-31": -22.504, "2016-09-30": -25.234, "2016-06-30": -27.936, "2016-03-31": "-25.50500", "2015-12-31": -23.911, "2015-09-30": -21.286, "2015-06-30": -21.104, "2015-03-31": "-17.40100", "2014-12-31": -23.748, "2014-09-30": -41.404, "2014-06-30": -21.28, "2014-03-31": "-14.49400", "2013-12-31": -26.978, "2013-09-30": -19.37, "2013-06-30": -16.543, "2013-03-31": "-14.10100", "2012-12-31": -27.398, "2012-09-30": -22.76, "2012-06-30": -26.952, "2012-03-31": "-18.63300", "2011-12-31": -27.724, "2011-09-30": -29.585, "2011-06-30": -21.408, "2011-03-31": "-15.39100", "2010-12-31": -80.87, "2010-09-30": 0, "2010-06-30": 0, "2010-03-31": "", "2009-12-31": 0, "2009-09-30": 0, "2009-06-30": 0, "2009-03-31": "", "2008-12-31": 0, "2008-09-30": 0, "2008-06-30": 0, "2008-03-31": "", "2007-12-31": 0, "2007-09-30": 0, "2007-06-30": 0, "2007-03-31": "", "2006-12-31": 0, "2006-09-30": 0, "2006-06-30": 0, "2006-03-31": "", "2005-12-31": 0, "2005-09-30": 0, "2005-06-30": 0, "2005-03-31": ""}, "Net Change In Intangible Assets": {"2020-09-30": 0, "2020-06-30": 0, "2020-03-31": "", "2019-12-31": 0, "2019-09-30": 0, "2019-06-30": 0, "2019-03-31": "", "2018-12-31": 0, "2018-09-30": 0, "2018-06-30": 0, "2018-03-31": "", "2017-12-31": 0, "2017-09-30": 0, "2017-06-30": 0, "2017-03-31": "", "2016-12-31": 0, "2016-09-30": 0, "2016-06-30": 0, "2016-03-31": "", "2015-12-31": 0, "2015-09-30": 0, "2015-06-30": 0, "2015-03-31": "", "2014-12-31": 0, "2014-09-30": 0, "2014-06-30": 0, "2014-03-31": "", "2013-12-31": 0, "2013-09-30": 0, "2013-06-30": 0, "2013-03-31": "", "2012-12-31": 0, "2012-09-30": 0, "2012-06-30": 0, "2012-03-31": "", "2011-12-31": 0, "2011-09-30": 0, "2011-06-30": 0, "2011-03-31": "", "2010-12-31": 0, "2010-09-30": 0, "2010-06-30": 0, "2010-03-31": "", "2009-12-31": 0, "2009-09-30": 0, "2009-06-30": 0, "2009-03-31": "", "2008-12-31": 0, "2008-09-30": 0, "2008-06-30": 0, "2008-03-31": "", "2007-12-31": 0, "2007-09-30": 0, "2007-06-30": 0, "2007-03-31": "", "2006-12-31": 0, "2006-09-30": 0, "2006-06-30": 0, "2006-03-31": "", "2005-12-31": 0, "2005-09-30": 0, "2005-06-30": 0, "2005-03-31": ""}, "Net Acquisitions/Divestitures": {"2020-09-30": -2.98, "2020-06-30": 0, "2020-03-31": "-25.50600", "2019-12-31": -164.78, "2019-09-30": -1.41, "2019-06-30": -32.96, "2019-03-31": "-19.69900", "2018-12-31": 0, "2018-09-30": 0, "2018-06-30": 0, "2018-03-31": "-1.26500", "2017-12-31": 0, "2017-09-30": -1.292, "2017-06-30": 0, "2017-03-31": "-0.61000", "2016-12-31": -62.135, "2016-09-30": -346.215, "2016-06-30": -91.575, "2016-03-31": "-0.49600", "2015-12-31": -34.71, "2015-09-30": -62.155, "2015-06-30": -33.427, "2015-03-31": "-91.48700", "2014-12-31": -43.587, "2014-09-30": 0, "2014-06-30": 0, "2014-03-31": "", "2013-12-31": -47.592, "2013-09-30": -3.42, "2013-06-30": -35.873, "2013-03-31": "-18.88000", "2012-12-31": -1.37, "2012-09-30": -79.841, "2012-06-30": -96.825, "2012-03-31": "-20.13500", "2011-12-31": -1.642, "2011-09-30": -2.945, "2011-06-30": -26.412, "2011-03-31": "-18.88100", "2010-12-31": -62.102, "2010-09-30": 0, "2010-06-30": 0, "2010-03-31": "", "2009-12-31": 0, "2009-09-30": 0, "2009-06-30": 0, "2009-03-31": "", "2008-12-31": 0, "2008-09-30": 0, "2008-06-30": 0, "2008-03-31": "", "2007-12-31": 0, "2007-09-30": 0, "2007-06-30": 0, "2007-03-31": "", "2006-12-31": 0, "2006-09-30": 0, "2006-06-30": 0, "2006-03-31": "", "2005-12-31": 0, "2005-09-30": 0, "2005-06-30": 0, "2005-03-31": ""}, "Net Change In Short-term Investments": {"2020-09-30": 0, "2020-06-30": 0, "2020-03-31": "", "2019-12-31": 0, "2019-09-30": 0, "2019-06-30": 0, "2019-03-31": "", "2018-12-31": 0, "2018-09-30": 0, "2018-06-30": 0, "2018-03-31": "", "2017-12-31": 0, "2017-09-30": 0, "2017-06-30": 0, "2017-03-31": "", "2016-12-31": 0, "2016-09-30": 0, "2016-06-30": 0, "2016-03-31": "", "2015-12-31": 0, "2015-09-30": 0, "2015-06-30": 0, "2015-03-31": "", "2014-12-31": 0, "2014-09-30": 0, "2014-06-30": 0, "2014-03-31": "", "2013-12-31": 0, "2013-09-30": 0, "2013-06-30": 0, "2013-03-31": "", "2012-12-31": 0, "2012-09-30": 0, "2012-06-30": 0, "2012-03-31": "", "2011-12-31": 0, "2011-09-30": 0, "2011-06-30": 0, "2011-03-31": "", "2010-12-31": 0, "2010-09-30": 0, "2010-06-30": 0, "2010-03-31": "", "2009-12-31": 0, "2009-09-30": 0, "2009-06-30": 0, "2009-03-31": "", "2008-12-31": 0, "2008-09-30": 0, "2008-06-30": 0, "2008-03-31": "", "2007-12-31": 341.383, "2007-09-30": 0, "2007-06-30": 0, "2007-03-31": "", "2006-12-31": 0, "2006-09-30": 0, "2006-06-30": 0, "2006-03-31": "", "2005-12-31": 0, "2005-09-30": 0, "2005-06-30": 0, "2005-03-31": ""}, "Net Change In Long-Term Investments": {"2020-09-30": 50.864, "2020-06-30": 13.267, "2020-03-31": "58.31000", "2019-12-31": 80.774, "2019-09-30": 121.296, "2019-06-30": 116.126, "2019-03-31": "65.37800", "2018-12-31": 225.131, "2018-09-30": 37.09, "2018-06-30": 63.824, "2018-03-31": "251.78100", "2017-12-31": 236.993, "2017-09-30": 104.907, "2017-06-30": 30.65, "2017-03-31": "55.50100", "2016-12-31": 56.309, "2016-09-30": 75.549, "2016-06-30": 10.597, "2016-03-31": "87.88700", "2015-12-31": 34.617, "2015-09-30": 31.786, "2015-06-30": 3.689, "2015-03-31": "37.96200", "2014-12-31": 194.838, "2014-09-30": 109.023, "2014-06-30": 21.186, "2014-03-31": "101.00200", "2013-12-31": -21.402, "2013-09-30": 121.597, "2013-06-30": 139.298, "2013-03-31": "18.06700", "2012-12-31": 122.308, "2012-09-30": 84.158, "2012-06-30": 408.351, "2012-03-31": "11.45800", "2011-12-31": 64.051, "2011-09-30": 8.92, "2011-06-30": 48.684, "2011-03-31": "6.62100", "2010-12-31": 63.942, "2010-09-30": -34.734, "2010-06-30": -21.053, "2010-03-31": "-1.16600", "2009-12-31": 205.07, "2009-09-30": -3.269, "2009-06-30": 16.838, "2009-03-31": "31.25200", "2008-12-31": 12.888, "2008-09-30": -50.05, "2008-06-30": 1.568, "2008-03-31": "21.32500", "2007-12-31": -375.43, "2007-09-30": -257.083, "2007-06-30": 44.413, "2007-03-31": "-227.36100", "2006-12-31": -10.7131, "2006-09-30": -208.9029, "2006-06-30": 17.148, "2006-03-31": "-25.29800", "2005-12-31": -73.862, "2005-09-30": 11.453, "2005-06-30": 0.874, "2005-03-31": "-20.11400"}, "Net Change In Investments - Total": {"2020-09-30": 50.864, "2020-06-30": 13.267, "2020-03-31": "58.31000", "2019-12-31": 80.774, "2019-09-30": 121.296, "2019-06-30": 116.126, "2019-03-31": "65.37800", "2018-12-31": 225.131, "2018-09-30": 37.09, "2018-06-30": 63.824, "2018-03-31": "251.78100", "2017-12-31": 236.993, "2017-09-30": 104.907, "2017-06-30": 30.65, "2017-03-31": "55.50100", "2016-12-31": 56.309, "2016-09-30": 75.549, "2016-06-30": 10.597, "2016-03-31": "87.88700", "2015-12-31": 34.617, "2015-09-30": 31.786, "2015-06-30": 3.689, "2015-03-31": "37.96200", "2014-12-31": 194.838, "2014-09-30": 109.023, "2014-06-30": 21.186, "2014-03-31": "101.00200", "2013-12-31": -21.402, "2013-09-30": 121.597, "2013-06-30": 139.298, "2013-03-31": "18.06700", "2012-12-31": 122.308, "2012-09-30": 84.158, "2012-06-30": 408.351, "2012-03-31": "11.45800", "2011-12-31": 64.051, "2011-09-30": 8.92, "2011-06-30": 48.684, "2011-03-31": "6.62100", "2010-12-31": 63.942, "2010-09-30": -34.734, "2010-06-30": -21.053, "2010-03-31": "-1.16600", "2009-12-31": 205.07, "2009-09-30": -3.269, "2009-06-30": 16.838, "2009-03-31": "31.25200", "2008-12-31": 12.888, "2008-09-30": -50.05, "2008-06-30": 1.568, "2008-03-31": "21.32500", "2007-12-31": -34.047, "2007-09-30": -257.083, "2007-06-30": 44.413, "2007-03-31": "-227.36100", "2006-12-31": -10.7131, "2006-09-30": -208.9029, "2006-06-30": 17.148, "2006-03-31": "-25.29800", "2005-12-31": -73.862, "2005-09-30": 11.453, "2005-06-30": 0.874, "2005-03-31": "-20.11400"}, "Investing Activities - Other": {"2020-09-30": -0.437, "2020-06-30": -1.352, "2020-03-31": "-0.16100", "2019-12-31": 2.388, "2019-09-30": -2.97, "2019-06-30": 1.656, "2019-03-31": "1.36300", "2018-12-31": 6.741, "2018-09-30": 0.726, "2018-06-30": 0.037, "2018-03-31": "4.41700", "2017-12-31": 2.445, "2017-09-30": 4.057, "2017-06-30": -0.93, "2017-03-31": "0.60700", "2016-12-31": 19.173, "2016-09-30": -11.257, "2016-06-30": 98.86, "2016-03-31": "-101.69000", "2015-12-31": -68.776, "2015-09-30": 1.04, "2015-06-30": 17.148, "2015-03-31": "50.88300", "2014-12-31": -30.345, "2014-09-30": -26.712, "2014-06-30": -0.531, "2014-03-31": "-5.87100", "2013-12-31": 73.463, "2013-09-30": -53.312, "2013-06-30": 35.202, "2013-03-31": "4.49800", "2012-12-31": -29.931, "2012-09-30": 21.19, "2012-06-30": -14.236, "2012-03-31": "60.92400", "2011-12-31": 0.411, "2011-09-30": 31.227, "2011-06-30": -9.145, "2011-03-31": "-10.52600", "2010-12-31": 55.397, "2010-09-30": -50.813, "2010-06-30": 1.224, "2010-03-31": "8.75400", "2009-12-31": 9.993, "2009-09-30": -58.413, "2009-06-30": -13.8, "2009-03-31": "4.20100", "2008-12-31": -37.722, "2008-09-30": 3.027, "2008-06-30": -36.255, "2008-03-31": "-30.17200", "2007-12-31": -29.044, "2007-09-30": 43.968, "2007-06-30": -67.814, "2007-03-31": "46.33800", "2006-12-31": -15.066, "2006-09-30": -92.355, "2006-06-30": 47.642, "2006-03-31": "-27.14100", "2005-12-31": 41.575, "2005-09-30": -54.996, "2005-06-30": -3.567, "2005-03-31": "-6.82200"}, "Cash Flow From Investing Activities": {"2020-09-30": 12.373, "2020-06-30": -21.939, "2020-03-31": "-11.76100", "2019-12-31": -133.949, "2019-09-30": 81.954, "2019-06-30": 37.403, "2019-03-31": "-1.43400", "2018-12-31": 189.271, "2018-09-30": -5.096, "2018-06-30": 22.887, "2018-03-31": "225.89200", "2017-12-31": 207.54, "2017-09-30": 79.142, "2017-06-30": 8.591, "2017-03-31": "3.71900", "2016-12-31": -9.157, "2016-09-30": -307.157, "2016-06-30": -10.054, "2016-03-31": "-39.80400", "2015-12-31": -92.78, "2015-09-30": -50.615, "2015-06-30": -33.694, "2015-03-31": "-20.04300", "2014-12-31": 97.158, "2014-09-30": 40.907, "2014-06-30": -0.625, "2014-03-31": "80.63700", "2013-12-31": -22.509, "2013-09-30": 45.495, "2013-06-30": 122.084, "2013-03-31": "-10.41600", "2012-12-31": 63.609, "2012-09-30": 2.747, "2012-06-30": 270.338, "2012-03-31": "33.61400", "2011-12-31": 35.096, "2011-09-30": 7.617, "2011-06-30": -8.281, "2011-03-31": "-38.17700", "2010-12-31": -23.633, "2010-09-30": -85.547, "2010-06-30": -19.829, "2010-03-31": "7.58800", "2009-12-31": 215.063, "2009-09-30": -61.682, "2009-06-30": 3.038, "2009-03-31": "35.45300", "2008-12-31": -24.834, "2008-09-30": -47.023, "2008-06-30": -34.687, "2008-03-31": "-8.84700", "2007-12-31": -63.091, "2007-09-30": -213.115, "2007-06-30": -23.401, "2007-03-31": "-181.02300", "2006-12-31": -25.779, "2006-09-30": -301.258, "2006-06-30": 64.79, "2006-03-31": "-52.43900", "2005-12-31": -32.287, "2005-09-30": -43.543, "2005-06-30": -2.693, "2005-03-31": "-26.93600"}, "Net Long-Term Debt": {"2020-09-30": -13.419, "2020-06-30": -486.374, "2020-03-31": "478.25100", "2019-12-31": -1.33, "2019-09-30": -51.053, "2019-06-30": -1.597, "2019-03-31": "-6.57600", "2018-12-31": 3.444, "2018-09-30": -1.517, "2018-06-30": -101.386, "2018-03-31": "-151.93100", "2017-12-31": -130.506, "2017-09-30": -77.469, "2017-06-30": -32.207, "2017-03-31": "-33.54100", "2016-12-31": 18.56, "2016-09-30": 289.815, "2016-06-30": -134.541, "2016-03-31": "26.87700", "2015-12-31": 11.425, "2015-09-30": 26.415, "2015-06-30": 127.474, "2015-03-31": "2.76400", "2014-12-31": -67.986, "2014-09-30": 87.115, "2014-06-30": -174.714, "2014-03-31": "-159.91200", "2013-12-31": 17.231, "2013-09-30": -98.73, "2013-06-30": 8.471, "2013-03-31": "130.94100", "2012-12-31": 90.251, "2012-09-30": -6.975, "2012-06-30": -290.412, "2012-03-31": "-31.20400", "2011-12-31": -48.001, "2011-09-30": 85.044, "2011-06-30": -66.455, "2011-03-31": "-5.09800", "2010-12-31": 41.138, "2010-09-30": -26.531, "2010-06-30": -48.035, "2010-03-31": "-25.95800", "2009-12-31": 204.91, "2009-09-30": 64.732, "2009-06-30": -500.739, "2009-03-31": "20.34700", "2008-12-31": -196.132, "2008-09-30": 131.368, "2008-06-30": -23.139, "2008-03-31": "49.06100", "2007-12-31": -144.035, "2007-09-30": 86.538, "2007-06-30": 5.379, "2007-03-31": "-4.20900", "2006-12-31": -151.187, "2006-09-30": 547.251, "2006-06-30": 4.092, "2006-03-31": "53.02500", "2005-12-31": 41.733, "2005-09-30": 24.239, "2005-06-30": -29.5, "2005-03-31": "29.06500"}, "Net Current Debt": {"2020-09-30": 0, "2020-06-30": 0, "2020-03-31": "", "2019-12-31": 0, "2019-09-30": 0, "2019-06-30": 0, "2019-03-31": "", "2018-12-31": 0, "2018-09-30": 0, "2018-06-30": 0, "2018-03-31": "", "2017-12-31": 0, "2017-09-30": 0, "2017-06-30": 0, "2017-03-31": "", "2016-12-31": 0, "2016-09-30": 0, "2016-06-30": 0, "2016-03-31": "", "2015-12-31": 0, "2015-09-30": 0, "2015-06-30": 0, "2015-03-31": "", "2014-12-31": 0, "2014-09-30": 0, "2014-06-30": 0, "2014-03-31": "", "2013-12-31": 0, "2013-09-30": 0, "2013-06-30": 0, "2013-03-31": "", "2012-12-31": 0, "2012-09-30": 0, "2012-06-30": 0, "2012-03-31": "", "2011-12-31": 0, "2011-09-30": 0, "2011-06-30": 0, "2011-03-31": "", "2010-12-31": 0, "2010-09-30": 0, "2010-06-30": 0, "2010-03-31": "", "2009-12-31": 0, "2009-09-30": 0, "2009-06-30": 0, "2009-03-31": "", "2008-12-31": 0, "2008-09-30": 0, "2008-06-30": 0, "2008-03-31": "", "2007-12-31": 0, "2007-09-30": 0, "2007-06-30": 0, "2007-03-31": "", "2006-12-31": 0, "2006-09-30": 0, "2006-06-30": 0, "2006-03-31": "", "2005-12-31": 0, "2005-09-30": 0, "2005-06-30": 0, "2005-03-31": ""}, "Debt Issuance/Retirement Net - Total": {"2020-09-30": -13.419, "2020-06-30": -486.374, "2020-03-31": "478.25100", "2019-12-31": -1.33, "2019-09-30": -51.053, "2019-06-30": -1.597, "2019-03-31": "-6.57600", "2018-12-31": 3.444, "2018-09-30": -1.517, "2018-06-30": -101.386, "2018-03-31": "-151.93100", "2017-12-31": -130.506, "2017-09-30": -77.469, "2017-06-30": -32.207, "2017-03-31": "-33.54100", "2016-12-31": 18.56, "2016-09-30": 289.815, "2016-06-30": -134.541, "2016-03-31": "26.87700", "2015-12-31": 11.425, "2015-09-30": 26.415, "2015-06-30": 127.474, "2015-03-31": "2.76400", "2014-12-31": -67.986, "2014-09-30": 87.115, "2014-06-30": -174.714, "2014-03-31": "-159.91200", "2013-12-31": 17.231, "2013-09-30": -98.73, "2013-06-30": 8.471, "2013-03-31": "130.94100", "2012-12-31": 90.251, "2012-09-30": -6.975, "2012-06-30": -290.412, "2012-03-31": "-31.20400", "2011-12-31": -48.001, "2011-09-30": 85.044, "2011-06-30": -66.455, "2011-03-31": "-5.09800", "2010-12-31": 41.138, "2010-09-30": -26.531, "2010-06-30": -48.035, "2010-03-31": "-25.95800", "2009-12-31": 204.91, "2009-09-30": 64.732, "2009-06-30": -500.739, "2009-03-31": "20.34700", "2008-12-31": -196.132, "2008-09-30": 131.368, "2008-06-30": -23.139, "2008-03-31": "49.06100", "2007-12-31": -144.035, "2007-09-30": 86.538, "2007-06-30": 5.379, "2007-03-31": "-4.20900", "2006-12-31": -151.187, "2006-09-30": 547.251, "2006-06-30": 4.092, "2006-03-31": "53.02500", "2005-12-31": 41.733, "2005-09-30": 24.239, "2005-06-30": -29.5, "2005-03-31": "29.06500"}, "Net Common Equity Issued/Repurchased": {"2020-09-30": 0, "2020-06-30": 0.041, "2020-03-31": "-18.05200", "2019-12-31": 0.254, "2019-09-30": 0.08, "2019-06-30": 0.037, "2019-03-31": "0.72700", "2018-12-31": 0.031, "2018-09-30": 5.126, "2018-06-30": -9.767, "2018-03-31": "-7.19400", "2017-12-31": 0.473, "2017-09-30": 0.13, "2017-06-30": 0.108, "2017-03-31": "0.87700", "2016-12-31": -0.027, "2016-09-30": 9.522, "2016-06-30": 108.535, "2016-03-31": "19.43000", "2015-12-31": 0.152, "2015-09-30": 0.132, "2015-06-30": 11.425, "2015-03-31": "30.86300", "2014-12-31": 6.149, "2014-09-30": 0.701, "2014-06-30": 0.908, "2014-03-31": "0.22900", "2013-12-31": 275.19, "2013-09-30": 0.209, "2013-06-30": -271.318, "2013-03-31": "1.88700", "2012-12-31": -68.986, "2012-09-30": 1.541, "2012-06-30": 2.754, "2012-03-31": "0.45800", "2011-12-31": 0.064, "2011-09-30": 0.285, "2011-06-30": 2.14, "2011-03-31": "1.51000", "2010-12-31": 1.092, "2010-09-30": 0.414, "2010-06-30": 0.555, "2010-03-31": "1.06100", "2009-12-31": 0.175, "2009-09-30": 0, "2009-06-30": 439.097, "2009-03-31": "", "2008-12-31": 98.23, "2008-09-30": 1.105, "2008-06-30": 0.895, "2008-03-31": "0.78600", "2007-12-31": -48.85, "2007-09-30": -52.854, "2007-06-30": 0.085, "2007-03-31": "2.26300", "2006-12-31": 2.326, "2006-09-30": -166.044, "2006-06-30": 0.708, "2006-03-31": "0.00700", "2005-12-31": 0.721, "2005-09-30": 0.226, "2005-06-30": 0.654, "2005-03-31": "1.22800"}, "Net Total Equity Issued/Repurchased": {"2020-09-30": 0, "2020-06-30": 0.041, "2020-03-31": "-18.05200", "2019-12-31": 0.254, "2019-09-30": 0.08, "2019-06-30": 0.037, "2019-03-31": "0.72700", "2018-12-31": 0.031, "2018-09-30": 5.126, "2018-06-30": -9.767, "2018-03-31": "-7.19400", "2017-12-31": 0.473, "2017-09-30": 0.13, "2017-06-30": 0.108, "2017-03-31": "0.87700", "2016-12-31": -0.027, "2016-09-30": 9.522, "2016-06-30": 108.535, "2016-03-31": "19.43000", "2015-12-31": 0.152, "2015-09-30": 0.132, "2015-06-30": -138.575, "2015-03-31": "30.86300", "2014-12-31": 6.149, "2014-09-30": 0.701, "2014-06-30": 0.908, "2014-03-31": "0.22900", "2013-12-31": 0.19, "2013-09-30": 0.209, "2013-06-30": -196.318, "2013-03-31": "-73.11300", "2012-12-31": -68.986, "2012-09-30": 1.541, "2012-06-30": 2.754, "2012-03-31": "0.45800", "2011-12-31": 0.064, "2011-09-30": 0.285, "2011-06-30": 2.14, "2011-03-31": "1.51000", "2010-12-31": 1.092, "2010-09-30": 0.414, "2010-06-30": 0.555, "2010-03-31": "1.06100", "2009-12-31": 0.175, "2009-09-30": 0, "2009-06-30": 439.097, "2009-03-31": "", "2008-12-31": 98.108, "2008-09-30": -77.681, "2008-06-30": 1.87, "2008-03-31": "0.78600", "2007-12-31": -48.85, "2007-09-30": 140.846, "2007-06-30": -0.099, "2007-03-31": "196.42500", "2006-12-31": 2.326, "2006-09-30": -166.044, "2006-06-30": 0.708, "2006-03-31": "0.00700", "2005-12-31": 126.059, "2005-09-30": -125.112, "2005-06-30": 0.654, "2005-03-31": "1.22800"}, "Total Common And Preferred Stock Dividends Paid": {"2020-09-30": -23.066, "2020-06-30": -23.059, "2020-03-31": "-50.93500", "2019-12-31": -50.83, "2019-09-30": -50.826, "2019-06-30": -50.825, "2019-03-31": "-50.81600", "2018-12-31": -230.354, "2018-09-30": -50.687, "2018-06-30": -50.587, "2018-03-31": "-50.83600", "2017-12-31": -145.787, "2017-09-30": -49.442, "2017-06-30": -49.44, "2017-03-31": "-49.40400", "2016-12-31": -46.746, "2016-09-30": -46.679, "2016-06-30": -46.297, "2016-03-31": "-45.37800", "2015-12-31": -42.762, "2015-09-30": -42.76, "2015-06-30": -44.192, "2015-03-31": "-44.91400", "2014-12-31": -72.866, "2014-09-30": -42.174, "2014-06-30": -42.162, "2014-03-31": "-42.14100", "2013-12-31": -39.631, "2013-09-30": -39.63, "2013-06-30": -42.517, "2013-03-31": "-44.12200", "2012-12-31": -43.097, "2012-09-30": -43.401, "2012-06-30": -43.371, "2012-03-31": "-43.33300", "2011-12-31": -41.444, "2011-09-30": -41.444, "2011-06-30": -41.442, "2011-03-31": "-41.39100", "2010-12-31": -39.54, "2010-09-30": -39.516, "2010-06-30": -39.513, "2010-03-31": "-39.44300", "2009-12-31": -38.174, "2009-09-30": -38.16, "2009-06-30": -38.148, "2009-03-31": "-54.10100", "2008-12-31": -53.92, "2008-09-30": -52.574, "2008-06-30": -54.401, "2008-03-31": "-52.67400", "2007-12-31": -50.332, "2007-09-30": -48.085, "2007-06-30": -48.567, "2007-03-31": "-47.50800", "2006-12-31": -42.333, "2006-09-30": -42.267, "2006-06-30": -44.236, "2006-03-31": "-44.17400", "2005-12-31": -167.196, "2005-09-30": 83.518, "2005-06-30": -41.775, "2005-03-31": "-41.74300"}, "Financial Activities - Other": {"2020-09-30": -0.397, "2020-06-30": -0.575, "2020-03-31": "-1.31400", "2019-12-31": -6.433, "2019-09-30": -1.016, "2019-06-30": -1.952, "2019-03-31": "-2.71400", "2018-12-31": -4.394, "2018-09-30": -9.584, "2018-06-30": -3.471, "2018-03-31": "-1.00400", "2017-12-31": -3.104, "2017-09-30": -1.242, "2017-06-30": -8.191, "2017-03-31": "-9.95000", "2016-12-31": 13.37, "2016-09-30": -26.51, "2016-06-30": 1.24, "2016-03-31": "-11.37300", "2015-12-31": -2.76, "2015-09-30": -0.194, "2015-06-30": -0.185, "2015-03-31": "-9.13100", "2014-12-31": -14.842, "2014-09-30": -154.782, "2014-06-30": 151.78, "2014-03-31": "-2.53600", "2013-12-31": 21.519, "2013-09-30": 61.371, "2013-06-30": 3.19, "2013-03-31": "-5.73500", "2012-12-31": -106.383, "2012-09-30": -2.684, "2012-06-30": -6.569, "2012-03-31": "-0.26500", "2011-12-31": -14.3, "2011-09-30": -103.899, "2011-06-30": 33.19, "2011-03-31": "60.03800", "2010-12-31": -43.586, "2010-09-30": 47.449, "2010-06-30": -2.614, "2010-03-31": "-9.90200", "2009-12-31": -388.163, "2009-09-30": -9.766, "2009-06-30": -0.826, "2009-03-31": "-2.73400", "2008-12-31": 119.873, "2008-09-30": 0.139, "2008-06-30": -0.086, "2008-03-31": "-2.18800", "2007-12-31": 235.924, "2007-09-30": 0.15, "2007-06-30": -21.785, "2007-03-31": "0.30300", "2006-12-31": -4.001, "2006-09-30": -13.245, "2006-06-30": 0.24, "2006-03-31": "0.24500", "2005-12-31": 0.176, "2005-09-30": 0.068, "2005-06-30": 0.414, "2005-03-31": "0.38100"}, "Cash Flow From Financial Activities": {"2020-09-30": -36.882, "2020-06-30": -509.967, "2020-03-31": "407.95000", "2019-12-31": -58.339, "2019-09-30": -102.815, "2019-06-30": -54.337, "2019-03-31": "-59.37900", "2018-12-31": -231.273, "2018-09-30": -56.662, "2018-06-30": -165.211, "2018-03-31": "-210.96500", "2017-12-31": -278.924, "2017-09-30": -128.023, "2017-06-30": -89.73, "2017-03-31": "-92.01800", "2016-12-31": -14.843, "2016-09-30": 226.148, "2016-06-30": -71.063, "2016-03-31": "-10.44400", "2015-12-31": -33.945, "2015-09-30": -16.407, "2015-06-30": -55.478, "2015-03-31": "-20.41800", "2014-12-31": -149.545, "2014-09-30": -109.14, "2014-06-30": -64.188, "2014-03-31": "-204.36000", "2013-12-31": -0.691, "2013-09-30": -76.78, "2013-06-30": -227.174, "2013-03-31": "7.97100", "2012-12-31": -128.215, "2012-09-30": -51.519, "2012-06-30": -337.598, "2012-03-31": "-74.34400", "2011-12-31": -103.681, "2011-09-30": -60.014, "2011-06-30": -72.567, "2011-03-31": "15.05900", "2010-12-31": -40.896, "2010-09-30": -18.184, "2010-06-30": -89.607, "2010-03-31": "-74.24200", "2009-12-31": -221.252, "2009-09-30": 16.806, "2009-06-30": -100.616, "2009-03-31": "-36.48800", "2008-12-31": -32.071, "2008-09-30": 1.252, "2008-06-30": -75.756, "2008-03-31": "-5.01500", "2007-12-31": -7.293, "2007-09-30": 179.449, "2007-06-30": -65.072, "2007-03-31": "145.01100", "2006-12-31": -195.195, "2006-09-30": 325.695, "2006-06-30": -39.196, "2006-03-31": "9.10300", "2005-12-31": 0.772, "2005-09-30": -17.287, "2005-06-30": -70.207, "2005-03-31": "-11.06900"}, "Net Cash Flow": {"2020-09-30": 36.23, "2020-06-30": -487.235, "2020-03-31": "460.21000", "2019-12-31": -131.389, "2019-09-30": 53.604, "2019-06-30": 61.372, "2019-03-31": "-4.43300", "2018-12-31": 29.356, "2018-09-30": 13.082, "2018-06-30": -61.934, "2018-03-31": "74.29900", "2017-12-31": -22.885, "2017-09-30": 31.597, "2017-06-30": 5.708, "2017-03-31": "-34.36500", "2016-12-31": 28.439, "2016-09-30": -4.763, "2016-06-30": -12.671, "2016-03-31": "5.03200", "2015-12-31": -67.023, "2015-09-30": -1.032, "2015-06-30": -26.869, "2015-03-31": "16.97900", "2014-12-31": 10.214, "2014-09-30": -3.06, "2014-06-30": 6.836, "2014-03-31": "-82.37700", "2013-12-31": 39.846, "2013-09-30": 28.356, "2013-06-30": -31.426, "2013-03-31": "35.19600", "2012-12-31": 0.515, "2012-09-30": 3.992, "2012-06-30": -2.927, "2012-03-31": "4.38200", "2011-12-31": -6.539, "2011-09-30": -4.193, "2011-06-30": -4.4, "2011-03-31": "4.91500", "2010-12-31": -7.955, "2010-09-30": -46.164, "2010-06-30": -44.937, "2010-03-31": "-30.66900", "2009-12-31": 48.89, "2009-09-30": 10.324, "2009-06-30": -23.89, "2009-03-31": "59.31400", "2008-12-31": 5.722, "2008-09-30": 12.797, "2008-06-30": -21.061, "2008-03-31": "-4.28900", "2007-12-31": 5.962, "2007-09-30": 13.514, "2007-06-30": 10.795, "2007-03-31": "-35.49700", "2006-12-31": -116.033, "2006-09-30": 54.178, "2006-06-30": 95.412, "2006-03-31": "-5.24400", "2005-12-31": 18.729, "2005-09-30": -21.584, "2005-06-30": 6.847, "2005-03-31": "-6.71700"}, "Stock-Based Compensation": {"2020-09-30": 0, "2020-06-30": 0, "2020-03-31": "", "2019-12-31": 0, "2019-09-30": 0, "2019-06-30": 0, "2019-03-31": "", "2018-12-31": 0, "2018-09-30": 0, "2018-06-30": 0, "2018-03-31": "", "2017-12-31": 0, "2017-09-30": 0, "2017-06-30": 0, "2017-03-31": "", "2016-12-31": 0, "2016-09-30": 0, "2016-06-30": 0, "2016-03-31": "", "2015-12-31": 0, "2015-09-30": 0, "2015-06-30": 0, "2015-03-31": "", "2014-12-31": 0, "2014-09-30": 0, "2014-06-30": 0, "2014-03-31": "", "2013-12-31": 0, "2013-09-30": 0, "2013-06-30": 0, "2013-03-31": "", "2012-12-31": 0, "2012-09-30": 0, "2012-06-30": 0, "2012-03-31": "", "2011-12-31": 0, "2011-09-30": 0, "2011-06-30": 0, "2011-03-31": "", "2010-12-31": 0, "2010-09-30": 0, "2010-06-30": 0, "2010-03-31": "", "2009-12-31": 0, "2009-09-30": 0, "2009-06-30": 0, "2009-03-31": "", "2008-12-31": 0, "2008-09-30": 0, "2008-06-30": 0, "2008-03-31": "", "2007-12-31": 0, "2007-09-30": 0, "2007-06-30": 0, "2007-03-31": "", "2006-12-31": 0, "2006-09-30": 0, "2006-06-30": 0, "2006-03-31": "", "2005-12-31": 0, "2005-09-30": 0, "2005-06-30": 0, "2005-03-31": ""}, "Common Stock Dividends Paid": {"2020-09-30": -23.066, "2020-06-30": -23.059, "2020-03-31": "-50.93500", "2019-12-31": -50.83, "2019-09-30": -50.826, "2019-06-30": -50.825, "2019-03-31": "-50.81600", "2018-12-31": -230.354, "2018-09-30": -50.687, "2018-06-30": -50.587, "2018-03-31": "-50.83600", "2017-12-31": -145.787, "2017-09-30": -49.442, "2017-06-30": -49.44, "2017-03-31": "-49.40400", "2016-12-31": -46.746, "2016-09-30": -46.679, "2016-06-30": -46.297, "2016-03-31": "-45.37800", "2015-12-31": -42.762, "2015-09-30": -42.76, "2015-06-30": -44.192, "2015-03-31": "-44.91400", "2014-12-31": -72.866, "2014-09-30": -42.174, "2014-06-30": -42.162, "2014-03-31": "-42.14100", "2013-12-31": -39.631, "2013-09-30": -39.63, "2013-06-30": -42.517, "2013-03-31": "-44.12200", "2012-12-31": -43.097, "2012-09-30": -43.401, "2012-06-30": -43.371, "2012-03-31": "-43.33300", "2011-12-31": -41.444, "2011-09-30": -41.444, "2011-06-30": -41.442, "2011-03-31": "-41.39100", "2010-12-31": -39.54, "2010-09-30": -39.516, "2010-06-30": -39.513, "2010-03-31": "-39.44300", "2009-12-31": -38.174, "2009-09-30": -38.16, "2009-06-30": -38.148, "2009-03-31": "-54.10100", "2008-12-31": -53.92, "2008-09-30": -52.574, "2008-06-30": -54.401, "2008-03-31": "-52.67400", "2007-12-31": -50.332, "2007-09-30": -48.085, "2007-06-30": -48.567, "2007-03-31": "-47.50800", "2006-12-31": -42.333, "2006-09-30": -42.267, "2006-06-30": -44.236, "2006-03-31": "-44.17400", "2005-12-31": -167.196, "2005-09-30": 83.518, "2005-06-30": -41.775, "2005-03-31": "-41.74300"}}, "financial ratios": {"Current Ratio": {"2019-12-31": "", "2018-12-31": "", "2017-12-31": "", "2016-12-31": "", "2015-12-31": "", "2014-12-31": "", "2013-12-31": "", "2012-12-31": "", "2011-12-31": "", "2010-12-31": "", "2009-12-31": "", "2008-12-31": "", "2007-12-31": "", "2006-12-31": "", "2005-12-31": ""}, "Long-term Debt / Capital": {"2019-12-31": "0.48010", "2018-12-31": "0.50620", "2017-12-31": "0.53490", "2016-12-31": "0.57850", "2015-12-31": "0.57770", "2014-12-31": "0.54080", "2013-12-31": "0.57670", "2012-12-31": "0.55880", "2011-12-31": "0.58130", "2010-12-31": "0.56670", "2009-12-31": "0.54580", "2008-12-31": "0.65550", "2007-12-31": "0.68260", "2006-12-31": "0.72320", "2005-12-31": "0.66660"}, "Debt/Equity Ratio": {"2019-12-31": "0.92330", "2018-12-31": "1.02510", "2017-12-31": "1.14990", "2016-12-31": "1.37260", "2015-12-31": "1.36780", "2014-12-31": "1.17760", "2013-12-31": "1.36250", "2012-12-31": "1.26660", "2011-12-31": "1.38840", "2010-12-31": "1.30760", "2009-12-31": "1.20180", "2008-12-31": "1.90290", "2007-12-31": "2.15040", "2006-12-31": "2.61240", "2005-12-31": "1.99940"}, "Gross Margin": {"2019-12-31": "", "2018-12-31": "", "2017-12-31": "", "2016-12-31": "", "2015-12-31": "", "2014-12-31": "", "2013-12-31": "", "2012-12-31": "", "2011-12-31": "", "2010-12-31": "", "2009-12-31": "", "2008-12-31": "", "2007-12-31": "", "2006-12-31": "", "2005-12-31": ""}, "Operating Margin": {"2019-12-31": "32.78290", "2018-12-31": "32.82090", "2017-12-31": "31.02210", "2016-12-31": "35.50180", "2015-12-31": "36.01370", "2014-12-31": "35.38800", "2013-12-31": "32.67980", "2012-12-31": "31.99650", "2011-12-31": "24.35990", "2010-12-31": "30.48420", "2009-12-31": "39.27200", "2008-12-31": "39.31700", "2007-12-31": "44.19320", "2006-12-31": "45.04670", "2005-12-31": "47.17010"}, "EBIT Margin": {"2019-12-31": "32.78290", "2018-12-31": "32.82090", "2017-12-31": "31.02210", "2016-12-31": "35.50180", "2015-12-31": "36.01370", "2014-12-31": "35.38800", "2013-12-31": "32.67980", "2012-12-31": "31.99650", "2011-12-31": "24.35990", "2010-12-31": "30.48420", "2009-12-31": "39.27200", "2008-12-31": "39.31700", "2007-12-31": "44.19320", "2006-12-31": "45.04670", "2005-12-31": "47.17010"}, "EBITDA Margin": {"2019-12-31": "61.31990", "2018-12-31": "63.88270", "2017-12-31": "60.66300", "2016-12-31": "65.54380", "2015-12-31": "64.98740", "2014-12-31": "65.37540", "2013-12-31": "63.37250", "2012-12-31": "64.63360", "2011-12-31": "61.92330", "2010-12-31": "63.61150", "2009-12-31": "67.87820", "2008-12-31": "68.23640", "2007-12-31": "70.40980", "2006-12-31": "70.26370", "2005-12-31": "73.52480"}, "Pre-Tax Profit Margin": {"2019-12-31": "62.23400", "2018-12-31": "60.55780", "2017-12-31": "56.46280", "2016-12-31": "51.62120", "2015-12-31": "23.72120", "2014-12-31": "22.37610", "2013-12-31": "28.62310", "2012-12-31": "12.59040", "2011-12-31": "-2.82010", "2010-12-31": "4.42470", "2009-12-31": "16.44580", "2008-12-31": "10.45920", "2007-12-31": "24.32020", "2006-12-31": "26.24160", "2005-12-31": "26.13110"}, "Net Profit Margin": {"2019-12-31": "64.82100", "2018-12-31": "61.67800", "2017-12-31": "58.49540", "2016-12-31": "43.84070", "2015-12-31": "31.36140", "2014-12-31": "53.88120", "2013-12-31": "37.64250", "2012-12-31": "24.20560", "2011-12-31": "-4.58950", "2010-12-31": "2.27680", "2009-12-31": "24.55990", "2008-12-31": "18.40740", "2007-12-31": "36.48000", "2006-12-31": "56.34230", "2005-12-31": "42.95370"}, "Asset Turnover": {"2019-12-31": "0.12360", "2018-12-31": "0.13880", "2017-12-31": "0.13660", "2016-12-31": "0.12410", "2015-12-31": "0.13140", "2014-12-31": "0.13520", "2013-12-31": "0.11580", "2012-12-31": "0.10780", "2011-12-31": "0.09430", "2010-12-31": "0.09800", "2009-12-31": "0.11290", "2008-12-31": "0.11590", "2007-12-31": "0.11240", "2006-12-31": "0.11970", "2005-12-31": "0.13050"}, "Inventory Turnover Ratio": {"2019-12-31": "", "2018-12-31": "", "2017-12-31": "", "2016-12-31": "", "2015-12-31": "", "2014-12-31": "", "2013-12-31": "", "2012-12-31": "", "2011-12-31": "", "2010-12-31": "", "2009-12-31": "", "2008-12-31": "", "2007-12-31": "", "2006-12-31": "", "2005-12-31": ""}, "Receiveable Turnover": {"2019-12-31": "", "2018-12-31": "", "2017-12-31": "", "2016-12-31": "", "2015-12-31": "", "2014-12-31": "", "2013-12-31": "", "2012-12-31": "", "2011-12-31": "", "2010-12-31": "", "2009-12-31": "", "2008-12-31": "", "2007-12-31": "", "2006-12-31": "", "2005-12-31": ""}, "Days Sales In Receivables": {"2019-12-31": "", "2018-12-31": "", "2017-12-31": "", "2016-12-31": "", "2015-12-31": "", "2014-12-31": "", "2013-12-31": "", "2012-12-31": "", "2011-12-31": "", "2010-12-31": "", "2009-12-31": "", "2008-12-31": "", "2007-12-31": "", "2006-12-31": "", "2005-12-31": ""}, "ROE - Return On Equity": {"2019-12-31": "17.19340", "2018-12-31": "19.72600", "2017-12-31": "19.37820", "2016-12-31": "16.12390", "2015-12-31": "7.87060", "2014-12-31": "7.10000", "2013-12-31": "7.87790", "2012-12-31": "3.26870", "2011-12-31": "-0.66910", "2010-12-31": "1.05720", "2009-12-31": "4.01340", "2008-12-31": "4.36380", "2007-12-31": "8.99650", "2006-12-31": "12.07960", "2005-12-31": "11.08270"}, "Return On Tangible Equity": {"2019-12-31": "17.19340", "2018-12-31": "19.72600", "2017-12-31": "19.37820", "2016-12-31": "16.12390", "2015-12-31": "7.87060", "2014-12-31": "7.10000", "2013-12-31": "7.87790", "2012-12-31": "3.26870", "2011-12-31": "-0.66910", "2010-12-31": "1.05720", "2009-12-31": "4.01340", "2008-12-31": "4.36370", "2007-12-31": "8.99650", "2006-12-31": "12.07950", "2005-12-31": "11.08260"}, "ROA - Return On Assets": {"2019-12-31": "8.19150", "2018-12-31": "9.02400", "2017-12-31": "8.35700", "2016-12-31": "6.25330", "2015-12-31": "3.11640", "2014-12-31": "3.05750", "2013-12-31": "3.14820", "2012-12-31": "1.35920", "2011-12-31": "-0.26590", "2010-12-31": "0.43540", "2009-12-31": "1.72890", "2008-12-31": "1.41190", "2007-12-31": "2.65180", "2006-12-31": "3.10910", "2005-12-31": "3.41070"}, "ROI - Return On Investment": {"2019-12-31": "8.93930", "2018-12-31": "9.74060", "2017-12-31": "9.01350", "2016-12-31": "6.79600", "2015-12-31": "3.32400", "2014-12-31": "3.26050", "2013-12-31": "3.33460", "2012-12-31": "1.44210", "2011-12-31": "-0.28020", "2010-12-31": "0.45810", "2009-12-31": "1.82280", "2008-12-31": "1.50330", "2007-12-31": "2.85560", "2006-12-31": "3.34390", "2005-12-31": "3.69500"}, "Book Value Per Share": {"2019-12-31": "14.57760", "2018-12-31": "13.64190", "2017-12-31": "14.09020", "2016-12-31": "13.40570", "2015-12-31": "12.46470", "2014-12-31": "13.38030", "2013-12-31": "13.84170", "2012-12-31": "14.32170", "2011-12-31": "15.09040", "2010-12-31": "16.43480", "2009-12-31": "17.54110", "2008-12-31": "18.99710", "2007-12-31": "17.28590", "2006-12-31": "13.12640", "2005-12-31": "12.86630"}, "Operating Cash Flow Per Share": {"2019-12-31": -0.1509, "2018-12-31": 0.1525, "2017-12-31": 0.1107, "2016-12-31": -0.0109, "2015-12-31": 0.0382, "2014-12-31": 0.0251, "2013-12-31": 0.0429, "2012-12-31": 0.0834, "2011-12-31": 0.0075, "2010-12-31": -0.4405, "2009-12-31": -0.375, "2008-12-31": 0.0804, "2007-12-31": -0.1311, "2006-12-31": 0.4909, "2005-12-31": 2.1523}, "Free Cash Flow Per Share": {"2019-12-31": -0.3479, "2018-12-31": -0.0333, "2017-12-31": -0.1275, "2016-12-31": -0.1245, "2015-12-31": 0.1764, "2014-12-31": -0.1577, "2013-12-31": 0.2009, "2012-12-31": 0.0788, "2011-12-31": -0.105, "2010-12-31": -1.1101, "2009-12-31": -0.375, "2008-12-31": 0.0804, "2007-12-31": -0.1311, "2006-12-31": 0.4909, "2005-12-31": 2.1523}}, "financial ratios, quarterly": {"Current Ratio": {"2020-09-30": "", "2020-06-30": "", "2020-03-31": "", "2019-12-31": "", "2019-09-30": "", "2019-06-30": "", "2019-03-31": "", "2018-12-31": "", "2018-09-30": "", "2018-06-30": "", "2018-03-31": "", "2017-12-31": "", "2017-09-30": "", "2017-06-30": "", "2017-03-31": "", "2016-12-31": "", "2016-09-30": "", "2016-06-30": "", "2016-03-31": "", "2015-12-31": "", "2015-09-30": "", "2015-06-30": "", "2015-03-31": "", "2014-12-31": "", "2014-09-30": "", "2014-06-30": "", "2014-03-31": "", "2013-12-31": "", "2013-09-30": "", "2013-06-30": "", "2013-03-31": "", "2012-12-31": "", "2012-09-30": "", "2012-06-30": "", "2012-03-31": "", "2011-12-31": "", "2011-09-30": "", "2011-06-30": "", "2011-03-31": "", "2010-12-31": "", "2010-09-30": "", "2010-06-30": "", "2010-03-31": "", "2009-12-31": "", "2009-09-30": "", "2009-06-30": "", "2009-03-31": "", "2008-12-31": "", "2008-09-30": "", "2008-06-30": "", "2008-03-31": "", "2007-12-31": "", "2007-09-30": "", "2007-06-30": "", "2007-03-31": "", "2006-12-31": "", "2006-09-30": "", "2006-06-30": "", "2006-03-31": "", "2005-12-31": "", "2005-09-30": "", "2005-06-30": "", "2005-03-31": ""}, "Long-term Debt / Capital": {"2020-09-30": "0.48490", "2020-06-30": "0.48440", "2020-03-31": "0.54430", "2019-12-31": "0.48010", "2019-09-30": "0.48390", "2019-06-30": "0.49900", "2019-03-31": "0.50400", "2018-12-31": "0.50620", "2018-09-30": "0.48260", "2018-06-30": "0.48710", "2018-03-31": "0.50290", "2017-12-31": "0.53490", "2017-09-30": "0.55360", "2017-06-30": "0.56560", "2017-03-31": "0.57080", "2016-12-31": "0.57850", "2016-09-30": "0.57800", "2016-06-30": "0.55140", "2016-03-31": "0.57430", "2015-12-31": "0.57770", "2015-09-30": "0.57900", "2015-06-30": "0.57600", "2015-03-31": "0.53670", "2014-12-31": "0.54080", "2014-09-30": "0.55230", "2014-06-30": "0.56960", "2014-03-31": "0.57180", "2013-12-31": "0.57670", "2013-09-30": "0.59000", "2013-06-30": "0.60240", "2013-03-31": "0.58220", "2012-12-31": "0.55880", "2012-09-30": "0.55350", "2012-06-30": "0.54980", "2012-03-31": "0.58060", "2011-12-31": "0.58130", "2011-09-30": "0.58580", "2011-06-30": "0.57650", "2011-03-31": "0.57470", "2010-12-31": "0.56670", "2010-09-30": "0.56150", "2010-06-30": "0.55610", "2010-03-31": "0.54330", "2009-12-31": "0.54580", "2009-09-30": "0.56930", "2009-06-30": "0.55660", "2009-03-31": "0.65550", "2008-12-31": "0.65550", "2008-09-30": "0.70480", "2008-06-30": "0.68300", "2008-03-31": "0.68890", "2007-12-31": "0.68260", "2007-09-30": "0.66970", "2007-06-30": "0.67820", "2007-03-31": "0.68330", "2006-12-31": "0.72320", "2006-09-30": "0.72950", "2006-06-30": "0.66070", "2006-03-31": "0.66830", "2005-12-31": "0.66660", "2005-09-30": "0.66280", "2005-06-30": "0.66420", "2005-03-31": "0.66360"}, "Debt/Equity Ratio": {"2020-09-30": "0.94140", "2020-06-30": "0.93940", "2020-03-31": "1.19450", "2019-12-31": "0.92330", "2019-09-30": "0.93760", "2019-06-30": "0.99580", "2019-03-31": "1.01600", "2018-12-31": "1.02510", "2018-09-30": "0.93260", "2018-06-30": "0.94970", "2018-03-31": "1.01170", "2017-12-31": "1.14990", "2017-09-30": "1.24030", "2017-06-30": "1.30190", "2017-03-31": "1.33010", "2016-12-31": "1.37260", "2016-09-30": "1.36960", "2016-06-30": "1.22910", "2016-03-31": "1.34930", "2015-12-31": "1.36780", "2015-09-30": "1.37520", "2015-06-30": "1.35850", "2015-03-31": "1.15840", "2014-12-31": "1.17760", "2014-09-30": "1.23380", "2014-06-30": "1.32320", "2014-03-31": "1.33510", "2013-12-31": "1.36250", "2013-09-30": "1.43880", "2013-06-30": "1.51530", "2013-03-31": "1.39330", "2012-12-31": "1.26660", "2012-09-30": "1.23960", "2012-06-30": "1.22110", "2012-03-31": "1.38430", "2011-12-31": "1.38840", "2011-09-30": "1.41410", "2011-06-30": "1.36140", "2011-03-31": "1.35110", "2010-12-31": "1.30760", "2010-09-30": "1.28060", "2010-06-30": "1.25260", "2010-03-31": "1.18980", "2009-12-31": "1.20180", "2009-09-30": "1.32170", "2009-06-30": "1.25530", "2009-03-31": "1.90290", "2008-12-31": "1.90290", "2008-09-30": "2.38780", "2008-06-30": "2.15490", "2008-03-31": "2.21440", "2007-12-31": "2.15040", "2007-09-30": "2.02790", "2007-06-30": "2.10800", "2007-03-31": "2.15770", "2006-12-31": "2.61240", "2006-09-30": "2.69680", "2006-06-30": "1.94730", "2006-03-31": "2.01450", "2005-12-31": "1.99940", "2005-09-30": "1.96520", "2005-06-30": "1.97810", "2005-03-31": "1.97270"}, "Gross Margin": {"2020-09-30": "", "2020-06-30": "", "2020-03-31": "", "2019-12-31": "", "2019-09-30": "", "2019-06-30": "", "2019-03-31": "", "2018-12-31": "", "2018-09-30": "", "2018-06-30": "", "2018-03-31": "", "2017-12-31": "", "2017-09-30": "", "2017-06-30": "", "2017-03-31": "", "2016-12-31": "", "2016-09-30": "", "2016-06-30": "", "2016-03-31": "", "2015-12-31": "", "2015-09-30": "", "2015-06-30": "", "2015-03-31": "", "2014-12-31": "", "2014-09-30": "", "2014-06-30": "", "2014-03-31": "", "2013-12-31": "", "2013-09-30": "", "2013-06-30": "", "2013-03-31": "", "2012-12-31": "", "2012-09-30": "", "2012-06-30": "", "2012-03-31": "", "2011-12-31": "", "2011-09-30": "", "2011-06-30": "", "2011-03-31": "", "2010-12-31": "", "2010-09-30": "", "2010-06-30": "", "2010-03-31": "", "2009-12-31": "", "2009-09-30": "", "2009-06-30": "", "2009-03-31": "", "2008-12-31": "", "2008-09-30": "", "2008-06-30": "", "2008-03-31": "", "2007-12-31": "", "2007-09-30": "", "2007-06-30": "", "2007-03-31": "", "2006-12-31": "", "2006-09-30": "", "2006-06-30": "", "2006-03-31": "", "2005-12-31": "", "2005-09-30": "", "2005-06-30": "", "2005-03-31": ""}, "Operating Margin": {"2020-09-30": "22.13430", "2020-06-30": "12.10270", "2020-03-31": "30.69280", "2019-12-31": "32.35680", "2019-09-30": "34.14000", "2019-06-30": "32.86320", "2019-03-31": "31.77900", "2018-12-31": "31.53290", "2018-09-30": "32.78440", "2018-06-30": "30.92920", "2018-03-31": "36.12860", "2017-12-31": "33.80790", "2017-09-30": "34.49030", "2017-06-30": "33.94600", "2017-03-31": "21.86850", "2016-12-31": "35.55230", "2016-09-30": "34.28670", "2016-06-30": "35.51550", "2016-03-31": "36.70530", "2015-12-31": "35.15360", "2015-09-30": "36.86220", "2015-06-30": "36.30880", "2015-03-31": "35.72000", "2014-12-31": "34.86780", "2014-09-30": "37.40010", "2014-06-30": "36.45640", "2014-03-31": "32.75360", "2013-12-31": "30.80170", "2013-09-30": "32.83400", "2013-06-30": "34.64000", "2013-03-31": "32.49850", "2012-12-31": "31.07190", "2012-09-30": "33.86560", "2012-06-30": "34.01100", "2012-03-31": "28.77310", "2011-12-31": "31.53190", "2011-09-30": "12.05350", "2011-06-30": "21.88930", "2011-03-31": "35.59400", "2010-12-31": "-19.82330", "2010-09-30": "38.99550", "2010-06-30": "37.91100", "2010-03-31": "37.54280", "2009-12-31": "38.80730", "2009-09-30": "39.55670", "2009-06-30": "37.19340", "2009-03-31": "41.43380", "2008-12-31": "33.67240", "2008-09-30": "43.36710", "2008-06-30": "41.12580", "2008-03-31": "38.40870", "2007-12-31": "43.12420", "2007-09-30": "43.30180", "2007-06-30": "44.59560", "2007-03-31": "45.67170", "2006-12-31": "43.69670", "2006-09-30": "43.72960", "2006-06-30": "45.53890", "2006-03-31": "47.19220", "2005-12-31": "46.45160", "2005-09-30": "46.49680", "2005-06-30": "48.18640", "2005-03-31": "47.36020"}, "EBIT Margin": {"2020-09-30": "22.13430", "2020-06-30": "12.10270", "2020-03-31": "30.69280", "2019-12-31": "32.35680", "2019-09-30": "34.14000", "2019-06-30": "32.86320", "2019-03-31": "31.77900", "2018-12-31": "31.53290", "2018-09-30": "32.78440", "2018-06-30": "30.92920", "2018-03-31": "36.12860", "2017-12-31": "33.80790", "2017-09-30": "34.49030", "2017-06-30": "33.94600", "2017-03-31": "21.86850", "2016-12-31": "35.55230", "2016-09-30": "34.28670", "2016-06-30": "35.51550", "2016-03-31": "36.70530", "2015-12-31": "35.15350", "2015-09-30": "36.86220", "2015-06-30": "36.30880", "2015-03-31": "35.72000", "2014-12-31": "34.86780", "2014-09-30": "37.40010", "2014-06-30": "36.45640", "2014-03-31": "32.75360", "2013-12-31": "30.80170", "2013-09-30": "32.83400", "2013-06-30": "34.64000", "2013-03-31": "32.49850", "2012-12-31": "31.07190", "2012-09-30": "33.86560", "2012-06-30": "34.01100", "2012-03-31": "28.77310", "2011-12-31": "31.53190", "2011-09-30": "12.05350", "2011-06-30": "21.88930", "2011-03-31": "35.59400", "2010-12-31": "-19.82330", "2010-09-30": "38.99550", "2010-06-30": "37.91100", "2010-03-31": "37.54280", "2009-12-31": "38.80730", "2009-09-30": "39.55670", "2009-06-30": "37.19340", "2009-03-31": "41.43380", "2008-12-31": "33.67240", "2008-09-30": "43.36710", "2008-06-30": "41.12580", "2008-03-31": "38.40870", "2007-12-31": "43.12420", "2007-09-30": "43.30180", "2007-06-30": "44.59560", "2007-03-31": "45.67170", "2006-12-31": "43.69670", "2006-09-30": "43.72960", "2006-06-30": "45.53890", "2006-03-31": "47.19220", "2005-12-31": "46.45160", "2005-09-30": "46.49680", "2005-06-30": "48.18640", "2005-03-31": "47.36020"}, "EBITDA Margin": {"2020-09-30": "", "2020-06-30": "", "2020-03-31": "", "2019-12-31": "", "2019-09-30": "", "2019-06-30": "", "2019-03-31": "", "2018-12-31": "", "2018-09-30": "", "2018-06-30": "", "2018-03-31": "", "2017-12-31": "", "2017-09-30": "", "2017-06-30": "", "2017-03-31": "", "2016-12-31": "", "2016-09-30": "", "2016-06-30": "", "2016-03-31": "", "2015-12-31": "", "2015-09-30": "", "2015-06-30": "", "2015-03-31": "", "2014-12-31": "", "2014-09-30": "", "2014-06-30": "", "2014-03-31": "", "2013-12-31": "", "2013-09-30": "", "2013-06-30": "", "2013-03-31": "", "2012-12-31": "", "2012-09-30": "", "2012-06-30": "", "2012-03-31": "", "2011-12-31": "", "2011-09-30": "", "2011-06-30": "", "2011-03-31": "", "2010-12-31": "", "2010-09-30": "", "2010-06-30": "", "2010-03-31": "", "2009-12-31": "", "2009-09-30": "", "2009-06-30": "", "2009-03-31": "", "2008-12-31": "", "2008-09-30": "", "2008-06-30": "", "2008-03-31": "", "2007-12-31": "", "2007-09-30": "", "2007-06-30": "", "2007-03-31": "", "2006-12-31": "", "2006-09-30": "", "2006-06-30": "", "2006-03-31": "", "2005-12-31": "", "2005-09-30": "", "2005-06-30": "", "2005-03-31": ""}, "Pre-Tax Profit Margin": {"2020-09-30": "20.33020", "2020-06-30": "9.46860", "2020-03-31": "24.53750", "2019-12-31": "62.49610", "2019-09-30": "84.73160", "2019-06-30": "64.68200", "2019-03-31": "37.36780", "2018-12-31": "44.98700", "2018-09-30": "35.05940", "2018-06-30": "52.95170", "2018-03-31": "108.53670", "2017-12-31": "166.58390", "2017-09-30": "25.30780", "2017-06-30": "25.82880", "2017-03-31": "12.02400", "2016-12-31": "96.11310", "2016-09-30": "29.10120", "2016-06-30": "27.00110", "2016-03-31": "52.41700", "2015-12-31": "25.51640", "2015-09-30": "24.32350", "2015-06-30": "23.18300", "2015-03-31": "21.78440", "2014-12-31": "23.27960", "2014-09-30": "24.83820", "2014-06-30": "22.82950", "2014-03-31": "18.50190", "2013-12-31": "44.11480", "2013-09-30": "17.40690", "2013-06-30": "18.15080", "2013-03-31": "34.62790", "2012-12-31": "24.89310", "2012-09-30": "18.42230", "2012-06-30": "-2.87110", "2012-03-31": "12.54950", "2011-12-31": "9.12680", "2011-09-30": "-19.69010", "2011-06-30": "-4.08600", "2011-03-31": "9.14170", "2010-12-31": "-30.14460", "2010-09-30": "12.90280", "2010-06-30": "1.88690", "2010-03-31": "14.38240", "2009-12-31": "6.32670", "2009-09-30": "2.21350", "2009-06-30": "23.86340", "2009-03-31": "31.80800", "2008-12-31": "-25.52520", "2008-09-30": "21.81640", "2008-06-30": "23.21260", "2008-03-31": "18.13770", "2007-12-31": "23.52650", "2007-09-30": "24.13410", "2007-06-30": "24.49650", "2007-03-31": "25.03010", "2006-12-31": "13.86310", "2006-09-30": "41.82740", "2006-06-30": "22.19960", "2006-03-31": "25.21920", "2005-12-31": "15.17010", "2005-09-30": "22.62740", "2005-06-30": "40.31260", "2005-03-31": "23.53230"}, "Net Profit Margin": {"2020-09-30": "22.33010", "2020-06-30": "11.58400", "2020-03-31": "47.25740", "2019-12-31": "62.96240", "2019-09-30": "87.95340", "2019-06-30": "68.32630", "2019-03-31": "40.33360", "2018-12-31": "46.55570", "2018-09-30": "33.37290", "2018-06-30": "55.09970", "2018-03-31": "110.85070", "2017-12-31": "120.52130", "2017-09-30": "50.39830", "2017-06-30": "43.72740", "2017-03-31": "21.45720", "2016-12-31": "32.29530", "2016-09-30": "37.44690", "2016-06-30": "26.39820", "2016-03-31": "80.86120", "2015-12-31": "36.46240", "2015-09-30": "33.18450", "2015-06-30": "19.89050", "2015-03-31": "35.77820", "2014-12-31": "68.41290", "2014-09-30": "74.79180", "2014-06-30": "25.10620", "2014-03-31": "47.48970", "2013-12-31": "37.45830", "2013-09-30": "46.90270", "2013-06-30": "37.23190", "2013-03-31": "28.57410", "2012-12-31": "46.93690", "2012-09-30": "25.67390", "2012-06-30": "19.01400", "2012-03-31": "10.37690", "2011-12-31": "32.45700", "2011-09-30": "-34.25520", "2011-06-30": "-5.81070", "2011-03-31": "6.11900", "2010-12-31": "-4.18020", "2010-09-30": "6.45700", "2010-06-30": "-4.03950", "2010-03-31": "7.46800", "2009-12-31": "59.35630", "2009-09-30": "-6.55890", "2009-06-30": "27.55190", "2009-03-31": "22.95720", "2008-12-31": "-7.03070", "2008-09-30": "17.49470", "2008-06-30": "42.63150", "2008-03-31": "17.63540", "2007-12-31": "40.35600", "2007-09-30": "25.03190", "2007-06-30": "49.22230", "2007-03-31": "32.69860", "2006-12-31": "42.81260", "2006-09-30": "74.23820", "2006-06-30": "66.49410", "2006-03-31": "39.67010", "2005-12-31": "50.55800", "2005-09-30": "45.06220", "2005-06-30": "51.74710", "2005-03-31": "26.27240"}, "Asset Turnover": {"2020-09-30": "0.02870", "2020-06-30": "0.02510", "2020-03-31": "0.02540", "2019-12-31": "0.03030", "2019-09-30": "0.03100", "2019-06-30": "0.03160", "2019-03-31": "0.03210", "2018-12-31": "0.03340", "2018-09-30": "0.03220", "2018-06-30": "0.03530", "2018-03-31": "0.03220", "2017-12-31": "0.03320", "2017-09-30": "0.03340", "2017-06-30": "0.03360", "2017-03-31": "0.03300", "2016-12-31": "0.03230", "2016-09-30": "0.03160", "2016-06-30": "0.03360", "2016-03-31": "0.03280", "2015-12-31": "0.03320", "2015-09-30": "0.03360", "2015-06-30": "0.03290", "2015-03-31": "0.03270", "2014-12-31": "0.03310", "2014-09-30": "0.03380", "2014-06-30": "0.03370", "2014-03-31": "0.03300", "2013-12-31": "0.02980", "2013-09-30": "0.02990", "2013-06-30": "0.02960", "2013-03-31": "0.02810", "2012-12-31": "0.02190", "2012-09-30": "0.02870", "2012-06-30": "0.02810", "2012-03-31": "0.02630", "2011-12-31": "0.01490", "2011-09-30": "0.02630", "2011-06-30": "0.02590", "2011-03-31": "0.02470", "2010-12-31": "0.01300", "2010-09-30": "0.02790", "2010-06-30": "0.02870", "2010-03-31": "0.02880", "2009-12-31": "0.02500", "2009-09-30": "0.02840", "2009-06-30": "0.02800", "2009-03-31": "0.02820", "2008-12-31": "0.02640", "2008-09-30": "0.03010", "2008-06-30": "0.03000", "2008-03-31": "0.03000", "2007-12-31": "0.02470", "2007-09-30": "0.03130", "2007-06-30": "0.03080", "2007-03-31": "0.03160", "2006-12-31": "0.02770", "2006-09-30": "0.03140", "2006-06-30": "0.03390", "2006-03-31": "0.03470", "2005-12-31": "0.02590", "2005-09-30": "0.03570", "2005-06-30": "0.03600", "2005-03-31": "0.03720"}, "Inventory Turnover Ratio": {"2020-09-30": "", "2020-06-30": "", "2020-03-31": "", "2019-12-31": "", "2019-09-30": "", "2019-06-30": "", "2019-03-31": "", "2018-12-31": "", "2018-09-30": "", "2018-06-30": "", "2018-03-31": "", "2017-12-31": "", "2017-09-30": "", "2017-06-30": "", "2017-03-31": "", "2016-12-31": "", "2016-09-30": "", "2016-06-30": "", "2016-03-31": "", "2015-12-31": "", "2015-09-30": "", "2015-06-30": "", "2015-03-31": "", "2014-12-31": "", "2014-09-30": "", "2014-06-30": "", "2014-03-31": "", "2013-12-31": "", "2013-09-30": "", "2013-06-30": "", "2013-03-31": "", "2012-12-31": "", "2012-09-30": "", "2012-06-30": "", "2012-03-31": "", "2011-12-31": "", "2011-09-30": "", "2011-06-30": "", "2011-03-31": "", "2010-12-31": "", "2010-09-30": "", "2010-06-30": "", "2010-03-31": "", "2009-12-31": "", "2009-09-30": "", "2009-06-30": "", "2009-03-31": "", "2008-12-31": "", "2008-09-30": "", "2008-06-30": "", "2008-03-31": "", "2007-12-31": "", "2007-09-30": "", "2007-06-30": "", "2007-03-31": "", "2006-12-31": "", "2006-09-30": "", "2006-06-30": "", "2006-03-31": "", "2005-12-31": "", "2005-09-30": "", "2005-06-30": "", "2005-03-31": ""}, "Receiveable Turnover": {"2020-09-30": "", "2020-06-30": "", "2020-03-31": "", "2019-12-31": "", "2019-09-30": "", "2019-06-30": "", "2019-03-31": "", "2018-12-31": "", "2018-09-30": "", "2018-06-30": "", "2018-03-31": "", "2017-12-31": "", "2017-09-30": "", "2017-06-30": "", "2017-03-31": "", "2016-12-31": "", "2016-09-30": "", "2016-06-30": "", "2016-03-31": "", "2015-12-31": "", "2015-09-30": "", "2015-06-30": "", "2015-03-31": "", "2014-12-31": "", "2014-09-30": "", "2014-06-30": "", "2014-03-31": "", "2013-12-31": "", "2013-09-30": "", "2013-06-30": "", "2013-03-31": "", "2012-12-31": "", "2012-09-30": "", "2012-06-30": "", "2012-03-31": "", "2011-12-31": "", "2011-09-30": "", "2011-06-30": "", "2011-03-31": "", "2010-12-31": "", "2010-09-30": "", "2010-06-30": "", "2010-03-31": "", "2009-12-31": "", "2009-09-30": "", "2009-06-30": "", "2009-03-31": "", "2008-12-31": "", "2008-09-30": "", "2008-06-30": "", "2008-03-31": "", "2007-12-31": "", "2007-09-30": "", "2007-06-30": "", "2007-03-31": "", "2006-12-31": "", "2006-09-30": "", "2006-06-30": "", "2006-03-31": "", "2005-12-31": "", "2005-09-30": "", "2005-06-30": "", "2005-03-31": ""}, "Days Sales In Receivables": {"2020-09-30": "", "2020-06-30": "", "2020-03-31": "", "2019-12-31": "", "2019-09-30": "", "2019-06-30": "", "2019-03-31": "", "2018-12-31": "", "2018-09-30": "", "2018-06-30": "", "2018-03-31": "", "2017-12-31": "", "2017-09-30": "", "2017-06-30": "", "2017-03-31": "", "2016-12-31": "", "2016-09-30": "", "2016-06-30": "", "2016-03-31": "", "2015-12-31": "", "2015-09-30": "", "2015-06-30": "", "2015-03-31": "", "2014-12-31": "", "2014-09-30": "", "2014-06-30": "", "2014-03-31": "", "2013-12-31": "", "2013-09-30": "", "2013-06-30": "", "2013-03-31": "", "2012-12-31": "", "2012-09-30": "", "2012-06-30": "", "2012-03-31": "", "2011-12-31": "", "2011-09-30": "", "2011-06-30": "", "2011-03-31": "", "2010-12-31": "", "2010-09-30": "", "2010-06-30": "", "2010-03-31": "", "2009-12-31": "", "2009-09-30": "", "2009-06-30": "", "2009-03-31": "", "2008-12-31": "", "2008-09-30": "", "2008-06-30": "", "2008-03-31": "", "2007-12-31": "", "2007-09-30": "", "2007-06-30": "", "2007-03-31": "", "2006-12-31": "", "2006-09-30": "", "2006-06-30": "", "2006-03-31": "", "2005-12-31": "", "2005-09-30": "", "2005-06-30": "", "2005-03-31": ""}, "ROE - Return On Equity": {"2020-09-30": "1.49420", "2020-06-30": "0.66700", "2020-03-31": "2.90680", "2019-12-31": "4.11970", "2019-09-30": "5.85750", "2019-06-30": "4.76470", "2019-03-31": "2.91140", "2018-12-31": "3.61160", "2018-09-30": "2.77080", "2018-06-30": "4.15130", "2018-03-31": "7.81440", "2017-12-31": "14.21220", "2017-09-30": "2.01050", "2017-06-30": "2.10040", "2017-03-31": "1.18110", "2016-12-31": "8.00710", "2016-09-30": "2.31510", "2016-06-30": "2.19310", "2016-03-31": "3.91410", "2015-12-31": "2.15670", "2015-09-30": "2.07860", "2015-06-30": "1.92740", "2015-03-31": "1.59350", "2014-12-31": "1.75310", "2014-09-30": "2.00970", "2014-06-30": "2.02950", "2014-03-31": "1.47310", "2013-12-31": "2.86220", "2013-09-30": "1.36040", "2013-06-30": "1.41790", "2013-03-31": "2.45710", "2012-12-31": "1.33680", "2012-09-30": "1.21390", "2012-06-30": "-0.17390", "2012-03-31": "0.82750", "2011-12-31": "0.33990", "2011-09-30": "-1.33850", "2011-06-30": "-0.25230", "2011-03-31": "0.56770", "2010-12-31": "-0.93710", "2010-09-30": "0.86180", "2010-06-30": "0.14370", "2010-03-31": "0.92300", "2009-12-31": "0.40400", "2009-09-30": "-0.05650", "2009-06-30": "1.71090", "2009-03-31": "2.45910", "2008-12-31": "-1.28250", "2008-09-30": "2.36660", "2008-06-30": "2.28540", "2008-03-31": "1.84140", "2007-12-31": "1.82660", "2007-09-30": "2.38780", "2007-06-30": "2.46400", "2007-03-31": "2.66640", "2006-12-31": "1.49480", "2006-09-30": "5.13020", "2006-06-30": "2.43390", "2006-03-31": "2.79230", "2005-12-31": "1.27500", "2005-09-30": "2.58970", "2005-06-30": "4.69470", "2005-03-31": "2.78990"}, "Return On Tangible Equity": {"2020-09-30": "1.49420", "2020-06-30": "0.66700", "2020-03-31": "2.90680", "2019-12-31": "4.11970", "2019-09-30": "5.85750", "2019-06-30": "4.76470", "2019-03-31": "2.91140", "2018-12-31": "3.61160", "2018-09-30": "2.77080", "2018-06-30": "4.15130", "2018-03-31": "7.81440", "2017-12-31": "14.21220", "2017-09-30": "2.01050", "2017-06-30": "2.10040", "2017-03-31": "1.18110", "2016-12-31": "8.00710", "2016-09-30": "2.31510", "2016-06-30": "2.19310", "2016-03-31": "3.91410", "2015-12-31": "2.15670", "2015-09-30": "2.07860", "2015-06-30": "1.92740", "2015-03-31": "1.59350", "2014-12-31": "1.75310", "2014-09-30": "2.00970", "2014-06-30": "2.02950", "2014-03-31": "1.47310", "2013-12-31": "2.86220", "2013-09-30": "1.36040", "2013-06-30": "1.41790", "2013-03-31": "2.45710", "2012-12-31": "1.33680", "2012-09-30": "1.21390", "2012-06-30": "-0.17390", "2012-03-31": "0.82750", "2011-12-31": "0.33990", "2011-09-30": "-1.33850", "2011-06-30": "-0.25230", "2011-03-31": "0.56770", "2010-12-31": "-0.93710", "2010-09-30": "0.86180", "2010-06-30": "0.14370", "2010-03-31": "0.92300", "2009-12-31": "0.40400", "2009-09-30": "-0.05650", "2009-06-30": "1.71090", "2009-03-31": "2.45910", "2008-12-31": "-1.28250", "2008-09-30": "2.36660", "2008-06-30": "2.28530", "2008-03-31": "1.84140", "2007-12-31": "1.82660", "2007-09-30": "2.38780", "2007-06-30": "2.46400", "2007-03-31": "2.66640", "2006-12-31": "1.49480", "2006-09-30": "5.13020", "2006-06-30": "2.43390", "2006-03-31": "2.79230", "2005-12-31": "1.27500", "2005-09-30": "2.58970", "2005-06-30": "4.69470", "2005-03-31": "2.78990"}, "ROA - Return On Assets": {"2020-09-30": "0.70230", "2020-06-30": "0.31680", "2020-03-31": "1.23720", "2019-12-31": "1.96280", "2019-09-30": "2.77330", "2019-06-30": "2.19980", "2019-03-31": "1.33560", "2018-12-31": "1.65220", "2018-09-30": "1.33280", "2018-06-30": "1.98440", "2018-03-31": "3.62530", "2017-12-31": "6.12920", "2017-09-30": "0.83220", "2017-06-30": "0.85050", "2017-03-31": "0.47410", "2016-12-31": "3.10540", "2016-09-30": "0.89510", "2016-06-30": "0.90800", "2016-03-31": "1.57440", "2015-12-31": "0.85400", "2015-09-30": "0.82040", "2015-06-30": "0.76930", "2015-03-31": "0.69590", "2014-12-31": "0.75490", "2014-09-30": "0.84700", "2014-06-30": "0.82320", "2014-03-31": "0.59770", "2013-12-31": "1.14380", "2013-09-30": "0.52660", "2013-06-30": "0.53400", "2013-03-31": "0.97780", "2012-12-31": "0.55590", "2012-09-30": "0.51170", "2012-06-30": "-0.07410", "2012-03-31": "0.33090", "2011-12-31": "0.13510", "2011-09-30": "-0.52790", "2011-06-30": "-0.10200", "2011-03-31": "0.23200", "2010-12-31": "-0.38600", "2010-09-30": "0.36020", "2010-06-30": "0.06090", "2010-03-31": "0.40390", "2009-12-31": "0.17400", "2009-09-30": "-0.02310", "2009-06-30": "0.71290", "2009-03-31": "0.80120", "2008-12-31": "-0.41490", "2008-09-30": "0.64230", "2008-06-30": "0.66620", "2008-03-31": "0.53000", "2007-12-31": "0.53840", "2007-09-30": "0.73660", "2007-06-30": "0.73150", "2007-03-31": "0.79070", "2006-12-31": "0.38470", "2006-09-30": "1.28480", "2006-06-30": "0.76100", "2006-03-31": "0.86170", "2005-12-31": "0.39240", "2005-09-30": "0.80720", "2005-06-30": "1.45290", "2005-03-31": "0.87610"}, "ROI - Return On Investment": {"2020-09-30": "0.76970", "2020-06-30": "0.34390", "2020-03-31": "1.32460", "2019-12-31": "2.14190", "2019-09-30": "3.02310", "2019-06-30": "2.38730", "2019-03-31": "1.44420", "2018-12-31": "1.78340", "2018-09-30": "1.43370", "2018-06-30": "2.12920", "2018-03-31": "3.88450", "2017-12-31": "6.61060", "2017-09-30": "0.89740", "2017-06-30": "0.91250", "2017-03-31": "0.50690", "2016-12-31": "3.37490", "2016-09-30": "0.97700", "2016-06-30": "0.98380", "2016-03-31": "1.66610", "2015-12-31": "0.91090", "2015-09-30": "0.87510", "2015-06-30": "0.81720", "2015-03-31": "0.73830", "2014-12-31": "0.80510", "2014-09-30": "0.89970", "2014-06-30": "0.87360", "2014-03-31": "0.63090", "2013-12-31": "1.21150", "2013-09-30": "0.55780", "2013-06-30": "0.56370", "2013-03-31": "1.02670", "2012-12-31": "0.58980", "2012-09-30": "0.54200", "2012-06-30": "-0.07830", "2012-03-31": "0.34710", "2011-12-31": "0.14230", "2011-09-30": "-0.55440", "2011-06-30": "-0.10690", "2011-03-31": "0.24150", "2010-12-31": "-0.40610", "2010-09-30": "0.37790", "2010-06-30": "0.06380", "2010-03-31": "0.42150", "2009-12-31": "0.18350", "2009-09-30": "-0.02430", "2009-06-30": "0.75860", "2009-03-31": "0.84710", "2008-12-31": "-0.44180", "2008-09-30": "0.69860", "2008-06-30": "0.72440", "2008-03-31": "0.57290", "2007-12-31": "0.57980", "2007-09-30": "0.78860", "2007-06-30": "0.79280", "2007-03-31": "0.84440", "2006-12-31": "0.41380", "2006-09-30": "1.38780", "2006-06-30": "0.82580", "2006-03-31": "0.92630", "2005-12-31": "0.42510", "2005-09-30": "0.87340", "2005-06-30": "1.57640", "2005-03-31": "0.93850"}, "Book Value Per Share": {"2020-09-30": "14.34200", "2020-06-30": "14.48630", "2020-03-31": "14.56830", "2019-12-31": "14.57760", "2019-09-30": "14.39680", "2019-06-30": "13.94930", "2019-03-31": "13.68420", "2018-12-31": "13.64190", "2018-09-30": "14.98320", "2018-06-30": "15.02250", "2018-03-31": "14.84630", "2017-12-31": "14.09020", "2017-09-30": "13.90200", "2017-06-30": "13.70610", "2017-03-31": "13.60630", "2016-12-31": "13.40570", "2016-09-30": "13.23160", "2016-06-30": "13.06240", "2016-03-31": "12.99410", "2015-12-31": "12.46470", "2015-09-30": "12.40400", "2015-06-30": "12.40100", "2015-03-31": "13.55770", "2014-12-31": "13.38030", "2014-09-30": "13.30900", "2014-06-30": "12.81940", "2014-03-31": "12.85110", "2013-12-31": "13.84170", "2013-09-30": "13.07440", "2013-06-30": "12.72320", "2013-03-31": "13.69720", "2012-12-31": "14.32170", "2012-09-30": "14.80720", "2012-06-30": "14.82300", "2012-03-31": "14.89730", "2011-12-31": "15.09040", "2011-09-30": "15.24930", "2011-06-30": "15.90430", "2011-03-31": "16.21710", "2010-12-31": "16.43480", "2010-09-30": "16.69810", "2010-06-30": "16.87470", "2010-03-31": "17.34940", "2009-12-31": "17.54110", "2009-09-30": "17.21010", "2009-06-30": "17.69050", "2009-03-31": "19.05730", "2008-12-31": "18.99710", "2008-09-30": "16.53570", "2008-06-30": "17.61160", "2008-03-31": "17.29610", "2007-12-31": "17.28590", "2007-09-30": "17.71350", "2007-06-30": "15.88040", "2007-03-31": "15.50040", "2006-12-31": "13.12640", "2006-09-30": "12.96670", "2006-06-30": "13.58680", "2006-03-31": "13.02410", "2005-12-31": "12.86630", "2005-09-30": "12.80060", "2005-06-30": "12.58830", "2005-03-31": "12.25980"}, "Operating Cash Flow Per Share": {"2020-09-30": 0.4738, "2020-06-30": 0.3569, "2020-03-31": "0.49160", "2019-12-31": 0.4683, "2019-09-30": 0.5722, "2019-06-30": 0.5966, "2019-03-31": "0.43840", "2018-12-31": 0.554, "2018-09-30": 0.5952, "2018-06-30": 0.621, "2018-03-31": "0.45620", "2017-12-31": 0.3729, "2017-09-30": 0.6189, "2017-06-30": 0.6625, "2017-03-31": "0.41960", "2016-12-31": 0.4224, "2016-09-30": 0.5654, "2016-06-30": 0.5376, "2016-03-31": "0.43780", "2015-12-31": 0.5004, "2015-09-30": 0.5123, "2015-06-30": 0.502, "2015-03-31": "0.45940", "2014-12-31": 0.5041, "2014-09-30": 0.5119, "2014-06-30": 0.5828, "2014-03-31": "0.33710", "2013-12-31": 0.5157, "2013-09-30": 0.487, "2013-06-30": 0.6001, "2013-03-31": "0.30800", "2012-12-31": 0.5366, "2012-09-30": 0.4243, "2012-06-30": 0.5355, "2012-03-31": "0.37150", "2011-12-31": 0.5165, "2011-09-30": 0.3998, "2011-06-30": 0.6367, "2011-03-31": "0.23150", "2010-12-31": 0.4688, "2010-09-30": 0.4704, "2010-06-30": 0.5393, "2010-03-31": "0.29850", "2009-12-31": 0.6324, "2009-09-30": 0.4137, "2009-06-30": 0.4804, "2009-03-31": "0.69100", "2008-12-31": 0.7243, "2008-09-30": 0.7277, "2008-06-30": 1.0268, "2008-03-31": "0.11370", "2007-12-31": 0.8124, "2007-09-30": 0.5877, "2007-06-30": 1.1063, "2007-03-31": "0.00570", "2006-12-31": 1.124, "2006-09-30": 0.3655, "2006-06-30": 0.7464, "2006-03-31": "0.40730", "2005-12-31": 0.5418, "2005-09-30": 0.4188, "2005-06-30": 0.8556, "2005-03-31": "0.33610"}, "Free Cash Flow Per Share": {"2020-09-30": 0.2002, "2020-06-30": 0.087, "2020-03-31": "0.15060", "2019-12-31": 0.066, "2019-09-30": 0.3035, "2019-06-30": 0.2366, "2019-03-31": "0.06150", "2018-12-31": 0.2231, "2018-09-30": 0.2549, "2018-06-30": 0.3044, "2018-03-31": "0.23310", "2017-12-31": 0.1276, "2017-09-30": 0.3995, "2017-06-30": 0.5049, "2017-03-31": "0.01680", "2016-12-31": 0.2417, "2016-09-30": 0.3805, "2016-06-30": 0.3183, "2016-03-31": "0.23580", "2015-12-31": 0.3015, "2015-09-30": 0.347, "2015-06-30": 0.3321, "2015-03-31": "0.32020", "2014-12-31": 0.3128, "2014-09-30": 0.1829, "2014-06-30": 0.4098, "2014-03-31": "0.21890", "2013-12-31": 0.2951, "2013-09-30": 0.3289, "2013-06-30": 0.4655, "2013-03-31": "0.19260", "2012-12-31": 0.3108, "2012-09-30": 0.2411, "2012-06-30": 0.3113, "2012-03-31": "0.21800", "2011-12-31": 0.2857, "2011-09-30": 0.1543, "2011-06-30": 0.458, "2011-03-31": "0.10440", "2010-12-31": -0.2008, "2010-09-30": 0.4704, "2010-06-30": 0.5393, "2010-03-31": "0.29850", "2009-12-31": 0.6324, "2009-09-30": 0.4137, "2009-06-30": 0.4804, "2009-03-31": "0.69100", "2008-12-31": 0.7243, "2008-09-30": 0.7277, "2008-06-30": 1.0268, "2008-03-31": "0.11370", "2007-12-31": 0.8124, "2007-09-30": 0.5877, "2007-06-30": 1.1063, "2007-03-31": "0.00570", "2006-12-31": 1.124, "2006-09-30": 0.3655, "2006-06-30": 0.7464, "2006-03-31": "0.40730", "2005-12-31": 0.5418, "2005-09-30": 0.4188, "2005-06-30": 0.8556, "2005-03-31": "0.33610"}}, "revenue": {"Weingarten Realty Investors Annual Revenue (Millions of US $)": {"2019": "$487", "2018": "$531", "2017": "$573", "2016": "$550", "2015": "$513", "2014": "$514", "2013": "$489", "2012": "$451", "2011": "$433", "2010": "$471", "2009": "$552", "2008": "$593", "2007": "$561", "2006": "$523", "2005": "$488"}, "Weingarten Realty Investors Quarterly Revenue (Millions of US $)": {"2020-09-30": "$112", "2020-06-30": "$98", "2020-03-31": "$111", "2019-12-31": "$119", "2019-09-30": "$121", "2019-06-30": "$123", "2019-03-31": "$123", "2018-12-31": "$128", "2018-09-30": "$129", "2018-06-30": "$142", "2018-03-31": "$132", "2017-12-31": "$139", "2017-09-30": "$144", "2017-06-30": "$146", "2017-03-31": "$144", "2016-12-31": "$143", "2016-09-30": "$139", "2016-06-30": "$136", "2016-03-31": "$132", "2015-12-31": "$130", "2015-09-30": "$131", "2015-06-30": "$127", "2015-03-31": "$126", "2014-12-31": "$126", "2014-09-30": "$131", "2014-06-30": "$130", "2014-03-31": "$128", "2013-12-31": "$126", "2013-09-30": "$123", "2013-06-30": "$122", "2013-03-31": "$118", "2012-12-31": "$91", "2012-09-30": "$122", "2012-06-30": "$119", "2012-03-31": "$119", "2011-12-31": "$68", "2011-09-30": "$123", "2011-06-30": "$123", "2011-03-31": "$118", "2010-12-31": "$62", "2010-09-30": "$134", "2010-06-30": "$138", "2010-03-31": "$137", "2009-12-31": "$122", "2009-09-30": "$143", "2009-06-30": "$142", "2009-03-31": "$144", "2008-12-31": "$135", "2008-09-30": "$154", "2008-06-30": "$152", "2008-03-31": "$152", "2007-12-31": "$123", "2007-09-30": "$153", "2007-06-30": "$142", "2007-03-31": "$143", "2006-12-31": "$121", "2006-09-30": "$139", "2006-06-30": "$132", "2006-03-31": "$131", "2005-12-31": "$97", "2005-09-30": "$131", "2005-06-30": "$131", "2005-03-31": "$130"}}, "gross-profit": {"Weingarten Realty Investors Annual Gross Profit (Millions of US $)": {"2019": "$331", "2018": "$371", "2017": "$388", "2016": "$384", "2015": "$358", "2014": "$358", "2013": "$335", "2012": "$310", "2011": "$300", "2010": "$327", "2009": "$385", "2008": "$409", "2007": "$397", "2006": "$377", "2005": "$358"}, "Weingarten Realty Investors Quarterly Gross Profit (Millions of US $)": {"2020-09-30": "$73", "2020-06-30": "$62", "2020-03-31": "$73", "2019-12-31": "$81", "2019-09-30": "$83", "2019-06-30": "$84", "2019-03-31": "$83", "2018-12-31": "$91", "2018-09-30": "$89", "2018-06-30": "$101", "2018-03-31": "$92", "2017-12-31": "$96", "2017-09-30": "$98", "2017-06-30": "$98", "2017-03-31": "$96", "2016-12-31": "$101", "2016-09-30": "$97", "2016-06-30": "$94", "2016-03-31": "$93", "2015-12-31": "$90", "2015-09-30": "$91", "2015-06-30": "$89", "2015-03-31": "$88", "2014-12-31": "$88", "2014-09-30": "$92", "2014-06-30": "$90", "2014-03-31": "$88", "2013-12-31": "$85", "2013-09-30": "$84", "2013-06-30": "$84", "2013-03-31": "$81", "2012-12-31": "$63", "2012-09-30": "$83", "2012-06-30": "$82", "2012-03-31": "$83", "2011-12-31": "$46", "2011-09-30": "$86", "2011-06-30": "$86", "2011-03-31": "$82", "2010-12-31": "$42", "2010-09-30": "$95", "2010-06-30": "$96", "2010-03-31": "$94", "2009-12-31": "$85", "2009-09-30": "$99", "2009-06-30": "$97", "2009-03-31": "$103", "2008-12-31": "$84", "2008-09-30": "$108", "2008-06-30": "$109", "2008-03-31": "$108", "2007-12-31": "$86", "2007-09-30": "$106", "2007-06-30": "$101", "2007-03-31": "$103", "2006-12-31": "$87", "2006-09-30": "$97", "2006-06-30": "$96", "2006-03-31": "$97", "2005-12-31": "$71", "2005-09-30": "$95", "2005-06-30": "$97", "2005-03-31": "$95"}}, "operating-income": {"Weingarten Realty Investors Annual Operating Income (Millions of US $)": {"2019": "$160", "2018": "$174", "2017": "$178", "2016": "$195", "2015": "$185", "2014": "$182", "2013": "$160", "2012": "$144", "2011": "$105", "2010": "$144", "2009": "$217", "2008": "$233", "2007": "$248", "2006": "$236", "2005": "$230"}, "Weingarten Realty Investors Quarterly Operating Income (Millions of US $)": {"2020-09-30": "$25", "2020-06-30": "$12", "2020-03-31": "$34", "2019-12-31": "$39", "2019-09-30": "$41", "2019-06-30": "$40", "2019-03-31": "$39", "2018-12-31": "$40", "2018-09-30": "$42", "2018-06-30": "$44", "2018-03-31": "$48", "2017-12-31": "$47", "2017-09-30": "$50", "2017-06-30": "$50", "2017-03-31": "$31", "2016-12-31": "$51", "2016-09-30": "$48", "2016-06-30": "$48", "2016-03-31": "$49", "2015-12-31": "$46", "2015-09-30": "$48", "2015-06-30": "$46", "2015-03-31": "$45", "2014-12-31": "$44", "2014-09-30": "$49", "2014-06-30": "$47", "2014-03-31": "$42", "2013-12-31": "$39", "2013-09-30": "$40", "2013-06-30": "$42", "2013-03-31": "$38", "2012-12-31": "$28", "2012-09-30": "$41", "2012-06-30": "$40", "2012-03-31": "$34", "2011-12-31": "$22", "2011-09-30": "$15", "2011-06-30": "$27", "2011-03-31": "$42", "2010-12-31": "$-12", "2010-09-30": "$52", "2010-06-30": "$52", "2010-03-31": "$51", "2009-12-31": "$47", "2009-09-30": "$57", "2009-06-30": "$53", "2009-03-31": "$60", "2008-12-31": "$45", "2008-09-30": "$67", "2008-06-30": "$63", "2008-03-31": "$58", "2007-12-31": "$53", "2007-09-30": "$66", "2007-06-30": "$63", "2007-03-31": "$65", "2006-12-31": "$53", "2006-09-30": "$61", "2006-06-30": "$60", "2006-03-31": "$62", "2005-12-31": "$45", "2005-09-30": "$61", "2005-06-30": "$63", "2005-03-31": "$61"}}, "ebitda": {"Weingarten Realty Investors Annual EBITDA (Millions of US $)": {"2019": "$298", "2018": "$339", "2017": "$348", "2016": "$360", "2015": "$333", "2014": "$336", "2013": "$310", "2012": "$292", "2011": "$268", "2010": "$300", "2009": "$375", "2008": "$404", "2007": "$395", "2006": "$368", "2005": "$359"}, "Weingarten Realty Investors Quarterly EBITDA (Millions of US $)": {"2020-09-30": "$64", "2020-06-30": "$50", "2020-03-31": "$72", "2019-12-31": "$73", "2019-09-30": "$76", "2019-06-30": "$76", "2019-03-31": "$74", "2018-12-31": "$76", "2018-09-30": "$81", "2018-06-30": "$95", "2018-03-31": "$87", "2017-12-31": "$89", "2017-09-30": "$92", "2017-06-30": "$92", "2017-03-31": "$75", "2016-12-31": "$95", "2016-09-30": "$90", "2016-06-30": "$88", "2016-03-31": "$87", "2015-12-31": "$83", "2015-09-30": "$85", "2015-06-30": "$83", "2015-03-31": "$82", "2014-12-31": "$81", "2014-09-30": "$87", "2014-06-30": "$85", "2014-03-31": "$83", "2013-12-31": "$81", "2013-09-30": "$79", "2013-06-30": "$82", "2013-03-31": "$69", "2012-12-31": "$65", "2012-09-30": "$78", "2012-06-30": "$75", "2012-03-31": "$73", "2011-12-31": "$60", "2011-09-30": "$58", "2011-06-30": "$68", "2011-03-31": "$81", "2010-12-31": "$28", "2010-09-30": "$91", "2010-06-30": "$92", "2010-03-31": "$89", "2009-12-31": "$81", "2009-09-30": "$96", "2009-06-30": "$95", "2009-03-31": "$102", "2008-12-31": "$87", "2008-09-30": "$107", "2008-06-30": "$106", "2008-03-31": "$105", "2007-12-31": "$100", "2007-09-30": "$100", "2007-06-30": "$97", "2007-03-31": "$99", "2006-12-31": "$87", "2006-09-30": "$94", "2006-06-30": "$93", "2006-03-31": "$95", "2005-12-31": "$79", "2005-09-30": "$93", "2005-06-30": "$95", "2005-03-31": "$92"}}, "net-income": {"Weingarten Realty Investors Annual Net Income (Millions of US $)": {"2019": "$315", "2018": "$328", "2017": "$335", "2016": "$241", "2015": "$161", "2014": "$277", "2013": "$184", "2012": "$109", "2011": "$-20", "2010": "$11", "2009": "$136", "2008": "$109", "2007": "$205", "2006": "$295", "2005": "$210"}, "Weingarten Realty Investors Quarterly Net Income (Millions of US $)": {"2020-09-30": "$25", "2020-06-30": "$11", "2020-03-31": "$53", "2019-12-31": "$75", "2019-09-30": "$107", "2019-06-30": "$84", "2019-03-31": "$50", "2018-12-31": "$60", "2018-09-30": "$43", "2018-06-30": "$78", "2018-03-31": "$147", "2017-12-31": "$168", "2017-09-30": "$73", "2017-06-30": "$64", "2017-03-31": "$31", "2016-12-31": "$46", "2016-09-30": "$52", "2016-06-30": "$36", "2016-03-31": "$107", "2015-12-31": "$47", "2015-09-30": "$43", "2015-06-30": "$25", "2015-03-31": "$45", "2014-12-31": "$86", "2014-09-30": "$98", "2014-06-30": "$33", "2014-03-31": "$61", "2013-12-31": "$47", "2013-09-30": "$58", "2013-06-30": "$45", "2013-03-31": "$34", "2012-12-31": "$43", "2012-09-30": "$31", "2012-06-30": "$23", "2012-03-31": "$12", "2011-12-31": "$22", "2011-09-30": "$-42", "2011-06-30": "$-7", "2011-03-31": "$7", "2010-12-31": "$-3", "2010-09-30": "$9", "2010-06-30": "$-6", "2010-03-31": "$10", "2009-12-31": "$73", "2009-09-30": "$-9", "2009-06-30": "$39", "2009-03-31": "$33", "2008-12-31": "$-9", "2008-09-30": "$27", "2008-06-30": "$65", "2008-03-31": "$27", "2007-12-31": "$50", "2007-09-30": "$38", "2007-06-30": "$70", "2007-03-31": "$47", "2006-12-31": "$52", "2006-09-30": "$103", "2006-06-30": "$88", "2006-03-31": "$52", "2005-12-31": "$49", "2005-09-30": "$59", "2005-06-30": "$68", "2005-03-31": "$34"}}, "eps-earnings-per-share-diluted": {"Weingarten Realty Investors Annual EPS": {"2019": "$2.44", "2018": "$2.55", "2017": "$2.60", "2016": "$1.87", "2015": "$1.29", "2014": "$2.25", "2013": "$1.50", "2012": "$0.90", "2011": "$-0.17", "2010": "$0.09", "2009": "$1.23", "2008": "$1.28", "2007": "$2.35", "2006": "$3.27", "2005": "$2.31"}, "Weingarten Realty Investors Quarterly EPS": {"2020-09-30": "$0.20", "2020-06-30": "$0.09", "2020-03-31": "$0.41", "2019-12-31": "$0.58", "2019-09-30": "$0.82", "2019-06-30": "$0.65", "2019-03-31": "$0.39", "2018-12-31": "$0.47", "2018-09-30": "$0.34", "2018-06-30": "$0.61", "2018-03-31": "$1.13", "2017-12-31": "$1.31", "2017-09-30": "$0.56", "2017-06-30": "$0.49", "2017-03-31": "$0.24", "2016-12-31": "$0.34", "2016-09-30": "$0.40", "2016-06-30": "$0.28", "2016-03-31": "$0.85", "2015-12-31": "$0.38", "2015-09-30": "$0.35", "2015-06-30": "$0.20", "2015-03-31": "$0.36", "2014-12-31": "$0.70", "2014-09-30": "$0.79", "2014-06-30": "$0.27", "2014-03-31": "$0.49", "2013-12-31": "$0.38", "2013-09-30": "$0.47", "2013-06-30": "$0.37", "2013-03-31": "$0.28", "2012-12-31": "$0.35", "2012-09-30": "$0.26", "2012-06-30": "$0.19", "2012-03-31": "$0.10", "2011-12-31": "$0.18", "2011-09-30": "$-0.35", "2011-06-30": "$-0.06", "2011-03-31": "$0.06", "2010-12-31": "$-0.01", "2010-09-30": "$0.07", "2010-06-30": "$-0.05", "2010-03-31": "$0.08", "2009-12-31": "$0.58", "2009-09-30": "$-0.08", "2009-06-30": "$0.35", "2009-03-31": "$0.38", "2008-12-31": "$-0.12", "2008-09-30": "$0.32", "2008-06-30": "$0.76", "2008-03-31": "$0.32", "2007-12-31": "$0.59", "2007-09-30": "$0.44", "2007-06-30": "$0.79", "2007-03-31": "$0.53", "2006-12-31": "$0.60", "2006-09-30": "$1.15", "2006-06-30": "$0.95", "2006-03-31": "$0.57", "2005-12-31": "$0.54", "2005-09-30": "$0.65", "2005-06-30": "$0.74", "2005-03-31": "$0.38"}}, "shares-outstanding": {"Weingarten Realty Investors Annual Shares Outstanding (Millions of Shares)": {"2019": "130", "2018": "128", "2017": "130", "2016": "129", "2015": "124", "2014": "124", "2013": "122", "2012": "122", "2011": "120", "2010": "121", "2009": "110", "2008": "85", "2007": "89", "2006": "92", "2005": "93"}, "Weingarten Realty Investors Quarterly Shares Outstanding (Millions of Shares)": {"2020-09-30": "128", "2020-06-30": "128", "2020-03-31": "130", "2019-12-31": "130", "2019-09-30": "130", "2019-06-30": "130", "2019-03-31": "129", "2018-12-31": "128", "2018-09-30": "128", "2018-06-30": "130", "2018-03-31": "130", "2017-12-31": "130", "2017-09-30": "130", "2017-06-30": "130", "2017-03-31": "129", "2016-12-31": "129", "2016-09-30": "130", "2016-06-30": "127", "2016-03-31": "126", "2015-12-31": "124", "2015-09-30": "126", "2015-06-30": "125", "2015-03-31": "125", "2014-12-31": "124", "2014-09-30": "124", "2014-06-30": "123", "2014-03-31": "123", "2013-12-31": "122", "2013-09-30": "123", "2013-06-30": "123", "2013-03-31": "122", "2012-12-31": "122", "2012-09-30": "122", "2012-06-30": "121", "2012-03-31": "121", "2011-12-31": "120", "2011-09-30": "120", "2011-06-30": "120", "2011-03-31": "121", "2010-12-31": "121", "2010-09-30": "121", "2010-06-30": "120", "2010-03-31": "121", "2009-12-31": "110", "2009-09-30": "119", "2009-06-30": "114", "2009-03-31": "87", "2008-12-31": "85", "2008-09-30": "84", "2008-06-30": "87", "2008-03-31": "84", "2007-12-31": "89", "2007-09-30": "86", "2007-06-30": "90", "2007-03-31": "90", "2006-12-31": "92", "2006-09-30": "91", "2006-06-30": "94", "2006-03-31": "94", "2005-12-31": "93", "2005-09-30": "93", "2005-06-30": "93", "2005-03-31": "93"}}, "total-assets": {"Weingarten Realty Investors Annual Total Assets (Millions of US $)": {"2019": "$3,938", "2018": "$3,827", "2017": "$4,197", "2016": "$4,427", "2015": "$3,902", "2014": "$3,806", "2013": "$4,224", "2012": "$4,185", "2011": "$4,588", "2010": "$4,808", "2009": "$4,890", "2008": "$5,114", "2007": "$4,993", "2006": "$4,374", "2005": "$3,738"}, "Weingarten Realty Investors Quarterly Total Assets (Millions of US $)": {"2020-09-30": "$3,910", "2020-06-30": "$3,907", "2020-03-31": "$4,385", "2019-12-31": "$3,938", "2019-09-30": "$3,913", "2019-06-30": "$3,888", "2019-03-31": "$3,838", "2018-12-31": "$3,827", "2018-09-30": "$3,997", "2018-06-30": "$4,025", "2018-03-31": "$4,109", "2017-12-31": "$4,197", "2017-09-30": "$4,313", "2017-06-30": "$4,347", "2017-03-31": "$4,352", "2016-12-31": "$4,427", "2016-09-30": "$4,383", "2016-06-30": "$4,033", "2016-03-31": "$4,034", "2015-12-31": "$3,902", "2015-09-30": "$3,895", "2015-06-30": "$3,851", "2015-03-31": "$3,837", "2014-12-31": "$3,806", "2014-09-30": "$3,861", "2014-06-30": "$3,863", "2014-03-31": "$3,869", "2013-12-31": "$4,224", "2013-09-30": "$4,119", "2013-06-30": "$4,119", "2013-03-31": "$4,191", "2012-12-31": "$4,185", "2012-09-30": "$4,263", "2012-06-30": "$4,218", "2012-03-31": "$4,513", "2011-12-31": "$4,588", "2011-09-30": "$4,672", "2011-06-30": "$4,756", "2011-03-31": "$4,791", "2010-12-31": "$4,808", "2010-09-30": "$4,810", "2010-06-30": "$4,797", "2010-03-31": "$4,764", "2009-12-31": "$4,890", "2009-09-30": "$5,037", "2009-06-30": "$5,084", "2009-03-31": "$5,113", "2008-12-31": "$5,114", "2008-09-30": "$5,121", "2008-06-30": "$5,074", "2008-03-31": "$5,044", "2007-12-31": "$4,993", "2007-09-30": "$4,884", "2007-06-30": "$4,624", "2007-03-31": "$4,518", "2006-12-31": "$4,374", "2006-09-30": "$4,429", "2006-06-30": "$3,898", "2006-03-31": "$3,782", "2005-12-31": "$3,738", "2005-09-30": "$3,667", "2005-06-30": "$3,629", "2005-03-31": "$3,480"}}, "cash-on-hand": {"Weingarten Realty Investors Annual Cash on Hand (Millions of US $)": {"2019": "$41", "2018": "$66", "2017": "$13", "2016": "$16", "2015": "$22", "2014": "$23", "2013": "$92", "2012": "$20", "2011": "$14", "2010": "$24", "2009": "$154", "2008": "$59", "2007": "$66", "2006": "$71", "2005": "$43"}, "Weingarten Realty Investors Quarterly Cash on Hand (Millions of US $)": {"2020-09-30": "$50", "2020-06-30": "$14", "2020-03-31": "$485", "2019-12-31": "$41", "2019-09-30": "$124", "2019-06-30": "$118", "2019-03-31": "$61", "2018-12-31": "$66", "2018-09-30": "$24", "2018-06-30": "$13", "2018-03-31": "$88", "2017-12-31": "$13", "2017-09-30": "$39", "2017-06-30": "$7", "2017-03-31": "$4", "2016-12-31": "$16", "2016-09-30": "$10", "2016-06-30": "$15", "2016-03-31": "$27", "2015-12-31": "$22", "2015-09-30": "$12", "2015-06-30": "$13", "2015-03-31": "$40", "2014-12-31": "$23", "2014-09-30": "$13", "2014-06-30": "$16", "2014-03-31": "$9", "2013-12-31": "$92", "2013-09-30": "$52", "2013-06-30": "$23", "2013-03-31": "$55", "2012-12-31": "$20", "2012-09-30": "$19", "2012-06-30": "$15", "2012-03-31": "$18", "2011-12-31": "$14", "2011-09-30": "$20", "2011-06-30": "$24", "2011-03-31": "$29", "2010-12-31": "$24", "2010-09-30": "$32", "2010-06-30": "$78", "2010-03-31": "$123", "2009-12-31": "$154", "2009-09-30": "$105", "2009-06-30": "$94", "2009-03-31": "$118", "2008-12-31": "$59", "2008-09-30": "$53", "2008-06-30": "$40", "2008-03-31": "$61", "2007-12-31": "$66", "2007-09-30": "$60", "2007-06-30": "$46", "2007-03-31": "$36", "2006-12-31": "$71", "2006-09-30": "$187", "2006-06-30": "$133", "2006-03-31": "$37", "2005-12-31": "$43", "2005-09-30": "$24", "2005-06-30": "$46", "2005-03-31": "$39"}}, "long-term-debt": {"Weingarten Realty Investors Annual Long Term Debt (Millions of US $)": {"2019": "$1,732", "2018": "$1,795", "2017": "$2,081", "2016": "$2,357", "2015": "$2,113", "2014": "$1,930", "2013": "$2,300", "2012": "$2,204", "2011": "$2,532", "2010": "$2,589", "2009": "$2,532", "2008": "$3,149", "2007": "$3,165", "2006": "$2,941", "2005": "$2,300"}, "Weingarten Realty Investors Quarterly Long Term Debt (Millions of US $)": {"2020-09-30": "$1,730", "2020-06-30": "$1,743", "2020-03-31": "$2,229", "2019-12-31": "$1,732", "2019-09-30": "$1,737", "2019-06-30": "$1,787", "2019-03-31": "$1,789", "2018-12-31": "$1,795", "2018-09-30": "$1,793", "2018-06-30": "$1,827", "2018-03-31": "$1,929", "2017-12-31": "$2,081", "2017-09-30": "$2,214", "2017-06-30": "$2,291", "2017-03-31": "$2,323", "2016-12-31": "$2,357", "2016-09-30": "$2,321", "2016-06-30": "$2,052", "2016-03-31": "$2,189", "2015-12-31": "$2,113", "2015-09-30": "$2,114", "2015-06-30": "$2,088", "2015-03-31": "$1,941", "2014-12-31": "$1,930", "2014-09-30": "$2,008", "2014-06-30": "$2,073", "2014-03-31": "$2,096", "2013-12-31": "$2,300", "2013-09-30": "$2,294", "2013-06-30": "$2,351", "2013-03-31": "$2,324", "2012-12-31": "$2,204", "2012-09-30": "$2,227", "2012-06-30": "$2,195", "2012-03-31": "$2,498", "2011-12-31": "$2,532", "2011-09-30": "$2,606", "2011-06-30": "$2,616", "2011-03-31": "$2,645", "2010-12-31": "$2,589", "2010-09-30": "$2,575", "2010-06-30": "$2,545", "2010-03-31": "$2,481", "2009-12-31": "$2,532", "2009-09-30": "$2,725", "2009-06-30": "$2,659", "2009-03-31": "$3,170", "2008-12-31": "$3,149", "2008-09-30": "$3,318", "2008-06-30": "$3,188", "2008-03-31": "$3,215", "2007-12-31": "$3,165", "2007-09-30": "$3,056", "2007-06-30": "$2,894", "2007-03-31": "$2,891", "2006-12-31": "$2,941", "2006-09-30": "$2,991", "2006-06-30": "$2,373", "2006-03-31": "$2,351", "2005-12-31": "$2,300", "2005-09-30": "$2,247", "2005-06-30": "$2,222", "2005-03-31": "$2,156"}}, "total-liabilities": {"Weingarten Realty Investors Annual Total Liabilities (Millions of US $)": {"2019": "$2,062", "2018": "$2,076", "2017": "$2,387", "2016": "$2,710", "2015": "$2,357", "2014": "$2,167", "2013": "$2,536", "2012": "$2,445", "2011": "$2,765", "2010": "$2,828", "2009": "$2,784", "2008": "$3,460", "2007": "$3,522", "2006": "$3,248", "2005": "$2,587"}, "Weingarten Realty Investors Quarterly Total Liabilities (Millions of US $)": {"2020-09-30": "$2,072", "2020-06-30": "$2,051", "2020-03-31": "$2,519", "2019-12-31": "$2,062", "2019-09-30": "$2,060", "2019-06-30": "$2,093", "2019-03-31": "$2,077", "2018-12-31": "$2,076", "2018-09-30": "$2,074", "2018-06-30": "$2,101", "2018-03-31": "$2,203", "2017-12-31": "$2,387", "2017-09-30": "$2,528", "2017-06-30": "$2,587", "2017-03-31": "$2,605", "2016-12-31": "$2,710", "2016-09-30": "$2,688", "2016-06-30": "$2,363", "2016-03-31": "$2,411", "2015-12-31": "$2,357", "2015-09-30": "$2,358", "2015-06-30": "$2,314", "2015-03-31": "$2,161", "2014-12-31": "$2,167", "2014-09-30": "$2,234", "2014-06-30": "$2,296", "2014-03-31": "$2,299", "2013-12-31": "$2,536", "2013-09-30": "$2,524", "2013-06-30": "$2,568", "2013-03-31": "$2,523", "2012-12-31": "$2,445", "2012-09-30": "$2,466", "2012-06-30": "$2,421", "2012-03-31": "$2,708", "2011-12-31": "$2,765", "2011-09-30": "$2,830", "2011-06-30": "$2,834", "2011-03-31": "$2,833", "2010-12-31": "$2,828", "2010-09-30": "$2,799", "2010-06-30": "$2,766", "2010-03-31": "$2,679", "2009-12-31": "$2,784", "2009-09-30": "$2,976", "2009-06-30": "$2,965", "2009-03-31": "$3,447", "2008-12-31": "$3,460", "2008-09-30": "$3,731", "2008-06-30": "$3,595", "2008-03-31": "$3,592", "2007-12-31": "$3,522", "2007-09-30": "$3,378", "2007-06-30": "$3,251", "2007-03-31": "$3,178", "2006-12-31": "$3,248", "2006-09-30": "$3,320", "2006-06-30": "$2,679", "2006-03-31": "$2,615", "2005-12-31": "$2,587", "2005-09-30": "$2,524", "2005-06-30": "$2,506", "2005-03-31": "$2,387"}}, "total-share-holder-equity": {"Weingarten Realty Investors Annual Share Holder Equity (Millions of US $)": {"2019": "$1,876", "2018": "$1,751", "2017": "$1,810", "2016": "$1,717", "2015": "$1,545", "2014": "$1,639", "2013": "$1,688", "2012": "$1,740", "2011": "$1,824", "2010": "$1,980", "2009": "$2,107", "2008": "$1,655", "2007": "$1,472", "2006": "$1,126", "2005": "$1,150"}, "Weingarten Realty Investors Quarterly Share Holder Equity (Millions of US $)": {"2020-09-30": "$1,838", "2020-06-30": "$1,856", "2020-03-31": "$1,866", "2019-12-31": "$1,876", "2019-09-30": "$1,852", "2019-06-30": "$1,795", "2019-03-31": "$1,760", "2018-12-31": "$1,751", "2018-09-30": "$1,923", "2018-06-30": "$1,924", "2018-03-31": "$1,906", "2017-12-31": "$1,810", "2017-09-30": "$1,785", "2017-06-30": "$1,760", "2017-03-31": "$1,747", "2016-12-31": "$1,717", "2016-09-30": "$1,695", "2016-06-30": "$1,670", "2016-03-31": "$1,623", "2015-12-31": "$1,545", "2015-09-30": "$1,537", "2015-06-30": "$1,537", "2015-03-31": "$1,676", "2014-12-31": "$1,639", "2014-09-30": "$1,627", "2014-06-30": "$1,567", "2014-03-31": "$1,570", "2013-12-31": "$1,688", "2013-09-30": "$1,594", "2013-06-30": "$1,551", "2013-03-31": "$1,668", "2012-12-31": "$1,740", "2012-09-30": "$1,797", "2012-06-30": "$1,797", "2012-03-31": "$1,804", "2011-12-31": "$1,824", "2011-09-30": "$1,843", "2011-06-30": "$1,922", "2011-03-31": "$1,958", "2010-12-31": "$1,980", "2010-09-30": "$2,011", "2010-06-30": "$2,031", "2010-03-31": "$2,085", "2009-12-31": "$2,107", "2009-09-30": "$2,062", "2009-06-30": "$2,118", "2009-03-31": "$1,666", "2008-12-31": "$1,655", "2008-09-30": "$1,390", "2008-06-30": "$1,479", "2008-03-31": "$1,452", "2007-12-31": "$1,472", "2007-09-30": "$1,507", "2007-06-30": "$1,373", "2007-03-31": "$1,340", "2006-12-31": "$1,126", "2006-09-30": "$1,109", "2006-06-30": "$1,219", "2006-03-31": "$1,167", "2005-12-31": "$1,150", "2005-09-30": "$1,143", "2005-06-30": "$1,123", "2005-03-31": "$1,093"}}, "profit-margins": {"current": "37.23%"}, "gross margin": {"2020-09-30": "65.68%", "2020-06-30": "66.59%", "2020-03-31": "67.72%", "2019-12-31": "68.11%", "2019-09-30": "68.89%", "2019-06-30": "68.99%", "2019-03-31": "69.73%", "2018-12-31": "70.24%", "2018-09-30": "69.74%", "2018-06-30": "69.48%", "2018-03-31": "68.45%", "2017-12-31": "67.71%", "2017-09-30": "68.11%", "2017-06-30": "68.53%", "2017-03-31": "69.04%", "2016-12-31": "70.00%", "2016-09-30": "69.65%", "2016-06-30": "69.57%", "2016-03-31": "69.81%", "2015-12-31": "69.65%", "2015-09-30": "69.80%", "2015-06-30": "70.00%", "2015-03-31": "69.79%", "2014-12-31": "69.51%", "2014-09-30": "68.93%", "2014-06-30": "68.44%", "2014-03-31": "68.34%", "2013-12-31": "68.30%", "2013-09-30": "68.72%", "2013-06-30": "68.65%", "2013-03-31": "68.67%", "2012-12-31": "68.96%", "2012-09-30": "68.69%", "2012-06-30": "69.23%", "2012-03-31": "69.52%", "2011-12-31": "69.44%", "2011-09-30": "69.48%", "2011-06-30": "69.79%", "2011-03-31": "69.69%", "2010-12-31": "69.43%", "2010-09-30": "69.68%", "2010-06-30": "69.26%", "2010-03-31": "68.93%", "2009-12-31": "69.69%", "2009-09-30": "67.91%", "2009-06-30": "68.17%", "2009-03-31": "69.06%", "2008-12-31": "68.97%", "2008-09-30": "70.74%", "2008-06-30": "70.52%", "2008-03-31": "70.35%", "2007-12-31": "70.59%", "2007-09-30": "71.02%", "2007-06-30": "71.19%", "2007-03-31": "71.59%", "2006-12-31": "72.08%", "2006-09-30": "72.34%", "2006-06-30": "73.12%", "2006-03-31": "73.47%", "2005-12-31": "73.21%"}, "operating margin": {"2020-09-30": "25.00%", "2020-06-30": "28.06%", "2020-03-31": "32.49%", "2019-12-31": "32.72%", "2019-09-30": "32.32%", "2019-06-30": "32.01%", "2019-03-31": "31.61%", "2018-12-31": "32.77%", "2018-09-30": "33.39%", "2018-06-30": "33.93%", "2018-03-31": "34.76%", "2017-12-31": "31.06%", "2017-09-30": "31.54%", "2017-06-30": "31.47%", "2017-03-31": "31.67%", "2016-12-31": "35.64%", "2016-09-30": "35.57%", "2016-06-30": "36.11%", "2016-03-31": "36.35%", "2015-12-31": "35.99%", "2015-09-30": "35.88%", "2015-06-30": "36.08%", "2015-03-31": "36.06%", "2014-12-31": "35.34%", "2014-09-30": "34.37%", "2014-06-30": "33.14%", "2014-03-31": "32.67%", "2013-12-31": "32.52%", "2013-09-30": "32.60%", "2013-06-30": "32.89%", "2013-03-31": "32.67%", "2012-12-31": "31.71%", "2012-09-30": "32.01%", "2012-06-30": "25.87%", "2012-03-31": "22.63%", "2011-12-31": "24.54%", "2011-09-30": "16.90%", "2011-06-30": "24.94%", "2011-03-31": "29.65%", "2010-12-31": "30.36%", "2010-09-30": "38.04%", "2010-06-30": "38.33%", "2010-03-31": "38.24%", "2009-12-31": "39.38%", "2009-09-30": "38.12%", "2009-06-30": "39.13%", "2009-03-31": "40.17%", "2008-12-31": "39.29%", "2008-09-30": "41.48%", "2008-06-30": "41.38%", "2008-03-31": "42.11%", "2007-12-31": "44.03%", "2007-09-30": "44.19%", "2007-06-30": "44.40%", "2007-03-31": "44.67%", "2006-12-31": "45.12%", "2006-09-30": "45.69%", "2006-06-30": "46.44%", "2006-03-31": "47.14%", "2005-12-31": "47.03%"}, "ebitda margin": {"2020-09-30": "58.86%", "2020-06-30": "60.36%", "2020-03-31": "62.66%", "2019-12-31": "61.52%", "2019-09-30": "61.01%", "2019-06-30": "61.03%", "2019-03-31": "62.45%", "2018-12-31": "63.84%", "2018-09-30": "64.94%", "2018-06-30": "65.17%", "2018-03-31": "64.17%", "2017-12-31": "60.73%", "2017-09-30": "61.35%", "2017-06-30": "61.54%", "2017-03-31": "61.92%", "2016-12-31": "65.45%", "2016-09-30": "64.80%", "2016-06-30": "64.84%", "2016-03-31": "65.00%", "2015-12-31": "64.79%", "2015-09-30": "64.90%", "2015-06-30": "65.29%", "2015-03-31": "65.30%", "2014-12-31": "65.24%", "2014-09-30": "65.24%", "2014-06-30": "64.69%", "2014-03-31": "65.13%", "2013-12-31": "63.60%", "2013-09-30": "64.98%", "2013-06-30": "64.90%", "2013-03-31": "63.78%", "2012-12-31": "64.52%", "2012-09-30": "66.82%", "2012-06-30": "62.00%", "2012-03-31": "59.82%", "2011-12-31": "61.81%", "2011-09-30": "55.16%", "2011-06-30": "61.33%", "2011-03-31": "64.60%", "2010-12-31": "63.69%", "2010-09-30": "66.48%", "2010-06-30": "66.30%", "2010-03-31": "66.36%", "2009-12-31": "67.88%", "2009-09-30": "67.38%", "2009-06-30": "68.00%", "2009-03-31": "68.72%", "2008-12-31": "68.30%", "2008-09-30": "71.94%", "2008-06-30": "70.86%", "2008-03-31": "70.53%", "2007-12-31": "70.59%", "2007-09-30": "68.52%", "2007-06-30": "69.17%", "2007-03-31": "69.72%", "2006-12-31": "70.55%", "2006-09-30": "72.34%", "2006-06-30": "73.32%", "2006-03-31": "73.88%", "2005-12-31": "73.42%"}, "pre tax profit margin": {"2020-09-30": "30.45%", "2020-06-30": "47.66%", "2020-03-31": "59.92%", "2019-12-31": "62.35%", "2019-09-30": "57.78%", "2019-06-30": "45.33%", "2019-03-31": "42.91%", "2018-12-31": "60.64%", "2018-09-30": "91.51%", "2018-06-30": "87.43%", "2018-03-31": "80.21%", "2017-12-31": "56.37%", "2017-09-30": "39.51%", "2017-06-30": "40.56%", "2017-03-31": "41.10%", "2016-12-31": "51.45%", "2016-09-30": "33.33%", "2016-06-30": "32.33%", "2016-03-31": "31.35%", "2015-12-31": "23.54%", "2015-09-30": "22.94%", "2015-06-30": "22.94%", "2015-03-31": "23.00%", "2014-12-31": "22.33%", "2014-09-30": "27.57%", "2014-06-30": "25.84%", "2014-03-31": "24.65%", "2013-12-31": "28.63%", "2013-09-30": "23.57%", "2013-06-30": "24.06%", "2013-03-31": "18.67%", "2012-12-31": "12.86%", "2012-09-30": "9.58%", "2012-06-30": "-1.40%", "2012-03-31": "-1.85%", "2011-12-31": "-2.78%", "2011-09-30": "-8.69%", "2011-06-30": "0.92%", "2011-03-31": "2.65%", "2010-12-31": "4.46%", "2010-09-30": "9.04%", "2010-06-30": "6.30%", "2010-03-31": "11.95%", "2009-12-31": "16.52%", "2009-09-30": "8.69%", "2009-06-30": "13.91%", "2009-03-31": "13.85%", "2008-12-31": "10.46%", "2008-09-30": "21.51%", "2008-06-30": "22.07%", "2008-03-31": "22.46%", "2007-12-31": "24.42%", "2007-09-30": "22.36%", "2007-06-30": "26.79%", "2007-03-31": "26.17%", "2006-12-31": "26.20%", "2006-09-30": "27.05%", "2006-06-30": "21.79%", "2006-03-31": "26.73%", "2005-12-31": "26.18%"}, "net profit margin": {"2020-09-30": "37.27%", "2020-06-30": "54.79%", "2020-03-31": "67.30%", "2019-12-31": "65.02%", "2019-09-30": "60.81%", "2019-06-30": "47.12%", "2019-03-31": "44.25%", "2018-12-31": "61.77%", "2018-09-30": "80.44%", "2018-06-30": "83.66%", "2018-03-31": "80.57%", "2017-12-31": "58.64%", "2017-09-30": "37.09%", "2017-06-30": "33.74%", "2017-03-31": "29.36%", "2016-12-31": "43.82%", "2016-09-30": "45.07%", "2016-06-30": "44.05%", "2016-03-31": "42.69%", "2015-12-31": "31.13%", "2015-09-30": "39.02%", "2015-06-30": "49.80%", "2015-03-31": "51.07%", "2014-12-31": "53.98%", "2014-09-30": "46.41%", "2014-06-30": "39.25%", "2014-03-31": "42.28%", "2013-12-31": "37.63%", "2013-09-30": "39.65%", "2013-06-30": "33.77%", "2013-03-31": "29.11%", "2012-12-31": "24.17%", "2012-09-30": "20.56%", "2012-06-30": "3.50%", "2012-03-31": "-3.46%", "2011-12-31": "-4.63%", "2011-09-30": "-10.56%", "2011-06-30": "1.37%", "2011-03-31": "1.55%", "2010-12-31": "2.12%", "2010-09-30": "16.20%", "2010-06-30": "12.59%", "2010-03-31": "20.77%", "2009-12-31": "24.68%", "2009-09-30": "9.57%", "2009-06-30": "15.65%", "2009-03-31": "19.83%", "2008-12-31": "18.55%", "2008-09-30": "29.09%", "2008-06-30": "31.03%", "2008-03-31": "32.46%", "2007-12-31": "36.54%", "2007-09-30": "37.03%", "2007-06-30": "49.91%", "2007-03-31": "54.21%", "2006-12-31": "56.41%", "2006-09-30": "58.52%", "2006-06-30": "50.51%", "2006-03-31": "46.53%", "2005-12-31": "42.94%"}, "pe ratio": {"current": "13.30", "2021-02-05": "18.18", "2020-09-30": "12.90", "2020-06-30": "9.61", "2020-03-31": "5.61", "2019-12-31": "12.07", "2019-09-30": "11.69", "2019-06-30": "13.67", "2019-03-31": "14.76", "2018-12-31": "8.71", "2018-09-30": "7.33", "2018-06-30": "7.04", "2018-03-31": "6.55", "2017-12-31": "10.16", "2017-09-30": "15.05", "2017-06-30": "15.64", "2017-03-31": "19.99", "2016-12-31": "14.27", "2016-09-30": "15.06", "2016-06-30": "16.06", "2016-03-31": "15.27", "2015-12-31": "19.23", "2015-09-30": "14.61", "2015-06-30": "11.20", "2015-03-31": "11.80", "2014-12-31": "10.69", "2014-09-30": "11.05", "2014-06-30": "13.68", "2014-03-31": "11.65", "2013-12-31": "12.01", "2013-09-30": "12.97", "2013-06-30": "15.70", "2013-03-31": "18.60", "2012-12-31": "18.56", "2012-09-30": "23.78", "2012-06-30": "134.16", "2012-03-31": "0.00", "2011-12-31": "0.00", "2011-09-30": "0.00", "2011-06-30": "289.75", "2011-03-31": "237.91", "2010-12-31": "167.28", "2010-09-30": "17.37", "2010-06-30": "19.07", "2010-03-31": "12.32", "2009-12-31": "8.49", "2009-09-30": "19.53", "2009-06-30": "7.89", "2009-03-31": "3.50", "2008-12-31": "7.42", "2008-09-30": "7.82", "2008-06-30": "6.25", "2008-03-31": "6.99", "2007-12-31": "5.72", "2007-09-30": "7.69", "2007-06-30": "5.77", "2007-03-31": "6.28", "2006-12-31": "5.87"}, "price sales": {"2021-02-05": "6.81", "2020-09-30": "4.83", "2020-06-30": "5.26", "2020-03-31": "3.78", "2019-12-31": "7.85", "2019-09-30": "7.08", "2019-06-30": "6.45", "2019-03-31": "6.56", "2018-12-31": "5.38", "2018-09-30": "5.92", "2018-06-30": "5.90", "2018-03-31": "5.28", "2017-12-31": "5.95", "2017-09-30": "5.50", "2017-06-30": "5.20", "2017-03-31": "5.77", "2016-12-31": "6.21", "2016-09-30": "6.80", "2016-06-30": "7.11", "2016-03-31": "6.56", "2015-12-31": "6.05", "2015-09-30": "5.77", "2015-06-30": "5.62", "2015-03-31": "6.06", "2014-12-31": "5.78", "2014-09-30": "5.11", "2014-06-30": "5.33", "2014-03-31": "4.89", "2013-12-31": "4.51", "2013-09-30": "5.13", "2013-06-30": "5.32", "2013-03-31": "5.43", "2012-12-31": "4.50", "2012-09-30": "4.91", "2012-06-30": "4.54", "2012-03-31": "4.45", "2011-12-31": "3.59", "2011-09-30": "3.49", "2011-06-30": "4.00", "2011-03-31": "3.81", "2010-12-31": "3.42", "2010-09-30": "2.70", "2010-06-30": "2.28", "2010-03-31": "2.50", "2009-12-31": "2.04", "2009-09-30": "1.85", "2009-06-30": "1.20", "2009-03-31": "0.72", "2008-12-31": "1.45", "2008-09-30": "2.47", "2008-06-30": "2.09", "2008-03-31": "2.39", "2007-12-31": "2.19", "2007-09-30": "2.87", "2007-06-30": "2.92", "2007-03-31": "3.44", "2006-12-31": "3.37"}, "price book": {"current": "1.62", "2021-02-05": "1.62", "2020-09-30": "1.15", "2020-06-30": "1.26", "2020-03-31": "0.95", "2019-12-31": "2.02", "2019-09-30": "1.88", "2019-06-30": "1.80", "2019-03-31": "1.94", "2018-12-31": "1.62", "2018-09-30": "1.65", "2018-06-30": "1.69", "2018-03-31": "1.54", "2017-12-31": "1.87", "2017-09-30": "1.76", "2017-06-30": "1.68", "2017-03-31": "1.85", "2016-12-31": "1.99", "2016-09-30": "2.17", "2016-06-30": "2.29", "2016-03-31": "2.09", "2015-12-31": "1.99", "2015-09-30": "1.90", "2015-06-30": "1.85", "2015-03-31": "1.84", "2014-12-31": "1.80", "2014-09-30": "1.60", "2014-06-30": "1.72", "2014-03-31": "1.55", "2013-12-31": "1.30", "2013-09-30": "1.46", "2013-06-30": "1.55", "2013-03-31": "1.47", "2012-12-31": "1.17", "2012-09-30": "1.17", "2012-06-30": "1.09", "2012-03-31": "1.07", "2011-12-31": "0.85", "2011-09-30": "0.81", "2011-06-30": "0.91", "2011-03-31": "0.88", "2010-12-31": "0.81", "2010-09-30": "0.73", "2010-06-30": "0.62", "2010-03-31": "0.67", "2009-12-31": "0.61", "2009-09-30": "0.61", "2009-06-30": "0.43", "2009-03-31": "0.26", "2008-12-31": "0.53", "2008-09-30": "1.01", "2008-06-30": "0.79", "2008-03-31": "0.91", "2007-12-31": "0.80", "2007-09-30": "1.02", "2007-06-30": "1.11", "2007-03-31": "1.30", "2006-12-31": "1.46", "2006-09-30": "1.36", "2006-06-30": "1.14", "2006-03-31": "1.26"}, "price fcf": {"2021-02-05": "", "2020-09-30": "$0.50", "2020-06-30": "$0.61", "2020-03-31": "$0.76", "2019-12-31": "$0.67", "2019-09-30": "$0.82", "2019-06-30": "$0.78", "2019-03-31": "$0.84", "2018-12-31": "$1.02", "2018-09-30": "$0.92", "2018-06-30": "$1.06", "2018-03-31": "$1.27", "2017-12-31": "$1.05", "2017-09-30": "$1.16", "2017-06-30": "$1.14", "2017-03-31": "$0.96", "2016-12-31": "$1.18", "2016-09-30": "$1.24", "2016-06-30": "$1.20", "2016-03-31": "$1.22", "2015-12-31": "$1.30", "2015-09-30": "$1.31", "2015-06-30": "$1.15", "2015-03-31": "$1.23", "2014-12-31": "$1.12", "2014-09-30": "$1.11", "2014-06-30": "$1.25", "2014-03-31": "$1.31", "2013-12-31": "$1.28", "2013-09-30": "$1.30", "2013-06-30": "$1.21", "2013-03-31": "$1.06", "2012-12-31": "$1.08", "2012-09-30": "$1.06", "2012-06-30": "$0.97", "2012-03-31": "$1.12", "2011-12-31": "$1.00", "2011-09-30": "$0.52", "2011-06-30": "$0.83", "2011-03-31": "$0.91", "2010-12-31": "$1.11", "2010-09-30": "$1.94", "2010-06-30": "$1.88", "2010-03-31": "$1.83", "2009-12-31": "$2.22", "2009-09-30": "$2.31", "2009-06-30": "$2.62", "2009-03-31": "$3.17", "2008-12-31": "$2.59", "2008-09-30": "$2.68", "2008-06-30": "$2.54", "2008-03-31": "$2.62", "2007-12-31": "$2.51", "2007-09-30": "$2.82", "2007-06-30": "$2.60", "2007-03-31": "$2.24", "2006-12-31": "$2.64"}, "net worth": {"value": "$2.98B"}, "current ratio": {"2020-09-30": "1.09", "2020-06-30": "1.04", "2020-03-31": "6.85", "2019-12-31": "1.24", "2019-09-30": "2.14", "2019-06-30": "2.18", "2019-03-31": "1.87", "2018-12-31": "1.54", "2018-09-30": "1.27", "2018-06-30": "1.23", "2018-03-31": "2.08", "2017-12-31": "1.08", "2017-09-30": "1.22", "2017-06-30": "0.99", "2017-03-31": "1.08", "2016-12-31": "1.16", "2016-09-30": "0.91", "2016-06-30": "1.00", "2016-03-31": "2.35", "2015-12-31": "0.98", "2015-09-30": "0.94", "2015-06-30": "1.00", "2015-03-31": "1.56", "2014-12-31": "1.61", "2014-09-30": "1.27", "2014-06-30": "1.03", "2014-03-31": "1.20", "2013-12-31": "1.77", "2013-09-30": "2.31", "2013-06-30": "1.76", "2013-03-31": "2.93", "2012-12-31": "1.95", "2012-09-30": "1.70", "2012-06-30": "1.82", "2012-03-31": "1.99", "2011-12-31": "2.09", "2011-09-30": "2.26", "2011-06-30": "2.70", "2011-03-31": "3.84", "2010-12-31": "2.48", "2010-09-30": "3.05", "2010-06-30": "3.00", "2010-03-31": "5.68", "2009-12-31": "4.22", "2009-09-30": "3.47", "2009-06-30": "2.12", "2009-03-31": "3.16", "2008-12-31": "2.39", "2008-09-30": "1.99", "2008-06-30": "1.93", "2008-03-31": "2.54", "2007-12-31": "1.81", "2007-09-30": "1.64", "2007-06-30": "1.57", "2007-03-31": "1.65", "2006-12-31": "1.87", "2006-09-30": "3.68", "2006-06-30": "2.17", "2006-03-31": "2.41", "2005-12-31": "1.54", "2005-09-30": "1.89", "2005-06-30": "1.42", "2005-03-31": "1.57"}, "quick ratio": {"2020-09-30": "0.00", "2020-06-30": "0.00", "2020-03-31": "0.00", "2019-12-31": "0.00", "2019-09-30": "0.00", "2019-06-30": "0.00", "2019-03-31": "0.00", "2018-12-31": "0.00", "2018-09-30": "0.00", "2018-06-30": "0.00", "2018-03-31": "0.00", "2017-12-31": "0.00", "2017-09-30": "0.00", "2017-06-30": "0.00", "2017-03-31": "0.00", "2016-12-31": "0.00", "2016-09-30": "0.00", "2016-06-30": "0.00", "2016-03-31": "0.00", "2015-12-31": "0.00", "2015-09-30": "0.00", "2015-06-30": "0.00", "2015-03-31": "0.00", "2014-12-31": "0.00", "2014-09-30": "0.00", "2014-06-30": "0.00", "2014-03-31": "0.00", "2013-12-31": "0.00", "2013-09-30": "0.00", "2013-06-30": "0.00", "2013-03-31": "0.00", "2012-12-31": "0.00", "2012-09-30": "0.00", "2012-06-30": "0.00", "2012-03-31": "0.00", "2011-12-31": "0.00", "2011-09-30": "0.00", "2011-06-30": "0.00", "2011-03-31": "0.00", "2010-12-31": "0.00", "2010-09-30": "0.00", "2010-06-30": "0.00", "2010-03-31": "0.00", "2009-12-31": "0.00", "2009-09-30": "0.00", "2009-06-30": "0.00", "2009-03-31": "0.00", "2008-12-31": "0.00", "2008-09-30": "0.00", "2008-06-30": "0.00", "2008-03-31": "0.00", "2007-12-31": "0.00", "2007-09-30": "0.00", "2007-06-30": "0.00", "2007-03-31": "0.00", "2006-12-31": "0.00", "2006-09-30": "0.00", "2006-06-30": "0.00", "2006-03-31": "0.00", "2005-12-31": "0.00", "2005-09-30": "0.00", "2005-06-30": "0.00", "2005-03-31": "0.00"}, "debt equity ratio": {"current": "0.94", "2020-09-30": "1.13", "2020-06-30": "1.11", "2020-03-31": "1.35", "2019-12-31": "1.10", "2019-09-30": "1.11", "2019-06-30": "1.17", "2019-03-31": "1.18", "2018-12-31": "1.19", "2018-09-30": "1.08", "2018-06-30": "1.09", "2018-03-31": "1.16", "2017-12-31": "1.32", "2017-09-30": "1.42", "2017-06-30": "1.47", "2017-03-31": "1.49", "2016-12-31": "1.58", "2016-09-30": "1.59", "2016-06-30": "1.42", "2016-03-31": "1.49", "2015-12-31": "1.53", "2015-09-30": "1.53", "2015-06-30": "1.51", "2015-03-31": "1.29", "2014-12-31": "1.32", "2014-09-30": "1.37", "2014-06-30": "1.47", "2014-03-31": "1.47", "2013-12-31": "1.50", "2013-09-30": "1.58", "2013-06-30": "1.66", "2013-03-31": "1.51", "2012-12-31": "1.41", "2012-09-30": "1.37", "2012-06-30": "1.35", "2012-03-31": "1.50", "2011-12-31": "1.52", "2011-09-30": "1.54", "2011-06-30": "1.48", "2011-03-31": "1.45", "2010-12-31": "1.43", "2010-09-30": "1.39", "2010-06-30": "1.36", "2010-03-31": "1.29", "2009-12-31": "1.32", "2009-09-30": "1.44", "2009-06-30": "1.40", "2009-03-31": "2.07", "2008-12-31": "2.09", "2008-09-30": "2.69", "2008-06-30": "2.43", "2008-03-31": "2.47", "2007-12-31": "2.39", "2007-09-30": "2.24", "2007-06-30": "2.37", "2007-03-31": "2.37", "2006-12-31": "2.89", "2006-09-30": "2.99", "2006-06-30": "2.20", "2006-03-31": "2.24", "2005-12-31": "2.25", "2005-09-30": "2.21", "2005-06-30": "2.23", "2005-03-31": "2.18"}, "return on equity": {"2020-09-30": "8.82%", "2020-06-30": "13.21%", "2020-03-31": "17.27%", "2019-12-31": "17.36%", "2019-09-30": "16.82%", "2019-06-30": "13.11%", "2019-03-31": "12.56%", "2018-12-31": "17.48%", "2018-09-30": "23.06%", "2018-06-30": "25.10%", "2018-03-31": "24.90%", "2017-12-31": "18.92%", "2017-09-30": "12.21%", "2017-06-30": "11.16%", "2017-03-31": "9.66%", "2016-12-31": "14.38%", "2016-09-30": "14.82%", "2016-06-30": "14.62%", "2016-03-31": "14.23%", "2015-12-31": "10.17%", "2015-09-30": "12.46%", "2015-06-30": "15.68%", "2015-03-31": "16.10%", "2014-12-31": "17.37%", "2014-09-30": "14.82%", "2014-06-30": "12.40%", "2014-03-31": "13.18%", "2013-12-31": "11.32%", "2013-09-30": "10.99%", "2013-06-30": "9.06%", "2013-03-31": "7.48%", "2012-12-31": "6.11%", "2012-09-30": "4.87%", "2012-06-30": "0.83%", "2012-03-31": "-0.81%", "2011-12-31": "-1.06%", "2011-09-30": "-2.34%", "2011-06-30": "0.30%", "2011-03-31": "0.35%", "2010-12-31": "0.49%", "2010-09-30": "4.18%", "2010-06-30": "3.28%", "2010-03-31": "5.40%", "2009-12-31": "6.84%", "2009-09-30": "2.88%", "2009-06-30": "5.27%", "2009-03-31": "7.50%", "2008-12-31": "7.36%", "2008-09-30": "11.67%", "2008-06-30": "12.18%", "2008-03-31": "12.75%", "2007-12-31": "14.41%", "2007-09-30": "15.49%", "2007-06-30": "21.99%", "2007-03-31": "24.20%", "2006-12-31": "25.54%", "2006-09-30": "25.15%", "2006-06-30": "21.20%", "2006-03-31": "19.90%", "2005-12-31": "18.63%"}, "return on assets": {"2020-09-30": "4.06%", "2020-06-30": "6.10%", "2020-03-31": "7.91%", "2019-12-31": "8.11%", "2019-09-30": "7.78%", "2019-06-30": "6.10%", "2019-03-31": "5.89%", "2018-12-31": "8.22%", "2018-09-30": "10.68%", "2018-06-30": "11.20%", "2018-03-31": "10.66%", "2017-12-31": "7.81%", "2017-09-30": "4.91%", "2017-06-30": "4.41%", "2017-03-31": "3.84%", "2016-12-31": "5.71%", "2016-09-30": "5.92%", "2016-06-30": "5.87%", "2016-03-31": "5.66%", "2015-12-31": "4.13%", "2015-09-30": "5.17%", "2015-06-30": "6.62%", "2015-03-31": "6.82%", "2014-12-31": "7.22%", "2014-09-30": "6.04%", "2014-06-30": "4.95%", "2014-03-31": "5.17%", "2013-12-31": "4.42%", "2013-09-30": "4.33%", "2013-06-30": "3.65%", "2013-03-31": "3.11%", "2012-12-31": "2.54%", "2012-09-30": "2.00%", "2012-06-30": "0.33%", "2012-03-31": "-0.32%", "2011-12-31": "-0.43%", "2011-09-30": "-0.95%", "2011-06-30": "0.13%", "2011-03-31": "0.15%", "2010-12-31": "0.21%", "2010-09-30": "1.79%", "2010-06-30": "1.40%", "2010-03-31": "2.29%", "2009-12-31": "2.70%", "2009-09-30": "1.06%", "2009-06-30": "1.76%", "2009-03-31": "2.27%", "2008-12-31": "2.16%", "2008-09-30": "3.34%", "2008-06-30": "3.60%", "2008-03-31": "3.79%", "2007-12-31": "4.31%", "2007-09-30": "4.50%", "2007-06-30": "6.06%", "2007-03-31": "6.74%", "2006-12-31": "7.16%", "2006-09-30": "7.37%", "2006-06-30": "6.58%", "2006-03-31": "6.16%", "2005-12-31": "5.79%"}, "return on investments": {"2020-09-30": "2.96%", "2020-06-30": "3.38%", "2020-03-31": "4.14%", "2019-12-31": "4.44%", "2019-09-30": "4.49%", "2019-06-30": "4.47%", "2019-03-31": "4.53%", "2018-12-31": "4.69%", "2018-09-30": "4.77%", "2018-06-30": "4.88%", "2018-03-31": "4.94%", "2017-12-31": "4.45%", "2017-09-30": "4.50%", "2017-06-30": "4.44%", "2017-03-31": "4.48%", "2016-12-31": "5.02%", "2016-09-30": "5.02%", "2016-06-30": "5.15%", "2016-03-31": "5.13%", "2015-12-31": "5.09%", "2015-09-30": "5.06%", "2015-06-30": "5.10%", "2015-03-31": "5.12%", "2014-12-31": "5.02%", "2014-09-30": "4.74%", "2014-06-30": "4.43%", "2014-03-31": "4.22%", "2013-12-31": "4.03%", "2013-09-30": "3.76%", "2013-06-30": "3.76%", "2013-03-31": "3.69%", "2012-12-31": "3.52%", "2012-09-30": "3.29%", "2012-06-30": "2.60%", "2012-03-31": "2.22%", "2011-12-31": "2.36%", "2011-09-30": "1.59%", "2011-06-30": "2.38%", "2011-03-31": "2.92%", "2010-12-31": "3.13%", "2010-09-30": "4.40%", "2010-06-30": "4.46%", "2010-03-31": "4.43%", "2009-12-31": "4.56%", "2009-09-30": "4.48%", "2009-06-30": "4.71%", "2009-03-31": "4.94%", "2008-12-31": "4.95%", "2008-09-30": "5.16%", "2008-06-30": "5.18%", "2008-03-31": "5.29%", "2007-12-31": "5.58%", "2007-09-30": "5.77%", "2007-06-30": "5.81%", "2007-03-31": "5.98%", "2006-12-31": "6.18%", "2006-09-30": "6.22%", "2006-06-30": "6.54%", "2006-03-31": "6.74%", "2005-12-31": "6.85%"}, "return on tangible equity": {"2020-09-30": "8.82%", "2020-06-30": "13.21%", "2020-03-31": "17.27%", "2019-12-31": "17.36%", "2019-09-30": "16.82%", "2019-06-30": "13.11%", "2019-03-31": "12.56%", "2018-12-31": "17.48%", "2018-09-30": "23.06%", "2018-06-30": "25.10%", "2018-03-31": "24.90%", "2017-12-31": "18.92%", "2017-09-30": "12.21%", "2017-06-30": "11.16%", "2017-03-31": "9.66%", "2016-12-31": "14.38%", "2016-09-30": "14.82%", "2016-06-30": "14.62%", "2016-03-31": "14.23%", "2015-12-31": "10.17%", "2015-09-30": "12.46%", "2015-06-30": "15.68%", "2015-03-31": "16.10%", "2014-12-31": "17.37%", "2014-09-30": "14.82%", "2014-06-30": "12.40%", "2014-03-31": "13.18%", "2013-12-31": "11.32%", "2013-09-30": "10.99%", "2013-06-30": "9.06%", "2013-03-31": "7.48%", "2012-12-31": "6.11%", "2012-09-30": "4.87%", "2012-06-30": "0.83%", "2012-03-31": "-0.81%", "2011-12-31": "-1.06%", "2011-09-30": "-2.34%", "2011-06-30": "0.30%", "2011-03-31": "0.35%", "2010-12-31": "0.49%", "2010-09-30": "4.18%", "2010-06-30": "3.28%", "2010-03-31": "5.40%", "2009-12-31": "6.84%", "2009-09-30": "2.88%", "2009-06-30": "5.27%", "2009-03-31": "7.50%", "2008-12-31": "7.36%", "2008-09-30": "11.67%", "2008-06-30": "12.18%", "2008-03-31": "12.75%", "2007-12-31": "14.41%", "2007-09-30": "15.49%", "2007-06-30": "21.99%", "2007-03-31": "24.20%", "2006-12-31": "25.54%", "2006-09-30": "25.15%", "2006-06-30": "21.20%", "2006-03-31": "19.90%", "2005-12-31": "18.63%"}, "dividend yield history": {"last payout": "$0.72", "last yield": "3.09%"}}