{"ticker": "WBT", "price": {"title": "Welbilt Historical Annual Stock Price Data", "value": 14.91, "historical": {"2020": {"Average Stock Price": "8.2708", "Year Open": "15.3900", "Year High": "15.6900", "Year Low": "3.5000", "Year Close": "13.2000", "Annual % Change": "-15.44%"}, "2019": {"Average Stock Price": "16.0897", "Year Open": "11.2500", "Year High": "19.7900", "Year Low": "10.9900", "Year Close": "15.6100", "Annual % Change": "40.50%"}, "2018": {"Average Stock Price": "19.6876", "Year Open": "23.3600", "Year High": "23.6000", "Year Low": "10.8200", "Year Close": "11.1100", "Annual % Change": "-52.74%"}, "2017": {"Average Stock Price": "20.2472", "Year Open": "19.5300", "Year High": "23.5100", "Year Low": "18.2500", "Year Close": "23.5100", "Annual % Change": "21.62%"}, "2016": {"Average Stock Price": "16.4982", "Year Open": "13.8000", "Year High": "19.3300", "Year Low": "13.8000", "Year Close": "19.3300", "Annual % Change": "0.00%"}}}, "market cap": {"value": "$2.11B"}, "income statement": {"Revenue": {"2019-12-31": "1593.90000", "2018-12-31": "1590.10000", "2017-12-31": "1445.40000", "2016-12-31": "1456.10000", "2015-12-31": "1570.10000", "2014-12-31": "1581.30000", "2013-12-31": "1541.80000"}, "Cost Of Goods Sold": {"2019-12-31": "1027.00000", "2018-12-31": "1020.90000", "2017-12-31": "908.50000", "2016-12-31": "922.30000", "2015-12-31": "1068.40000", "2014-12-31": "1073.30000", "2013-12-31": "1030.90000"}, "Gross Profit": {"2019-12-31": "566.90000", "2018-12-31": "569.20000", "2017-12-31": "536.90000", "2016-12-31": "533.80000", "2015-12-31": "501.70000", "2014-12-31": "508.00000", "2013-12-31": "510.90000"}, "Research And Development Expenses": {"2019-12-31": "", "2018-12-31": "", "2017-12-31": "", "2016-12-31": "", "2015-12-31": "", "2014-12-31": "", "2013-12-31": ""}, "SG&A Expenses": {"2019-12-31": "344.20000", "2018-12-31": "309.80000", "2017-12-31": "278.30000", "2016-12-31": "292.60000", "2015-12-31": "295.90000", "2014-12-31": "300.00000", "2013-12-31": "289.70000"}, "Other Operating Income Or Expenses": {"2019-12-31": "-0.70000", "2018-12-31": "0.40000", "2017-12-31": "4.00000", "2016-12-31": "-3.30000", "2015-12-31": "-9.90000", "2014-12-31": "-1.10000", "2013-12-31": "-33.50000"}, "Operating Expenses": {"2019-12-31": "1420.00000", "2018-12-31": "1373.30000", "2017-12-31": "1224.80000", "2016-12-31": "1251.90000", "2015-12-31": "1410.20000", "2014-12-31": "1408.80000", "2013-12-31": "1354.10000"}, "Operating Income": {"2019-12-31": "173.90010", "2018-12-31": "216.80000", "2017-12-31": "220.60000", "2016-12-31": "204.20000", "2015-12-31": "159.89990", "2014-12-31": "172.50000", "2013-12-31": "187.70000"}, "Total Non-Operating Income/Expense": {"2019-12-31": "-98.20000", "2018-12-31": "-127.80000", "2017-12-31": "-99.20000", "2016-12-31": "-102.00000", "2015-12-31": "36.50000", "2014-12-31": "13.20000", "2013-12-31": "16.90000"}, "Pre-Tax Income": {"2019-12-31": "75.70000", "2018-12-31": "89.00000", "2017-12-31": "121.40000", "2016-12-31": "102.20000", "2015-12-31": "196.40000", "2014-12-31": "185.70000", "2013-12-31": "204.60000"}, "Income Taxes": {"2019-12-31": "19.80000", "2018-12-31": "10.80000", "2017-12-31": "-11.50000", "2016-12-31": "30.70000", "2015-12-31": "39.30000", "2014-12-31": "25.90000", "2013-12-31": "55.30000"}, "Income After Taxes": {"2019-12-31": "55.90000", "2018-12-31": "78.20000", "2017-12-31": "132.90000", "2016-12-31": "71.50000", "2015-12-31": "157.10000", "2014-12-31": "159.80000", "2013-12-31": "149.30000"}, "Other Income": {"2019-12-31": "", "2018-12-31": "", "2017-12-31": "", "2016-12-31": "", "2015-12-31": "", "2014-12-31": "", "2013-12-31": ""}, "Income From Continuous Operations": {"2019-12-31": "55.90000", "2018-12-31": "78.20000", "2017-12-31": "132.90000", "2016-12-31": "71.50000", "2015-12-31": "157.10000", "2014-12-31": "159.80000", "2013-12-31": "149.30000"}, "Income From Discontinued Operations": {"2019-12-31": "", "2018-12-31": "", "2017-12-31": "", "2016-12-31": "", "2015-12-31": "", "2014-12-31": "", "2013-12-31": "-3.20000"}, "Net Income": {"2019-12-31": "55.90000", "2018-12-31": "78.20000", "2017-12-31": "132.90000", "2016-12-31": "71.50000", "2015-12-31": "157.10000", "2014-12-31": "159.80000", "2013-12-31": "146.10000"}, "EBITDA": {"2019-12-31": "239.70010", "2018-12-31": "277.30000", "2017-12-31": "274.00000", "2016-12-31": "257.40000", "2015-12-31": "210.89990", "2014-12-31": "225.50000", "2013-12-31": "239.09990"}, "EBIT": {"2019-12-31": "173.90010", "2018-12-31": "216.80000", "2017-12-31": "220.60000", "2016-12-31": "204.20000", "2015-12-31": "159.89990", "2014-12-31": "172.50000", "2013-12-31": "187.70000"}, "Basic Shares Outstanding": {"2019-12-31": "140.95300", "2018-12-31": "140.02400", "2017-12-31": "138.99600", "2016-12-31": "137.90600", "2015-12-31": "137.01700", "2014-12-31": "137.01700", "2013-12-31": "137.01700"}, "Shares Outstanding": {"2019-12-31": "141.56800", "2018-12-31": "141.38900", "2017-12-31": "140.70700", "2016-12-31": "139.71400", "2015-12-31": "137.01700", "2014-12-31": "137.01700", "2013-12-31": "137.01700"}, "Basic EPS": {"2019-12-31": "0.40000", "2018-12-31": "0.56000", "2017-12-31": "0.96000", "2016-12-31": "0.52000", "2015-12-31": "1.15000", "2014-12-31": "1.17000", "2013-12-31": "1.07000"}, "EPS - Earnings Per Share": {"2019-12-31": "0.39000", "2018-12-31": "0.55000", "2017-12-31": "0.94000", "2016-12-31": "0.51000", "2015-12-31": "1.15000", "2014-12-31": "1.17000", "2013-12-31": "1.07000"}}, "income statement, quarterly": {"Revenue": {"2020-09-30": "298.50000", "2020-06-30": "206.00000", "2020-03-31": "328.90000", "2019-12-31": "381.80000", "2019-09-30": "410.50000", "2019-06-30": "426.30000", "2019-03-31": "375.30000", "2018-12-31": "406.09990", "2018-09-30": "412.90000", "2018-06-30": "420.70000", "2018-03-31": "350.40000", "2017-12-31": "365.90000", "2017-09-30": "380.40000", "2017-06-30": "371.10000", "2017-03-31": "328.00000", "2016-12-31": "378.20000", "2016-09-30": "384.00000", "2016-06-30": "368.40000", "2016-03-31": "325.50000", "2015-12-31": "391.70000", "2015-09-30": "425.30000", "2015-06-30": "407.70000", "2015-03-31": "345.40000", "2014-12-31": "", "2013-12-31": ""}, "Cost Of Goods Sold": {"2020-09-30": "193.20000", "2020-06-30": "137.60000", "2020-03-31": "214.10000", "2019-12-31": "248.60000", "2019-09-30": "259.60000", "2019-06-30": "270.00000", "2019-03-31": "248.80000", "2018-12-31": "265.50010", "2018-09-30": "259.80000", "2018-06-30": "271.40000", "2018-03-31": "224.20000", "2017-12-31": "233.10000", "2017-09-30": "236.50000", "2017-06-30": "233.90000", "2017-03-31": "205.00000", "2016-12-31": "238.70000", "2016-09-30": "242.00000", "2016-06-30": "233.70000", "2016-03-31": "207.90000", "2015-12-31": "258.80000", "2015-09-30": "290.00000", "2015-06-30": "280.80000", "2015-03-31": "238.80000", "2014-12-31": "", "2013-12-31": ""}, "Gross Profit": {"2020-09-30": "105.30000", "2020-06-30": "68.40000", "2020-03-31": "114.80000", "2019-12-31": "133.20000", "2019-09-30": "150.90000", "2019-06-30": "156.30000", "2019-03-31": "126.50000", "2018-12-31": "140.59990", "2018-09-30": "153.10000", "2018-06-30": "149.30000", "2018-03-31": "126.20000", "2017-12-31": "132.80000", "2017-09-30": "143.90000", "2017-06-30": "137.20000", "2017-03-31": "123.00000", "2016-12-31": "139.50000", "2016-09-30": "142.00000", "2016-06-30": "134.70000", "2016-03-31": "117.60000", "2015-12-31": "132.90000", "2015-09-30": "135.30000", "2015-06-30": "126.90000", "2015-03-31": "106.60000", "2014-12-31": "", "2013-12-31": ""}, "Research And Development Expenses": {"2020-09-30": "", "2020-06-30": "", "2020-03-31": "", "2019-12-31": "", "2019-09-30": "", "2019-06-30": "", "2019-03-31": "", "2018-12-31": "", "2018-09-30": "", "2018-06-30": "", "2018-03-31": "", "2017-12-31": "", "2017-09-30": "", "2017-06-30": "", "2017-03-31": "", "2016-12-31": "", "2016-09-30": "", "2016-06-30": "", "2016-03-31": "", "2015-12-31": "0.00000", "2015-09-30": "", "2015-06-30": "", "2015-03-31": "", "2014-12-31": "", "2013-12-31": ""}, "SG&A Expenses": {"2020-09-30": "72.30000", "2020-06-30": "56.80000", "2020-03-31": "86.50000", "2019-12-31": "81.40000", "2019-09-30": "86.70000", "2019-06-30": "87.80000", "2019-03-31": "88.30000", "2018-12-31": "78.70000", "2018-09-30": "71.70000", "2018-06-30": "83.00000", "2018-03-31": "76.40000", "2017-12-31": "62.40000", "2017-09-30": "66.40000", "2017-06-30": "74.60000", "2017-03-31": "74.90000", "2016-12-31": "69.80000", "2016-09-30": "71.30000", "2016-06-30": "76.70000", "2016-03-31": "74.80000", "2015-12-31": "84.30000", "2015-09-30": "72.70000", "2015-06-30": "69.70000", "2015-03-31": "82.40000", "2014-12-31": "", "2013-12-31": ""}, "Other Operating Income Or Expenses": {"2020-09-30": "-0.40000", "2020-06-30": "-0.10000", "2020-03-31": "-11.20000", "2019-12-31": "-0.50000", "2019-09-30": "-0.20000", "2019-06-30": "", "2019-03-31": "", "2018-12-31": "0.10000", "2018-09-30": "0.10000", "2018-06-30": "0.10000", "2018-03-31": "0.10000", "2017-12-31": "-0.10000", "2017-09-30": "3.90000", "2017-06-30": "0.60000", "2017-03-31": "-0.40000", "2016-12-31": "-1.60000", "2016-09-30": "-1.70000", "2016-06-30": "", "2016-03-31": "0.00000", "2015-12-31": "", "2015-09-30": "", "2015-06-30": "", "2015-03-31": "", "2014-12-31": "", "2013-12-31": ""}, "Operating Expenses": {"2020-09-30": "277.30000", "2020-06-30": "205.30000", "2020-03-31": "328.30000", "2019-12-31": "344.39980", "2019-09-30": "355.70000", "2019-06-30": "369.10000", "2019-03-31": "350.80000", "2018-12-31": "354.20000", "2018-09-30": "345.20000", "2018-06-30": "365.10000", "2018-03-31": "308.80000", "2017-12-31": "305.70010", "2017-09-30": "309.70000", "2017-06-30": "316.70000", "2017-03-31": "292.70000", "2016-12-31": "318.10000", "2016-09-30": "323.40000", "2016-06-30": "318.60000", "2016-03-31": "291.80000", "2015-12-31": "350.90000", "2015-09-30": "371.40000", "2015-06-30": "358.20000", "2015-03-31": "329.70000", "2014-12-31": "", "2013-12-31": ""}, "Operating Income": {"2020-09-30": "21.20000", "2020-06-30": "0.70000", "2020-03-31": "0.60000", "2019-12-31": "37.40020", "2019-09-30": "54.80000", "2019-06-30": "57.20000", "2019-03-31": "24.50000", "2018-12-31": "51.89990", "2018-09-30": "67.70000", "2018-06-30": "55.60000", "2018-03-31": "41.60000", "2017-12-31": "60.20000", "2017-09-30": "70.70000", "2017-06-30": "54.40000", "2017-03-31": "35.30000", "2016-12-31": "60.09990", "2016-09-30": "60.60000", "2016-06-30": "49.80000", "2016-03-31": "33.70000", "2015-12-31": "40.80010", "2015-09-30": "53.90000", "2015-06-30": "49.50010", "2015-03-31": "15.70000", "2014-12-31": "", "2013-12-31": ""}, "Total Non-Operating Income/Expense": {"2020-09-30": "-17.50000", "2020-06-30": "-25.90000", "2020-03-31": "-15.90000", "2019-12-31": "-15.80000", "2019-09-30": "-25.30000", "2019-06-30": "-30.10000", "2019-03-31": "-27.00000", "2018-12-31": "-32.40000", "2018-09-30": "-28.20000", "2018-06-30": "-38.40000", "2018-03-31": "-28.80000", "2017-12-31": "-20.80000", "2017-09-30": "-25.70000", "2017-06-30": "-24.50000", "2017-03-31": "-28.20000", "2016-12-31": "-31.80000", "2016-09-30": "-28.60000", "2016-06-30": "-30.60000", "2016-03-31": "-11.00000", "2015-12-31": "21.80000", "2015-09-30": "5.50000", "2015-06-30": "4.40000", "2015-03-31": "4.80000", "2014-12-31": "", "2013-12-31": ""}, "Pre-Tax Income": {"2020-09-30": "3.70000", "2020-06-30": "-25.20000", "2020-03-31": "-15.30000", "2019-12-31": "21.60000", "2019-09-30": "29.50000", "2019-06-30": "27.10000", "2019-03-31": "-2.50000", "2018-12-31": "19.50000", "2018-09-30": "39.50000", "2018-06-30": "17.20000", "2018-03-31": "12.80000", "2017-12-31": "39.40000", "2017-09-30": "45.00000", "2017-06-30": "29.90000", "2017-03-31": "7.10000", "2016-12-31": "28.30000", "2016-09-30": "32.00000", "2016-06-30": "19.20000", "2016-03-31": "22.70000", "2015-12-31": "62.60000", "2015-09-30": "59.40000", "2015-06-30": "53.90000", "2015-03-31": "20.50000", "2014-12-31": "", "2013-12-31": ""}, "Income Taxes": {"2020-09-30": "-1.20000", "2020-06-30": "-7.80000", "2020-03-31": "-0.20000", "2019-12-31": "3.20000", "2019-09-30": "9.40000", "2019-06-30": "7.10000", "2019-03-31": "0.10000", "2018-12-31": "-7.50000", "2018-09-30": "12.70000", "2018-06-30": "5.20000", "2018-03-31": "0.40000", "2017-12-31": "-27.70000", "2017-09-30": "14.30000", "2017-06-30": "-0.20000", "2017-03-31": "2.10000", "2016-12-31": "14.90000", "2016-09-30": "7.10000", "2016-06-30": "4.10000", "2016-03-31": "4.60000", "2015-12-31": "-2.50000", "2015-09-30": "18.30000", "2015-06-30": "17.00000", "2015-03-31": "6.50000", "2014-12-31": "", "2013-12-31": ""}, "Income After Taxes": {"2020-09-30": "4.90000", "2020-06-30": "-17.40000", "2020-03-31": "-15.10000", "2019-12-31": "18.40000", "2019-09-30": "20.10000", "2019-06-30": "20.00000", "2019-03-31": "-2.60000", "2018-12-31": "27.00000", "2018-09-30": "26.80000", "2018-06-30": "12.00000", "2018-03-31": "12.40000", "2017-12-31": "67.10000", "2017-09-30": "30.70000", "2017-06-30": "30.10000", "2017-03-31": "5.00000", "2016-12-31": "13.40000", "2016-09-30": "24.90000", "2016-06-30": "15.10000", "2016-03-31": "18.10000", "2015-12-31": "65.10000", "2015-09-30": "41.10000", "2015-06-30": "36.90000", "2015-03-31": "14.00000", "2014-12-31": "", "2013-12-31": ""}, "Other Income": {"2020-09-30": "", "2020-06-30": "", "2020-03-31": "", "2019-12-31": "", "2019-09-30": "", "2019-06-30": "", "2019-03-31": "", "2018-12-31": "", "2018-09-30": "", "2018-06-30": "", "2018-03-31": "", "2017-12-31": "", "2017-09-30": "", "2017-06-30": "", "2017-03-31": "", "2016-12-31": "", "2016-09-30": "", "2016-06-30": "", "2016-03-31": "", "2015-12-31": "0.00000", "2015-09-30": "", "2015-06-30": "", "2015-03-31": "", "2014-12-31": "", "2013-12-31": ""}, "Income From Continuous Operations": {"2020-09-30": "4.90000", "2020-06-30": "-17.40000", "2020-03-31": "-15.10000", "2019-12-31": "18.40000", "2019-09-30": "20.10000", "2019-06-30": "20.00000", "2019-03-31": "-2.60000", "2018-12-31": "27.00000", "2018-09-30": "26.80000", "2018-06-30": "12.00000", "2018-03-31": "12.40000", "2017-12-31": "67.10000", "2017-09-30": "30.70000", "2017-06-30": "30.10000", "2017-03-31": "5.00000", "2016-12-31": "13.40000", "2016-09-30": "24.90000", "2016-06-30": "15.10000", "2016-03-31": "18.10000", "2015-12-31": "65.10000", "2015-09-30": "41.10000", "2015-06-30": "36.90000", "2015-03-31": "14.00000", "2014-12-31": "", "2013-12-31": ""}, "Income From Discontinued Operations": {"2020-09-30": "", "2020-06-30": "", "2020-03-31": "", "2019-12-31": "", "2019-09-30": "", "2019-06-30": "", "2019-03-31": "", "2018-12-31": "", "2018-09-30": "", "2018-06-30": "", "2018-03-31": "", "2017-12-31": "", "2017-09-30": "", "2017-06-30": "", "2017-03-31": "", "2016-12-31": "", "2016-09-30": "", "2016-06-30": "", "2016-03-31": "", "2015-12-31": "0.00000", "2015-09-30": "", "2015-06-30": "", "2015-03-31": "", "2014-12-31": "", "2013-12-31": ""}, "Net Income": {"2020-09-30": "4.90000", "2020-06-30": "-17.40000", "2020-03-31": "-15.10000", "2019-12-31": "18.40000", "2019-09-30": "20.10000", "2019-06-30": "20.00000", "2019-03-31": "-2.60000", "2018-12-31": "27.00000", "2018-09-30": "26.80000", "2018-06-30": "12.00000", "2018-03-31": "12.40000", "2017-12-31": "67.10000", "2017-09-30": "30.70000", "2017-06-30": "30.10000", "2017-03-31": "5.00000", "2016-12-31": "13.40000", "2016-09-30": "24.90000", "2016-06-30": "15.10000", "2016-03-31": "18.10000", "2015-12-31": "65.10000", "2015-09-30": "41.10000", "2015-06-30": "36.90000", "2015-03-31": "14.00000", "2014-12-31": "", "2013-12-31": ""}, "EBITDA": {"2020-09-30": "38.60000", "2020-06-30": "17.20000", "2020-03-31": "16.90000", "2019-12-31": "54.40020", "2019-09-30": "70.80000", "2019-06-30": "74.40000", "2019-03-31": "40.10000", "2018-12-31": "67.89990", "2018-09-30": "83.50010", "2018-06-30": "70.80000", "2018-03-31": "55.10000", "2017-12-31": "74.00000", "2017-09-30": "84.20000", "2017-06-30": "67.40000", "2017-03-31": "48.40000", "2016-12-31": "73.49990", "2016-09-30": "74.00000", "2016-06-30": "63.70000", "2016-03-31": "46.20000", "2015-12-31": "53.30010", "2015-09-30": "66.70000", "2015-06-30": "62.20010", "2015-03-31": "28.70000", "2014-12-31": "", "2013-12-31": ""}, "EBIT": {"2020-09-30": "21.20000", "2020-06-30": "0.70000", "2020-03-31": "0.60000", "2019-12-31": "37.40020", "2019-09-30": "54.80000", "2019-06-30": "57.20000", "2019-03-31": "24.50000", "2018-12-31": "51.90000", "2018-09-30": "67.70000", "2018-06-30": "55.60000", "2018-03-31": "41.60000", "2017-12-31": "60.20000", "2017-09-30": "70.70000", "2017-06-30": "54.40000", "2017-03-31": "35.30000", "2016-12-31": "60.10000", "2016-09-30": "60.60000", "2016-06-30": "49.80000", "2016-03-31": "33.70000", "2015-12-31": "40.80010", "2015-09-30": "53.90000", "2015-06-30": "49.50010", "2015-03-31": "15.70000", "2014-12-31": "", "2013-12-31": ""}, "Basic Shares Outstanding": {"2020-09-30": "141.51220", "2020-06-30": "141.50300", "2020-03-31": "141.43100", "2019-12-31": "140.95300", "2019-09-30": "141.07220", "2019-06-30": "140.99200", "2019-03-31": "140.61200", "2018-12-31": "140.02400", "2018-09-30": "140.15500", "2018-06-30": "139.99800", "2018-03-31": "139.70900", "2017-12-31": "138.99600", "2017-09-30": "139.16300", "2017-06-30": "138.97300", "2017-03-31": "138.75900", "2016-12-31": "137.90600", "2016-09-30": "138.27700", "2016-06-30": "137.13200", "2016-03-31": "137.01700", "2015-12-31": "137.01700", "2015-09-30": "137.01700", "2015-06-30": "137.01700", "2015-03-31": "137.01700", "2014-12-31": "", "2013-12-31": ""}, "Shares Outstanding": {"2020-09-30": "141.56070", "2020-06-30": "141.50300", "2020-03-31": "141.43100", "2019-12-31": "141.56800", "2019-09-30": "141.53280", "2019-06-30": "141.41700", "2019-03-31": "140.61200", "2018-12-31": "141.38900", "2018-09-30": "141.34900", "2018-06-30": "141.07100", "2018-03-31": "140.97100", "2017-12-31": "140.70700", "2017-09-30": "140.88500", "2017-06-30": "140.66100", "2017-03-31": "140.43100", "2016-12-31": "139.71400", "2016-09-30": "139.48900", "2016-06-30": "138.37400", "2016-03-31": "138.56400", "2015-12-31": "137.01700", "2015-09-30": "137.01700", "2015-06-30": "137.01700", "2015-03-31": "137.01700", "2014-12-31": "", "2013-12-31": ""}, "Basic EPS": {"2020-09-30": "0.03000", "2020-06-30": "-0.12000", "2020-03-31": "-0.11000", "2019-12-31": "0.14000", "2019-09-30": "0.14000", "2019-06-30": "0.14000", "2019-03-31": "-0.02000", "2018-12-31": "0.19000", "2018-09-30": "0.19000", "2018-06-30": "0.09000", "2018-03-31": "0.09000", "2017-12-31": "0.48000", "2017-09-30": "0.22000", "2017-06-30": "0.22000", "2017-03-31": "0.04000", "2016-12-31": "0.10000", "2016-09-30": "0.18000", "2016-06-30": "0.11000", "2016-03-31": "0.13000", "2015-12-31": "0.48000", "2015-09-30": "0.30000", "2015-06-30": "0.27000", "2015-03-31": "0.10000", "2014-12-31": "", "2013-12-31": ""}, "EPS - Earnings Per Share": {"2020-09-30": "0.03000", "2020-06-30": "-0.12000", "2020-03-31": "-0.11000", "2019-12-31": "0.13000", "2019-09-30": "0.14000", "2019-06-30": "0.14000", "2019-03-31": "-0.02000", "2018-12-31": "0.18000", "2018-09-30": "0.19000", "2018-06-30": "0.09000", "2018-03-31": "0.09000", "2017-12-31": "0.47000", "2017-09-30": "0.22000", "2017-06-30": "0.21000", "2017-03-31": "0.04000", "2016-12-31": "0.09000", "2016-09-30": "0.18000", "2016-06-30": "0.11000", "2016-03-31": "0.13000", "2015-12-31": "0.48000", "2015-09-30": "0.30000", "2015-06-30": "0.27000", "2015-03-31": "0.10000", "2014-12-31": "0.00000", "2013-12-31": "0.00000"}}, "balance sheet": {"Cash On Hand": {"2019-12-31": "130.70000", "2018-12-31": "105.20000", "2017-12-31": "128.70000", "2016-12-31": "60.20000", "2015-12-31": "32.60000", "2014-12-31": "16.50000", "2013-12-31": ""}, "Receivables": {"2019-12-31": "183.60000", "2018-12-31": "112.50000", "2017-12-31": "83.70000", "2016-12-31": "81.70000", "2015-12-31": "63.80000", "2014-12-31": "71.00000", "2013-12-31": ""}, "Inventory": {"2019-12-31": "186.40000", "2018-12-31": "190.60000", "2017-12-31": "152.30000", "2016-12-31": "145.60000", "2015-12-31": "145.90000", "2014-12-31": "163.20000", "2013-12-31": ""}, "Pre-Paid Expenses": {"2019-12-31": "", "2018-12-31": "", "2017-12-31": "", "2016-12-31": "", "2015-12-31": "", "2014-12-31": "", "2013-12-31": ""}, "Other Current Assets": {"2019-12-31": "28.20000", "2018-12-31": "32.20000", "2017-12-31": "19.00000", "2016-12-31": "20.70000", "2015-12-31": "10.30000", "2014-12-31": "15.10000", "2013-12-31": ""}, "Total Current Assets": {"2019-12-31": "528.90000", "2018-12-31": "440.50000", "2017-12-31": "383.70000", "2016-12-31": "308.20000", "2015-12-31": "252.60000", "2014-12-31": "289.50000", "2013-12-31": ""}, "Property, Plant, And Equipment": {"2019-12-31": "127.50000", "2018-12-31": "116.30000", "2017-12-31": "112.20000", "2016-12-31": "109.10000", "2015-12-31": "116.40000", "2014-12-31": "134.30000", "2013-12-31": ""}, "Long-Term Investments": {"2019-12-31": "", "2018-12-31": "", "2017-12-31": "", "2016-12-31": "", "2015-12-31": "", "2014-12-31": "", "2013-12-31": ""}, "Goodwill And Intangible Assets": {"2019-12-31": "1440.80000", "2018-12-31": "1485.00000", "2017-12-31": "1307.50000", "2016-12-31": "1329.70000", "2015-12-31": "1365.40000", "2014-12-31": "1457.30000", "2013-12-31": "0.00000"}, "Other Long-Term Assets": {"2019-12-31": "28.20000", "2018-12-31": "33.20000", "2017-12-31": "37.00000", "2016-12-31": "22.10000", "2015-12-31": "19.60000", "2014-12-31": "17.20000", "2013-12-31": ""}, "Total Long-Term Assets": {"2019-12-31": "1636.40000", "2018-12-31": "1634.50000", "2017-12-31": "1456.70000", "2016-12-31": "1460.90000", "2015-12-31": "1501.40000", "2014-12-31": "1608.80000", "2013-12-31": ""}, "Total Assets": {"2019-12-31": "2165.30000", "2018-12-31": "2075.00000", "2017-12-31": "1840.40000", "2016-12-31": "1769.10000", "2015-12-31": "1754.00000", "2014-12-31": "1898.30000", "2013-12-31": "0.00000"}, "Total Current Liabilities": {"2019-12-31": "331.30000", "2018-12-31": "378.70000", "2017-12-31": "297.90000", "2016-12-31": "313.10000", "2015-12-31": "321.30000", "2014-12-31": "368.60000", "2013-12-31": ""}, "Long Term Debt": {"2019-12-31": "1403.10000", "2018-12-31": "1321.80000", "2017-12-31": "1232.20000", "2016-12-31": "1278.70000", "2015-12-31": "2.30000", "2014-12-31": "3.60000", "2013-12-31": ""}, "Other Non-Current Liabilities": {"2019-12-31": "34.10000", "2018-12-31": "44.60000", "2017-12-31": "67.10000", "2016-12-31": "35.60000", "2015-12-31": "20.50000", "2014-12-31": "20.30000", "2013-12-31": ""}, "Total Long Term Liabilities": {"2019-12-31": "1581.00000", "2018-12-31": "1509.90000", "2017-12-31": "1438.90000", "2016-12-31": "1499.50000", "2015-12-31": "224.00000", "2014-12-31": "278.30000", "2013-12-31": ""}, "Total Liabilities": {"2019-12-31": "1912.30000", "2018-12-31": "1888.60000", "2017-12-31": "1736.80000", "2016-12-31": "1812.60000", "2015-12-31": "545.30000", "2014-12-31": "646.90000", "2013-12-31": "0.00000"}, "Common Stock Net": {"2019-12-31": "1.40000", "2018-12-31": "1.40000", "2017-12-31": "1.40000", "2016-12-31": "1.40000", "2015-12-31": "", "2014-12-31": "", "2013-12-31": "0.00000"}, "Retained Earnings (Accumulated Deficit)": {"2019-12-31": "324.50000", "2018-12-31": "268.40000", "2017-12-31": "189.10000", "2016-12-31": "70.50000", "2015-12-31": "", "2014-12-31": "", "2013-12-31": ""}, "Comprehensive Income": {"2019-12-31": "-41.50000", "2018-12-31": "-41.60000", "2017-12-31": "-32.00000", "2016-12-31": "-43.40000", "2015-12-31": "-44.50000", "2014-12-31": "-20.70000", "2013-12-31": ""}, "Other Share Holders Equity": {"2019-12-31": "", "2018-12-31": "", "2017-12-31": "", "2016-12-31": "", "2015-12-31": "1253.20000", "2014-12-31": "1272.10000", "2013-12-31": "0.00000"}, "Share Holder Equity": {"2019-12-31": "253.00000", "2018-12-31": "186.40000", "2017-12-31": "103.60000", "2016-12-31": "-43.50000", "2015-12-31": "1208.70000", "2014-12-31": "1251.40000", "2013-12-31": "0.00000"}, "Total Liabilities And Share Holders Equity": {"2019-12-31": "2165.30000", "2018-12-31": "2075.00000", "2017-12-31": "1840.40000", "2016-12-31": "1769.10000", "2015-12-31": "1754.00000", "2014-12-31": "1898.30000", "2013-12-31": "0.00000"}}, "balance sheet, quarterly": {"Cash On Hand": {"2020-09-30": "123.10000", "2020-06-30": "139.70000", "2020-03-31": "148.50000", "2019-12-31": "130.70000", "2019-09-30": "117.80000", "2019-06-30": "89.30000", "2019-03-31": "88.10000", "2018-12-31": "105.20000", "2018-09-30": "93.70000", "2018-06-30": "104.20000", "2018-03-31": "154.10000", "2017-12-31": "128.70000", "2017-09-30": "128.60000", "2017-06-30": "103.20000", "2017-03-31": "82.80000", "2016-12-31": "60.20000", "2016-09-30": "73.10000", "2016-06-30": "41.10000", "2016-03-31": "54.90000", "2015-12-31": "32.60000", "2015-09-30": "", "2015-06-30": "", "2015-03-31": "", "2014-12-31": "16.50000", "2013-12-31": ""}, "Receivables": {"2020-09-30": "161.80000", "2020-06-30": "137.80000", "2020-03-31": "190.00000", "2019-12-31": "183.60000", "2019-09-30": "200.40000", "2019-06-30": "216.40000", "2019-03-31": "212.80000", "2018-12-31": "112.50000", "2018-09-30": "118.40000", "2018-06-30": "125.40000", "2018-03-31": "90.50000", "2017-12-31": "83.70000", "2017-09-30": "86.40000", "2017-06-30": "101.10000", "2017-03-31": "92.80000", "2016-12-31": "81.70000", "2016-09-30": "95.50000", "2016-06-30": "100.70000", "2016-03-31": "88.90000", "2015-12-31": "63.80000", "2015-09-30": "", "2015-06-30": "", "2015-03-31": "", "2014-12-31": "71.00000", "2013-12-31": ""}, "Inventory": {"2020-09-30": "192.40000", "2020-06-30": "208.00000", "2020-03-31": "200.90000", "2019-12-31": "186.40000", "2019-09-30": "197.60000", "2019-06-30": "200.60000", "2019-03-31": "205.70000", "2018-12-31": "190.60000", "2018-09-30": "201.20000", "2018-06-30": "198.00000", "2018-03-31": "177.40000", "2017-12-31": "152.30000", "2017-09-30": "169.10000", "2017-06-30": "172.80000", "2017-03-31": "171.00000", "2016-12-31": "145.60000", "2016-09-30": "156.80000", "2016-06-30": "163.60000", "2016-03-31": "163.60000", "2015-12-31": "145.90000", "2015-09-30": "", "2015-06-30": "", "2015-03-31": "", "2014-12-31": "163.20000", "2013-12-31": ""}, "Pre-Paid Expenses": {"2020-09-30": "", "2020-06-30": "", "2020-03-31": "", "2019-12-31": "", "2019-09-30": "", "2019-06-30": "", "2019-03-31": "", "2018-12-31": "", "2018-09-30": "", "2018-06-30": "", "2018-03-31": "", "2017-12-31": "", "2017-09-30": "", "2017-06-30": "", "2017-03-31": "", "2016-12-31": "", "2016-09-30": "", "2016-06-30": "", "2016-03-31": "", "2015-12-31": "", "2015-09-30": "", "2015-06-30": "", "2015-03-31": "", "2014-12-31": "", "2013-12-31": ""}, "Other Current Assets": {"2020-09-30": "67.90000", "2020-06-30": "60.90000", "2020-03-31": "46.50000", "2019-12-31": "28.20000", "2019-09-30": "39.30000", "2019-06-30": "38.70000", "2019-03-31": "34.40000", "2018-12-31": "32.20000", "2018-09-30": "26.70000", "2018-06-30": "28.60000", "2018-03-31": "24.70000", "2017-12-31": "19.00000", "2017-09-30": "21.50000", "2017-06-30": "27.40000", "2017-03-31": "33.00000", "2016-12-31": "20.70000", "2016-09-30": "18.60000", "2016-06-30": "16.90000", "2016-03-31": "13.70000", "2015-12-31": "10.30000", "2015-09-30": "", "2015-06-30": "", "2015-03-31": "", "2014-12-31": "38.80000", "2013-12-31": ""}, "Total Current Assets": {"2020-09-30": "545.20000", "2020-06-30": "546.40000", "2020-03-31": "585.90000", "2019-12-31": "528.90000", "2019-09-30": "555.10000", "2019-06-30": "545.00000", "2019-03-31": "541.00000", "2018-12-31": "440.50000", "2018-09-30": "440.00000", "2018-06-30": "456.20000", "2018-03-31": "446.70000", "2017-12-31": "383.70000", "2017-09-30": "405.60000", "2017-06-30": "404.50000", "2017-03-31": "379.60000", "2016-12-31": "308.20000", "2016-09-30": "344.00000", "2016-06-30": "322.30000", "2016-03-31": "321.10000", "2015-12-31": "252.60000", "2015-09-30": "", "2015-06-30": "", "2015-03-31": "", "2014-12-31": "289.50000", "2013-12-31": ""}, "Property, Plant, And Equipment": {"2020-09-30": "126.70000", "2020-06-30": "125.10000", "2020-03-31": "124.60000", "2019-12-31": "127.50000", "2019-09-30": "119.80000", "2019-06-30": "118.50000", "2019-03-31": "119.30000", "2018-12-31": "116.30000", "2018-09-30": "116.60000", "2018-06-30": "115.50000", "2018-03-31": "112.60000", "2017-12-31": "112.20000", "2017-09-30": "110.50000", "2017-06-30": "108.40000", "2017-03-31": "107.70000", "2016-12-31": "109.10000", "2016-09-30": "108.50000", "2016-06-30": "111.40000", "2016-03-31": "116.30000", "2015-12-31": "116.40000", "2015-09-30": "", "2015-06-30": "", "2015-03-31": "", "2014-12-31": "421.50000", "2013-12-31": ""}, "Long-Term Investments": {"2020-09-30": "", "2020-06-30": "", "2020-03-31": "", "2019-12-31": "", "2019-09-30": "", "2019-06-30": "", "2019-03-31": "", "2018-12-31": "", "2018-09-30": "", "2018-06-30": "", "2018-03-31": "", "2017-12-31": "", "2017-09-30": "", "2017-06-30": "", "2017-03-31": "", "2016-12-31": "", "2016-09-30": "", "2016-06-30": "", "2016-03-31": "", "2015-12-31": "", "2015-09-30": "", "2015-06-30": "", "2015-03-31": "", "2014-12-31": "", "2013-12-31": ""}, "Goodwill And Intangible Assets": {"2020-09-30": "1408.60000", "2020-06-30": "1408.50000", "2020-03-31": "1411.60000", "2019-12-31": "1440.80000", "2019-09-30": "1438.00000", "2019-06-30": "1458.60000", "2019-03-31": "1467.40000", "2018-12-31": "1485.00000", "2018-09-30": "1494.60000", "2018-06-30": "1502.50000", "2018-03-31": "1302.30000", "2017-12-31": "1307.50000", "2017-09-30": "1313.40000", "2017-06-30": "1319.30000", "2017-03-31": "1323.50000", "2016-12-31": "1329.70000", "2016-09-30": "1342.00000", "2016-06-30": "1349.20000", "2016-03-31": "1359.70000", "2015-12-31": "1365.40000", "2015-09-30": "0.00000", "2015-06-30": "0.00000", "2015-03-31": "0.00000", "2014-12-31": "1457.30000", "2013-12-31": "0.00000"}, "Other Long-Term Assets": {"2020-09-30": "27.80000", "2020-06-30": "26.90000", "2020-03-31": "24.60000", "2019-12-31": "28.20000", "2019-09-30": "28.10000", "2019-06-30": "28.70000", "2019-03-31": "28.90000", "2018-12-31": "33.20000", "2018-09-30": "37.70000", "2018-06-30": "37.10000", "2018-03-31": "37.20000", "2017-12-31": "37.00000", "2017-09-30": "32.60000", "2017-06-30": "35.50000", "2017-03-31": "26.30000", "2016-12-31": "22.10000", "2016-09-30": "23.20000", "2016-06-30": "24.10000", "2016-03-31": "25.80000", "2015-12-31": "19.60000", "2015-09-30": "", "2015-06-30": "", "2015-03-31": "", "2014-12-31": "17.20000", "2013-12-31": ""}, "Total Long-Term Assets": {"2020-09-30": "1605.60000", "2020-06-30": "1597.80000", "2020-03-31": "1599.10000", "2019-12-31": "1636.40000", "2019-09-30": "1625.20000", "2019-06-30": "1646.20000", "2019-03-31": "1651.30000", "2018-12-31": "1634.50000", "2018-09-30": "1648.90000", "2018-06-30": "1655.10000", "2018-03-31": "1452.10000", "2017-12-31": "1456.70000", "2017-09-30": "1456.50000", "2017-06-30": "1463.20000", "2017-03-31": "1457.50000", "2016-12-31": "1460.90000", "2016-09-30": "1473.70000", "2016-06-30": "1484.70000", "2016-03-31": "1501.80000", "2015-12-31": "1501.40000", "2015-09-30": "", "2015-06-30": "", "2015-03-31": "", "2014-12-31": "1896.00000", "2013-12-31": ""}, "Total Assets": {"2020-09-30": "2150.80000", "2020-06-30": "2144.20000", "2020-03-31": "2185.00000", "2019-12-31": "2165.30000", "2019-09-30": "2180.30000", "2019-06-30": "2191.20000", "2019-03-31": "2192.30000", "2018-12-31": "2075.00000", "2018-09-30": "2088.90000", "2018-06-30": "2111.30000", "2018-03-31": "1898.80000", "2017-12-31": "1840.40000", "2017-09-30": "1862.10000", "2017-06-30": "1867.70000", "2017-03-31": "1837.10000", "2016-12-31": "1769.10000", "2016-09-30": "1817.70000", "2016-06-30": "1807.00000", "2016-03-31": "1822.90000", "2015-12-31": "1754.00000", "2015-09-30": "0.00000", "2015-06-30": "0.00000", "2015-03-31": "0.00000", "2014-12-31": "1898.30000", "2013-12-31": "0.00000"}, "Total Current Liabilities": {"2020-09-30": "288.60000", "2020-06-30": "257.20000", "2020-03-31": "288.90000", "2019-12-31": "331.30000", "2019-09-30": "324.20000", "2019-06-30": "320.80000", "2019-03-31": "311.10000", "2018-12-31": "378.70000", "2018-09-30": "322.80000", "2018-06-30": "322.80000", "2018-03-31": "278.00000", "2017-12-31": "297.90000", "2017-09-30": "299.50000", "2017-06-30": "308.90000", "2017-03-31": "284.80000", "2016-12-31": "313.10000", "2016-09-30": "304.50000", "2016-06-30": "303.20000", "2016-03-31": "318.60000", "2015-12-31": "321.30000", "2015-09-30": "", "2015-06-30": "", "2015-03-31": "", "2014-12-31": "368.60000", "2013-12-31": ""}, "Long Term Debt": {"2020-09-30": "1444.20000", "2020-06-30": "1495.80000", "2020-03-31": "1506.10000", "2019-12-31": "1403.10000", "2019-09-30": "1425.90000", "2019-06-30": "1448.30000", "2019-03-31": "1493.40000", "2018-12-31": "1321.80000", "2018-09-30": "1358.70000", "2018-06-30": "1407.80000", "2018-03-31": "1279.50000", "2017-12-31": "1232.20000", "2017-09-30": "1292.60000", "2017-06-30": "1328.90000", "2017-03-31": "1353.40000", "2016-12-31": "1278.70000", "2016-09-30": "1343.90000", "2016-06-30": "1369.90000", "2016-03-31": "1383.20000", "2015-12-31": "2.30000", "2015-09-30": "", "2015-06-30": "", "2015-03-31": "", "2014-12-31": "3.60000", "2013-12-31": ""}, "Other Non-Current Liabilities": {"2020-09-30": "35.70000", "2020-06-30": "32.30000", "2020-03-31": "32.00000", "2019-12-31": "34.10000", "2019-09-30": "34.40000", "2019-06-30": "36.00000", "2019-03-31": "37.20000", "2018-12-31": "44.60000", "2018-09-30": "80.50000", "2018-06-30": "74.50000", "2018-03-31": "71.30000", "2017-12-31": "67.10000", "2017-09-30": "44.60000", "2017-06-30": "38.70000", "2017-03-31": "43.00000", "2016-12-31": "35.60000", "2016-09-30": "34.20000", "2016-06-30": "33.40000", "2016-03-31": "33.50000", "2015-12-31": "20.50000", "2015-09-30": "", "2015-06-30": "", "2015-03-31": "", "2014-12-31": "56.70000", "2013-12-31": ""}, "Total Long Term Liabilities": {"2020-09-30": "1629.20000", "2020-06-30": "1671.90000", "2020-03-31": "1683.10000", "2019-12-31": "1581.00000", "2019-09-30": "1625.40000", "2019-06-30": "1653.70000", "2019-03-31": "1695.90000", "2018-12-31": "1509.90000", "2018-09-30": "1601.00000", "2018-06-30": "1647.70000", "2018-03-31": "1488.50000", "2017-12-31": "1438.90000", "2017-09-30": "1518.60000", "2017-06-30": "1547.50000", "2017-03-31": "1578.60000", "2016-12-31": "1499.50000", "2016-09-30": "1585.40000", "2016-06-30": "1614.90000", "2016-03-31": "1630.00000", "2015-12-31": "224.00000", "2015-09-30": "", "2015-06-30": "", "2015-03-31": "", "2014-12-31": "278.30000", "2013-12-31": ""}, "Total Liabilities": {"2020-09-30": "1917.80000", "2020-06-30": "1929.10000", "2020-03-31": "1972.00000", "2019-12-31": "1912.30000", "2019-09-30": "1949.60000", "2019-06-30": "1974.50000", "2019-03-31": "2007.00000", "2018-12-31": "1888.60000", "2018-09-30": "1923.80000", "2018-06-30": "1970.50000", "2018-03-31": "1766.50000", "2017-12-31": "1736.80000", "2017-09-30": "1818.10000", "2017-06-30": "1856.40000", "2017-03-31": "1863.40000", "2016-12-31": "1812.60000", "2016-09-30": "1889.90000", "2016-06-30": "1918.10000", "2016-03-31": "1948.60000", "2015-12-31": "545.30000", "2015-09-30": "0.00000", "2015-06-30": "0.00000", "2015-03-31": "0.00000", "2014-12-31": "646.90000", "2013-12-31": "0.00000"}, "Common Stock Net": {"2020-09-30": "1.40000", "2020-06-30": "1.40000", "2020-03-31": "1.40000", "2019-12-31": "1.40000", "2019-09-30": "1.40000", "2019-06-30": "1.40000", "2019-03-31": "1.40000", "2018-12-31": "1.40000", "2018-09-30": "1.40000", "2018-06-30": "1.40000", "2018-03-31": "1.40000", "2017-12-31": "1.40000", "2017-09-30": "1.40000", "2017-06-30": "1.40000", "2017-03-31": "1.40000", "2016-12-31": "1.40000", "2016-09-30": "1.40000", "2016-06-30": "1.40000", "2016-03-31": "1.40000", "2015-12-31": "", "2015-09-30": "0.00000", "2015-06-30": "0.00000", "2015-03-31": "0.00000", "2014-12-31": "0.00000", "2013-12-31": "0.00000"}, "Retained Earnings (Accumulated Deficit)": {"2020-09-30": "296.50000", "2020-06-30": "291.60000", "2020-03-31": "309.00000", "2019-12-31": "324.50000", "2019-09-30": "306.10000", "2019-06-30": "286.00000", "2019-03-31": "266.00000", "2018-12-31": "268.40000", "2018-09-30": "241.40000", "2018-06-30": "230.20000", "2018-03-31": "218.10000", "2017-12-31": "189.10000", "2017-09-30": "138.70000", "2017-06-30": "105.60000", "2017-03-31": "75.50000", "2016-12-31": "70.50000", "2016-09-30": "42.80000", "2016-06-30": "17.90000", "2016-03-31": "2.80000", "2015-12-31": "", "2015-09-30": "", "2015-06-30": "", "2015-03-31": "", "2014-12-31": "", "2013-12-31": ""}, "Comprehensive Income": {"2020-09-30": "-36.90000", "2020-06-30": "-48.60000", "2020-03-31": "-68.10000", "2019-12-31": "-41.50000", "2019-09-30": "-44.10000", "2019-06-30": "-36.20000", "2019-03-31": "-43.80000", "2018-12-31": "-41.60000", "2018-09-30": "-33.40000", "2018-06-30": "-37.70000", "2018-03-31": "-29.40000", "2017-12-31": "-32.00000", "2017-09-30": "-29.30000", "2017-06-30": "-31.80000", "2017-03-31": "-36.60000", "2016-12-31": "-43.40000", "2016-09-30": "-41.10000", "2016-06-30": "-39.60000", "2016-03-31": "-35.30000", "2015-12-31": "-44.50000", "2015-09-30": "", "2015-06-30": "", "2015-03-31": "", "2014-12-31": "", "2013-12-31": ""}, "Other Share Holders Equity": {"2020-09-30": "", "2020-06-30": "", "2020-03-31": "", "2019-12-31": "", "2019-09-30": "", "2019-06-30": "", "2019-03-31": "", "2018-12-31": "", "2018-09-30": "", "2018-06-30": "", "2018-03-31": "", "2017-12-31": "", "2017-09-30": "", "2017-06-30": "", "2017-03-31": "", "2016-12-31": "", "2016-09-30": "", "2016-06-30": "", "2016-03-31": "", "2015-12-31": "1253.20000", "2015-09-30": "0.00000", "2015-06-30": "0.00000", "2015-03-31": "0.00000", "2014-12-31": "1251.40000", "2013-12-31": "0.00000"}, "Share Holder Equity": {"2020-09-30": "233.00000", "2020-06-30": "215.10000", "2020-03-31": "213.00000", "2019-12-31": "253.00000", "2019-09-30": "230.70000", "2019-06-30": "216.70000", "2019-03-31": "185.30000", "2018-12-31": "186.40000", "2018-09-30": "165.10000", "2018-06-30": "140.80000", "2018-03-31": "132.30000", "2017-12-31": "103.60000", "2017-09-30": "44.00000", "2017-06-30": "11.30000", "2017-03-31": "-26.30000", "2016-12-31": "-43.50000", "2016-09-30": "-72.20000", "2016-06-30": "-111.10000", "2016-03-31": "-125.70000", "2015-12-31": "1208.70000", "2015-09-30": "0.00000", "2015-06-30": "0.00000", "2015-03-31": "0.00000", "2014-12-31": "1251.40000", "2013-12-31": "0.00000"}, "Total Liabilities And Share Holders Equity": {"2020-09-30": "2150.80000", "2020-06-30": "2144.20000", "2020-03-31": "2185.00000", "2019-12-31": "2165.30000", "2019-09-30": "2180.30000", "2019-06-30": "2191.20000", "2019-03-31": "2192.30000", "2018-12-31": "2075.00000", "2018-09-30": "2088.90000", "2018-06-30": "2111.30000", "2018-03-31": "1898.80000", "2017-12-31": "1840.40000", "2017-09-30": "1862.10000", "2017-06-30": "1867.70000", "2017-03-31": "1837.10000", "2016-12-31": "1769.10000", "2016-09-30": "1817.70000", "2016-06-30": "1807.00000", "2016-03-31": "1822.90000", "2015-12-31": "1754.00000", "2015-09-30": "0.00000", "2015-06-30": "0.00000", "2015-03-31": "0.00000", "2014-12-31": "1898.30000", "2013-12-31": "0.00000"}}, "cash flow statement": {"Net Income/Loss": {"2019-12-31": "55.90000", "2018-12-31": "78.20000", "2017-12-31": "132.90000", "2016-12-31": "71.50000", "2015-12-31": "157.10000", "2014-12-31": "159.80000", "2013-12-31": "146.10000"}, "Total Depreciation And Amortization - Cash Flow": {"2019-12-31": "65.80000", "2018-12-31": "60.50000", "2017-12-31": "53.40000", "2016-12-31": "53.20000", "2015-12-31": "51.00000", "2014-12-31": "53.00000", "2013-12-31": "51.40000"}, "Other Non-Cash Items": {"2019-12-31": "-11.20000", "2018-12-31": "22.70000", "2017-12-31": "-55.50000", "2016-12-31": "4.70000", "2015-12-31": "-32.60000", "2014-12-31": "-12.60000", "2013-12-31": "-4.50000"}, "Total Non-Cash Items": {"2019-12-31": "54.60000", "2018-12-31": "83.20000", "2017-12-31": "-2.10000", "2016-12-31": "57.90000", "2015-12-31": "18.40000", "2014-12-31": "40.40000", "2013-12-31": "46.90000"}, "Change In Accounts Receivable": {"2019-12-31": "-351.40000", "2018-12-31": "-590.40000", "2017-12-31": "-541.20000", "2016-12-31": "-502.80000", "2015-12-31": "-7.50000", "2014-12-31": "-0.30000", "2013-12-31": "-3.20000"}, "Change In Inventories": {"2019-12-31": "5.00000", "2018-12-31": "-25.50000", "2017-12-31": "-1.80000", "2016-12-31": "-3.60000", "2015-12-31": "4.70000", "2014-12-31": "-23.80000", "2013-12-31": "-8.80000"}, "Change In Accounts Payable": {"2019-12-31": "-46.80000", "2018-12-31": "39.30000", "2017-12-31": "-7.90000", "2016-12-31": "-11.10000", "2015-12-31": "-25.60000", "2014-12-31": "21.20000", "2013-12-31": "17.00000"}, "Change In Assets/Liabilities": {"2019-12-31": "13.00000", "2018-12-31": "-33.30000", "2017-12-31": "-11.20000", "2016-12-31": "16.10000", "2015-12-31": "-4.10000", "2014-12-31": "2.90000", "2013-12-31": "3.90000"}, "Total Change In Assets/Liabilities": {"2019-12-31": "-380.20000", "2018-12-31": "-609.90000", "2017-12-31": "-562.10000", "2016-12-31": "-501.40000", "2015-12-31": "-32.50000", "2014-12-31": "0.00000", "2013-12-31": "8.90000"}, "Cash Flow From Operating Activities": {"2019-12-31": "-269.70000", "2018-12-31": "-448.50000", "2017-12-31": "-431.30000", "2016-12-31": "-372.00000", "2015-12-31": "143.00000", "2014-12-31": "200.20000", "2013-12-31": "201.90000"}, "Net Change In Property, Plant, And Equipment": {"2019-12-31": "-33.90000", "2018-12-31": "-21.40000", "2017-12-31": "-8.40000", "2016-12-31": "-15.50000", "2015-12-31": "-13.20000", "2014-12-31": "-25.30000", "2013-12-31": "-32.00000"}, "Net Change In Intangible Assets": {"2019-12-31": "", "2018-12-31": "", "2017-12-31": "", "2016-12-31": "", "2015-12-31": "", "2014-12-31": "", "2013-12-31": ""}, "Net Acquisitions/Divestitures": {"2019-12-31": "", "2018-12-31": "-218.40000", "2017-12-31": "-1.20000", "2016-12-31": "1.10000", "2015-12-31": "72.90000", "2014-12-31": "", "2013-12-31": "-11.50000"}, "Net Change In Short-term Investments": {"2019-12-31": "32.00000", "2018-12-31": "-14.30000", "2017-12-31": "", "2016-12-31": "-18.70000", "2015-12-31": "", "2014-12-31": "", "2013-12-31": ""}, "Net Change In Long-Term Investments": {"2019-12-31": "", "2018-12-31": "", "2017-12-31": "", "2016-12-31": "", "2015-12-31": "", "2014-12-31": "", "2013-12-31": ""}, "Net Change In Investments - Total": {"2019-12-31": "32.00000", "2018-12-31": "-14.30000", "2017-12-31": "", "2016-12-31": "-18.70000", "2015-12-31": "", "2014-12-31": "", "2013-12-31": ""}, "Investing Activities - Other": {"2019-12-31": "281.80000", "2018-12-31": "567.60000", "2017-12-31": "553.00000", "2016-12-31": "494.30000", "2015-12-31": "-0.60000", "2014-12-31": "", "2013-12-31": "0.60000"}, "Cash Flow From Investing Activities": {"2019-12-31": "279.90000", "2018-12-31": "313.50000", "2017-12-31": "543.40000", "2016-12-31": "461.20000", "2015-12-31": "59.10000", "2014-12-31": "-25.30000", "2013-12-31": "-42.90000"}, "Net Long-Term Debt": {"2019-12-31": "61.60000", "2018-12-31": "92.30000", "2017-12-31": "-49.10000", "2016-12-31": "1309.70000", "2015-12-31": "-183.10000", "2014-12-31": "-167.00000", "2013-12-31": "-171.00000"}, "Net Current Debt": {"2019-12-31": "-15.00000", "2018-12-31": "15.00000", "2017-12-31": "", "2016-12-31": "", "2015-12-31": "", "2014-12-31": "", "2013-12-31": ""}, "Debt Issuance/Retirement Net - Total": {"2019-12-31": "46.60000", "2018-12-31": "107.30000", "2017-12-31": "-49.10000", "2016-12-31": "1309.70000", "2015-12-31": "-183.10000", "2014-12-31": "-167.00000", "2013-12-31": "-171.00000"}, "Net Common Equity Issued/Repurchased": {"2019-12-31": "3.20000", "2018-12-31": "6.20000", "2017-12-31": "4.80000", "2016-12-31": "16.20000", "2015-12-31": "", "2014-12-31": "", "2013-12-31": ""}, "Net Total Equity Issued/Repurchased": {"2019-12-31": "3.20000", "2018-12-31": "6.20000", "2017-12-31": "4.80000", "2016-12-31": "16.20000", "2015-12-31": "", "2014-12-31": "", "2013-12-31": ""}, "Total Common And Preferred Stock Dividends Paid": {"2019-12-31": "", "2018-12-31": "", "2017-12-31": "", "2016-12-31": "-1362.00000", "2015-12-31": "", "2014-12-31": "", "2013-12-31": ""}, "Financial Activities - Other": {"2019-12-31": "-3.20000", "2018-12-31": "-11.20000", "2017-12-31": "-7.40000", "2016-12-31": "-45.10000", "2015-12-31": "", "2014-12-31": "", "2013-12-31": ""}, "Cash Flow From Financial Activities": {"2019-12-31": "46.60000", "2018-12-31": "102.30000", "2017-12-31": "-51.70000", "2016-12-31": "-81.20000", "2015-12-31": "-183.10000", "2014-12-31": "-167.00000", "2013-12-31": "-171.00000"}, "Net Cash Flow": {"2019-12-31": "57.50000", "2018-12-31": "-35.60000", "2017-12-31": "67.30000", "2016-12-31": "8.90000", "2015-12-31": "15.50000", "2014-12-31": "6.90000", "2013-12-31": "-12.60000"}, "Stock-Based Compensation": {"2019-12-31": "7.30000", "2018-12-31": "7.00000", "2017-12-31": "11.10000", "2016-12-31": "6.30000", "2015-12-31": "2.30000", "2014-12-31": "2.40000", "2013-12-31": ""}, "Common Stock Dividends Paid": {"2019-12-31": "", "2018-12-31": "", "2017-12-31": "", "2016-12-31": "-1362.00000", "2015-12-31": "", "2014-12-31": "", "2013-12-31": ""}}, "cash flow statement, quarterly": {"Net Income/Loss": {"2020-09-30": 4.9, "2020-06-30": -17.4, "2020-03-31": "-15.10000", "2019-12-31": 18.4, "2019-09-30": 20.1, "2019-06-30": 20, "2019-03-31": "-2.60000", "2018-12-31": 27, "2018-09-30": 26.8, "2018-06-30": 12, "2018-03-31": "12.40000", "2017-12-31": 66.9, "2017-09-30": 30.9, "2017-06-30": 30.1, "2017-03-31": "5.00000", "2016-12-31": 13.4, "2016-09-30": 24.9, "2016-06-30": 15.1, "2016-03-31": "18.10000", "2015-12-31": 65.1, "2015-09-30": 41.1, "2015-06-30": 36.9, "2015-03-31": "14.00000", "2014-12-31": 13.7, "2013-12-31": 146.1}, "Total Depreciation And Amortization - Cash Flow": {"2020-09-30": 17.4, "2020-06-30": 16.5, "2020-03-31": "16.30000", "2019-12-31": 17, "2019-09-30": 16, "2019-06-30": 17.2, "2019-03-31": "15.60000", "2018-12-31": 16, "2018-09-30": 15.8, "2018-06-30": 15.2, "2018-03-31": "13.50000", "2017-12-31": 13.8, "2017-09-30": 13.5, "2017-06-30": 13, "2017-03-31": "13.10000", "2016-12-31": 13.4, "2016-09-30": 13.4, "2016-06-30": 13.9, "2016-03-31": "12.50000", "2015-12-31": 12.5, "2015-09-30": 12.8, "2015-06-30": 12.7, "2015-03-31": "13.00000", "2014-12-31": 1.6, "2013-12-31": 51.4}, "Other Non-Cash Items": {"2020-09-30": 4.1, "2020-06-30": 0.7, "2020-03-31": "19.20000", "2019-12-31": -19.6, "2019-09-30": 2.3, "2019-06-30": 2.8, "2019-03-31": "3.30000", "2018-12-31": 1.1, "2018-09-30": 0.2, "2018-06-30": 19.9, "2018-03-31": "1.50000", "2017-12-31": -46.3, "2017-09-30": -4.4, "2017-06-30": -9.9, "2017-03-31": "5.10000", "2016-12-31": 6.7, "2016-09-30": 0.3, "2016-06-30": -0.7, "2016-03-31": "-1.60000", "2015-12-31": -38.4, "2015-09-30": 0.4, "2015-06-30": 1.6, "2015-03-31": "3.80000", "2014-12-31": 1.9, "2013-12-31": -1.9}, "Total Non-Cash Items": {"2020-09-30": 21.5, "2020-06-30": 17.2, "2020-03-31": "35.50000", "2019-12-31": -2.6, "2019-09-30": 18.3, "2019-06-30": 20, "2019-03-31": "18.90000", "2018-12-31": 17.1, "2018-09-30": 16, "2018-06-30": 35.1, "2018-03-31": "15.00000", "2017-12-31": -32.5, "2017-09-30": 9.1, "2017-06-30": 3.1, "2017-03-31": "18.20000", "2016-12-31": 20.1, "2016-09-30": 13.7, "2016-06-30": 13.2, "2016-03-31": "10.90000", "2015-12-31": 6.7, "2015-09-30": 13.2, "2015-06-30": 14.3, "2015-03-31": "16.80000", "2014-12-31": 3.5, "2013-12-31": 49.5}, "Change In Accounts Receivable": {"2020-09-30": -21, "2020-06-30": 54.1, "2020-03-31": "-11.20000", "2019-12-31": 19.7, "2019-09-30": 13.3, "2019-06-30": -88.2, "2019-03-31": "-296.20000", "2018-12-31": -150.8, "2018-09-30": -147.5, "2018-06-30": -161.2, "2018-03-31": "-130.90000", "2017-12-31": -145.8, "2017-09-30": -129.1, "2017-06-30": -144.4, "2017-03-31": "-121.90000", "2016-12-31": -485.2, "2016-09-30": 4.7, "2016-06-30": -13.9, "2016-03-31": "-8.40000", "2015-12-31": 21.4, "2015-09-30": 0.7, "2015-06-30": -50.3, "2015-03-31": "20.70000", "2014-12-31": 0, "2013-12-31": 0}, "Change In Inventories": {"2020-09-30": 18.9, "2020-06-30": -5.3, "2020-03-31": "-19.10000", "2019-12-31": 14.3, "2019-09-30": 0.1, "2019-06-30": 5.1, "2019-03-31": "-14.50000", "2018-12-31": 9.1, "2018-09-30": -3.6, "2018-06-30": -8, "2018-03-31": "-23.00000", "2017-12-31": 16.4, "2017-09-30": 5.3, "2017-06-30": 0.4, "2017-03-31": "-23.90000", "2016-12-31": 7.9, "2016-09-30": 6.2, "2016-06-30": -1.9, "2016-03-31": "-15.80000", "2015-12-31": 12.4, "2015-09-30": 19.3, "2015-06-30": -0.4, "2015-03-31": "-26.60000", "2014-12-31": 0, "2013-12-31": 0}, "Change In Accounts Payable": {"2020-09-30": 17.9, "2020-06-30": -31.4, "2020-03-31": "11.70000", "2019-12-31": -8.9, "2019-09-30": -2.7, "2019-06-30": -8.5, "2019-03-31": "-26.70000", "2018-12-31": 39, "2018-09-30": -12.2, "2018-06-30": 4.1, "2018-03-31": "8.40000", "2017-12-31": -4.6, "2017-09-30": -12.8, "2017-06-30": 0.9, "2017-03-31": "8.60000", "2016-12-31": -0.6, "2016-09-30": 4, "2016-06-30": 1.8, "2016-03-31": "-16.30000", "2015-12-31": -2, "2015-09-30": -5.6, "2015-06-30": 3.5, "2015-03-31": "-21.50000", "2014-12-31": 0, "2013-12-31": 0}, "Change In Assets/Liabilities": {"2020-09-30": -4.7, "2020-06-30": -9.1, "2020-03-31": "-74.30000", "2019-12-31": 9.9, "2019-09-30": 12.4, "2019-06-30": 26.6, "2019-03-31": "-35.90000", "2018-12-31": -9.9, "2018-09-30": 11.5, "2018-06-30": 5.7, "2018-03-31": "-40.60000", "2017-12-31": 3, "2017-09-30": 15.9, "2017-06-30": 20.3, "2017-03-31": "-50.40000", "2016-12-31": 20.6, "2016-09-30": -3.9, "2016-06-30": 10.9, "2016-03-31": "-11.50000", "2015-12-31": 3.2, "2015-09-30": 10.4, "2015-06-30": -6.6, "2015-03-31": "-11.10000", "2014-12-31": 0, "2013-12-31": 0}, "Total Change In Assets/Liabilities": {"2020-09-30": 11.1, "2020-06-30": 8.3, "2020-03-31": "-92.90000", "2019-12-31": 35, "2019-09-30": 23.1, "2019-06-30": -65, "2019-03-31": "-373.30000", "2018-12-31": -112.6, "2018-09-30": -151.8, "2018-06-30": -159.4, "2018-03-31": "-186.10000", "2017-12-31": -131, "2017-09-30": -120.7, "2017-06-30": -122.8, "2017-03-31": "-187.60000", "2016-12-31": -457.3, "2016-09-30": 11, "2016-06-30": -3.1, "2016-03-31": "-52.00000", "2015-12-31": 35, "2015-09-30": 24.8, "2015-06-30": -53.8, "2015-03-31": "-38.50000", "2014-12-31": -8.9, "2013-12-31": 8.9}, "Cash Flow From Operating Activities": {"2020-09-30": 37.5, "2020-06-30": 8.1, "2020-03-31": "-72.50000", "2019-12-31": 50.8, "2019-09-30": 61.5, "2019-06-30": -25, "2019-03-31": "-357.00000", "2018-12-31": -68.5, "2018-09-30": -109, "2018-06-30": -112.3, "2018-03-31": "-158.70000", "2017-12-31": -96.6, "2017-09-30": -80.7, "2017-06-30": -89.6, "2017-03-31": "-164.40000", "2016-12-31": -423.8, "2016-09-30": 49.6, "2016-06-30": 25.2, "2016-03-31": "-23.00000", "2015-12-31": 74.2, "2015-09-30": 79.1, "2015-06-30": -2.6, "2015-03-31": "-7.70000", "2014-12-31": -1.7, "2013-12-31": 201.9}, "Net Change In Property, Plant, And Equipment": {"2020-09-30": -5.4, "2020-06-30": -4.9, "2020-03-31": "-5.60000", "2019-12-31": -16.5, "2019-09-30": -7.3, "2019-06-30": -5.3, "2019-03-31": "-4.80000", "2018-12-31": -7.4, "2018-09-30": -6, "2018-06-30": -4.3, "2018-03-31": "-3.70000", "2017-12-31": -6.6, "2017-09-30": 0.5, "2017-06-30": 2.6, "2017-03-31": "-4.90000", "2016-12-31": -4.7, "2016-09-30": -4.6, "2016-06-30": -1.7, "2016-03-31": "-4.50000", "2015-12-31": -3.7, "2015-09-30": -2.8, "2015-06-30": -3.5, "2015-03-31": "-3.20000", "2014-12-31": 6.7, "2013-12-31": -32}, "Net Change In Intangible Assets": {"2020-09-30": 0, "2020-06-30": -0.2, "2020-03-31": "", "2019-12-31": 0, "2019-09-30": 0, "2019-06-30": 0, "2019-03-31": "", "2018-12-31": 0, "2018-09-30": 0, "2018-06-30": 0, "2018-03-31": "", "2017-12-31": 0, "2017-09-30": 0, "2017-06-30": 0, "2017-03-31": "", "2016-12-31": 0, "2016-09-30": 0, "2016-06-30": 0, "2016-03-31": "", "2015-12-31": 0, "2015-09-30": 0, "2015-06-30": 0, "2015-03-31": "", "2014-12-31": 0, "2013-12-31": 0}, "Net Acquisitions/Divestitures": {"2020-09-30": 0, "2020-06-30": 0, "2020-03-31": "", "2019-12-31": 0, "2019-09-30": 0, "2019-06-30": 0, "2019-03-31": "", "2018-12-31": 0, "2018-09-30": -2.8, "2018-06-30": -215.6, "2018-03-31": "", "2017-12-31": -1.2, "2017-09-30": 0, "2017-06-30": 0, "2017-03-31": "", "2016-12-31": 1.1, "2016-09-30": 0, "2016-06-30": 0, "2016-03-31": "", "2015-12-31": 72.89, "2015-09-30": 0, "2015-06-30": 0, "2015-03-31": "", "2014-12-31": 11.5, "2013-12-31": -11.5}, "Net Change In Short-term Investments": {"2020-09-30": 0, "2020-06-30": 0, "2020-03-31": "", "2019-12-31": 0, "2019-09-30": 0, "2019-06-30": 32, "2019-03-31": "", "2018-12-31": 0, "2018-09-30": 0, "2018-06-30": 0, "2018-03-31": "-14.30000", "2017-12-31": 0, "2017-09-30": 0, "2017-06-30": 0, "2017-03-31": "", "2016-12-31": -18.7, "2016-09-30": 0, "2016-06-30": 0, "2016-03-31": "", "2015-12-31": 0, "2015-09-30": 0, "2015-06-30": 0, "2015-03-31": "", "2014-12-31": 0, "2013-12-31": 0}, "Net Change In Long-Term Investments": {"2020-09-30": 0, "2020-06-30": 0, "2020-03-31": "", "2019-12-31": 0, "2019-09-30": 0, "2019-06-30": 0, "2019-03-31": "", "2018-12-31": 0, "2018-09-30": 0, "2018-06-30": 0, "2018-03-31": "", "2017-12-31": 0, "2017-09-30": 0, "2017-06-30": 0, "2017-03-31": "", "2016-12-31": 0, "2016-09-30": 0, "2016-06-30": 0, "2016-03-31": "", "2015-12-31": 0, "2015-09-30": 0, "2015-06-30": 0, "2015-03-31": "", "2014-12-31": 0, "2013-12-31": 0}, "Net Change In Investments - Total": {"2020-09-30": 0, "2020-06-30": 0, "2020-03-31": "", "2019-12-31": 0, "2019-09-30": 0, "2019-06-30": 32, "2019-03-31": "", "2018-12-31": 0, "2018-09-30": 0, "2018-06-30": 0, "2018-03-31": "-14.30000", "2017-12-31": 0, "2017-09-30": 0, "2017-06-30": 0, "2017-03-31": "", "2016-12-31": -18.7, "2016-09-30": 0, "2016-06-30": 0, "2016-03-31": "", "2015-12-31": 0, "2015-09-30": 0, "2015-06-30": 0, "2015-03-31": "", "2014-12-31": 0, "2013-12-31": 0}, "Investing Activities - Other": {"2020-09-30": 0, "2020-06-30": 0, "2020-03-31": "-3.90000", "2019-12-31": 0.2, "2019-09-30": 0.3, "2019-06-30": 85.1, "2019-03-31": "196.20000", "2018-12-31": 156.5, "2018-09-30": 155.7, "2018-06-30": 127.2, "2018-03-31": "128.20000", "2017-12-31": 148.4, "2017-09-30": 147.2, "2017-06-30": 141.5, "2017-03-31": "115.90000", "2016-12-31": 497.2, "2016-09-30": -3.1, "2016-06-30": -0.1, "2016-03-31": "0.30000", "2015-12-31": 0, "2015-09-30": -0.3, "2015-06-30": -0.1, "2015-03-31": "-0.20000", "2014-12-31": -0.6, "2013-12-31": 0.6}, "Cash Flow From Investing Activities": {"2020-09-30": -5.4, "2020-06-30": -5.1, "2020-03-31": "-9.50000", "2019-12-31": -16.3, "2019-09-30": -7, "2019-06-30": 111.8, "2019-03-31": "191.40000", "2018-12-31": 149.1, "2018-09-30": 146.9, "2018-06-30": -92.7, "2018-03-31": "110.20000", "2017-12-31": 140.6, "2017-09-30": 147.7, "2017-06-30": 144.1, "2017-03-31": "111.00000", "2016-12-31": 474.9, "2016-09-30": -7.7, "2016-06-30": -1.8, "2016-03-31": "-4.20000", "2015-12-31": 69.2, "2015-09-30": -3.1, "2015-06-30": -3.6, "2015-03-31": "-3.40000", "2014-12-31": 17.6, "2013-12-31": -42.9}, "Net Long-Term Debt": {"2020-09-30": -53.1, "2020-06-30": -10.3, "2020-03-31": "104.70000", "2019-12-31": -26.2, "2019-09-30": -22.3, "2019-06-30": -53.6, "2019-03-31": "163.70000", "2018-12-31": -44.2, "2018-09-30": -48.1, "2018-06-30": 129.8, "2018-03-31": "54.80000", "2017-12-31": -55.2, "2017-09-30": -38.1, "2017-06-30": -32.2, "2017-03-31": "76.40000", "2016-12-31": -78.3, "2016-09-30": -27, "2016-06-30": -22.3, "2016-03-31": "1437.30000", "2015-12-31": -157.1, "2015-09-30": -42.5, "2015-06-30": 4.8, "2015-03-31": "11.70000", "2014-12-31": 0, "2013-12-31": 0}, "Net Current Debt": {"2020-09-30": 0, "2020-06-30": 0, "2020-03-31": "", "2019-12-31": 0, "2019-09-30": 0, "2019-06-30": 0, "2019-03-31": "-15.00000", "2018-12-31": -15, "2018-09-30": 0, "2018-06-30": 30, "2018-03-31": "", "2017-12-31": -4, "2017-09-30": 0, "2017-06-30": 0, "2017-03-31": "4.00000", "2016-12-31": 0, "2016-09-30": -0.1, "2016-06-30": -14.4, "2016-03-31": "14.50000", "2015-12-31": 0, "2015-09-30": 0, "2015-06-30": 0, "2015-03-31": "", "2014-12-31": 0, "2013-12-31": 0}, "Debt Issuance/Retirement Net - Total": {"2020-09-30": -53.1, "2020-06-30": -10.3, "2020-03-31": "104.70000", "2019-12-31": -26.2, "2019-09-30": -22.3, "2019-06-30": -53.6, "2019-03-31": "148.70000", "2018-12-31": -59.2, "2018-09-30": -48.1, "2018-06-30": 159.8, "2018-03-31": "54.80000", "2017-12-31": -59.2, "2017-09-30": -38.1, "2017-06-30": -32.2, "2017-03-31": "80.40000", "2016-12-31": -78.3, "2016-09-30": -27.1, "2016-06-30": -36.7, "2016-03-31": "1451.80000", "2015-12-31": -157.1, "2015-09-30": -42.5, "2015-06-30": 4.8, "2015-03-31": "11.70000", "2014-12-31": 4, "2013-12-31": -171}, "Net Common Equity Issued/Repurchased": {"2020-09-30": 0, "2020-06-30": 0, "2020-03-31": "1.10000", "2019-12-31": 0.2, "2019-09-30": 0.4, "2019-06-30": 2, "2019-03-31": "0.60000", "2018-12-31": 0.2, "2018-09-30": 1.2, "2018-06-30": 2.3, "2018-03-31": "2.50000", "2017-12-31": 1.6, "2017-09-30": 1.9, "2017-06-30": 0.4, "2017-03-31": "0.90000", "2016-12-31": 1.1, "2016-09-30": 14.7, "2016-06-30": 0.3, "2016-03-31": "0.10000", "2015-12-31": 0, "2015-09-30": 0, "2015-06-30": 0, "2015-03-31": "", "2014-12-31": 0, "2013-12-31": 0}, "Net Total Equity Issued/Repurchased": {"2020-09-30": 0, "2020-06-30": 0, "2020-03-31": "1.10000", "2019-12-31": 0.2, "2019-09-30": 0.4, "2019-06-30": 2, "2019-03-31": "0.60000", "2018-12-31": 0.2, "2018-09-30": 1.2, "2018-06-30": 2.3, "2018-03-31": "2.50000", "2017-12-31": 1.6, "2017-09-30": 1.9, "2017-06-30": 0.4, "2017-03-31": "0.90000", "2016-12-31": 1.1, "2016-09-30": 14.7, "2016-06-30": 0.3, "2016-03-31": "0.10000", "2015-12-31": 0, "2015-09-30": 0, "2015-06-30": 0, "2015-03-31": "", "2014-12-31": 0, "2013-12-31": 0}, "Total Common And Preferred Stock Dividends Paid": {"2020-09-30": 0, "2020-06-30": 0, "2020-03-31": "", "2019-12-31": 0, "2019-09-30": 0, "2019-06-30": 0, "2019-03-31": "", "2018-12-31": 0, "2018-09-30": 0, "2018-06-30": 0, "2018-03-31": "", "2017-12-31": 0, "2017-09-30": 0, "2017-06-30": 0, "2017-03-31": "", "2016-12-31": 0, "2016-09-30": 0, "2016-06-30": 0, "2016-03-31": "-1362.00000", "2015-12-31": 0, "2015-09-30": 0, "2015-06-30": 0, "2015-03-31": "", "2014-12-31": 0, "2013-12-31": 0}, "Financial Activities - Other": {"2020-09-30": 0, "2020-06-30": -2.1, "2020-03-31": "-0.70000", "2019-12-31": -0.2, "2019-09-30": -0.2, "2019-06-30": -0.2, "2019-03-31": "-2.60000", "2018-12-31": -7.9, "2018-09-30": -0.5, "2018-06-30": -0.7, "2018-03-31": "-2.10000", "2017-12-31": -1.4, "2017-09-30": -2, "2017-06-30": -0.5, "2017-03-31": "-3.50000", "2016-12-31": -3.9, "2016-09-30": -0.3, "2016-06-30": -0.3, "2016-03-31": "-40.60000", "2015-12-31": 0, "2015-09-30": 0, "2015-06-30": 0, "2015-03-31": "", "2014-12-31": 0, "2013-12-31": 0}, "Cash Flow From Financial Activities": {"2020-09-30": -53.1, "2020-06-30": -12.4, "2020-03-31": "105.10000", "2019-12-31": -26.2, "2019-09-30": -22.1, "2019-06-30": -51.8, "2019-03-31": "146.70000", "2018-12-31": -66.9, "2018-09-30": -47.4, "2018-06-30": 161.4, "2018-03-31": "55.20000", "2017-12-31": -59, "2017-09-30": -38.2, "2017-06-30": -32.3, "2017-03-31": "77.80000", "2016-12-31": -81.1, "2016-09-30": -12.7, "2016-06-30": -36.7, "2016-03-31": "49.30000", "2015-12-31": -157.1, "2015-09-30": -42.5, "2015-06-30": 4.8, "2015-03-31": "11.70000", "2014-12-31": 4, "2013-12-31": -171}, "Net Cash Flow": {"2020-09-30": -16.6, "2020-06-30": -8.8, "2020-03-31": "17.80000", "2019-12-31": 12.9, "2019-09-30": 28.5, "2019-06-30": 34, "2019-03-31": "-17.90000", "2018-12-31": 11.5, "2018-09-30": -9.3, "2018-06-30": -48.1, "2018-03-31": "10.30000", "2017-12-31": -1.1, "2017-09-30": 25.4, "2017-06-30": 20.4, "2017-03-31": "22.60000", "2016-12-31": -28.7, "2016-09-30": 28.9, "2016-06-30": -13.9, "2016-03-31": "22.60000", "2015-12-31": -15.3, "2015-09-30": 32.5, "2015-06-30": -1.3, "2015-03-31": "-0.40000", "2014-12-31": 19.5, "2013-12-31": -12.6}, "Stock-Based Compensation": {"2020-09-30": 1.3, "2020-06-30": 0, "2020-03-31": "1.00000", "2019-12-31": 1.1, "2019-09-30": 1.5, "2019-06-30": 1.8, "2019-03-31": "2.90000", "2018-12-31": 2.3, "2018-09-30": -0.9, "2018-06-30": 2.4, "2018-03-31": "3.20000", "2017-12-31": 1.9, "2017-09-30": 2.4, "2017-06-30": 2.4, "2017-03-31": "4.40000", "2016-12-31": 1.4, "2016-09-30": 1.5, "2016-06-30": 2.1, "2016-03-31": "1.30000", "2015-12-31": 0, "2015-09-30": 0.7, "2015-06-30": 0.6, "2015-03-31": "1.00000", "2014-12-31": 0, "2013-12-31": 0}, "Common Stock Dividends Paid": {"2020-09-30": 0, "2020-06-30": 0, "2020-03-31": "", "2019-12-31": 0, "2019-09-30": 0, "2019-06-30": 0, "2019-03-31": "", "2018-12-31": 0, "2018-09-30": 0, "2018-06-30": 0, "2018-03-31": "", "2017-12-31": 0, "2017-09-30": 0, "2017-06-30": 0, "2017-03-31": "", "2016-12-31": 0, "2016-09-30": 0, "2016-06-30": 0, "2016-03-31": "-1362.00000", "2015-12-31": 0, "2015-09-30": 0, "2015-06-30": 0, "2015-03-31": "", "2014-12-31": 0, "2013-12-31": 0}}, "financial ratios": {"Current Ratio": {"2019-12-31": "1.59640", "2018-12-31": "1.16320", "2017-12-31": "1.28800", "2016-12-31": "0.98440", "2015-12-31": "0.78620", "2014-12-31": "0.78540", "2013-12-31": ""}, "Long-term Debt / Capital": {"2019-12-31": "0.84720", "2018-12-31": "0.87640", "2017-12-31": "0.92240", "2016-12-31": "1.03520", "2015-12-31": "0.00190", "2014-12-31": "0.00290", "2013-12-31": ""}, "Debt/Equity Ratio": {"2019-12-31": "5.55060", "2018-12-31": "7.17760", "2017-12-31": "11.90060", "2016-12-31": "-29.43220", "2015-12-31": "0.00220", "2014-12-31": "0.00330", "2013-12-31": ""}, "Gross Margin": {"2019-12-31": "35.56690", "2018-12-31": "35.79650", "2017-12-31": "37.14540", "2016-12-31": "36.65960", "2015-12-31": "31.95340", "2014-12-31": "32.12550", "2013-12-31": "33.13660"}, "Operating Margin": {"2019-12-31": "10.91040", "2018-12-31": "13.63440", "2017-12-31": "15.26220", "2016-12-31": "14.02380", "2015-12-31": "10.18410", "2014-12-31": "10.90880", "2013-12-31": "12.17410"}, "EBIT Margin": {"2019-12-31": "10.91040", "2018-12-31": "13.63440", "2017-12-31": "15.26220", "2016-12-31": "14.02380", "2015-12-31": "10.18410", "2014-12-31": "10.90880", "2013-12-31": "12.17410"}, "EBITDA Margin": {"2019-12-31": "15.03860", "2018-12-31": "17.43920", "2017-12-31": "18.95670", "2016-12-31": "17.67740", "2015-12-31": "13.43230", "2014-12-31": "14.26040", "2013-12-31": "15.50780"}, "Pre-Tax Profit Margin": {"2019-12-31": "4.74940", "2018-12-31": "5.59710", "2017-12-31": "8.39910", "2016-12-31": "7.01870", "2015-12-31": "12.50880", "2014-12-31": "11.74350", "2013-12-31": "13.27020"}, "Net Profit Margin": {"2019-12-31": "3.50710", "2018-12-31": "4.91790", "2017-12-31": "9.19470", "2016-12-31": "4.91040", "2015-12-31": "10.00570", "2014-12-31": "10.10560", "2013-12-31": "9.47590"}, "Asset Turnover": {"2019-12-31": "0.73610", "2018-12-31": "0.76630", "2017-12-31": "0.78540", "2016-12-31": "0.82310", "2015-12-31": "0.89520", "2014-12-31": "0.83300", "2013-12-31": ""}, "Inventory Turnover Ratio": {"2019-12-31": "5.50970", "2018-12-31": "5.35620", "2017-12-31": "5.96520", "2016-12-31": "6.33450", "2015-12-31": "7.32280", "2014-12-31": "6.57660", "2013-12-31": ""}, "Receiveable Turnover": {"2019-12-31": "8.68140", "2018-12-31": "14.13420", "2017-12-31": "17.26880", "2016-12-31": "17.82250", "2015-12-31": "24.60970", "2014-12-31": "22.27180", "2013-12-31": ""}, "Days Sales In Receivables": {"2019-12-31": "42.04400", "2018-12-31": "25.82390", "2017-12-31": "21.13640", "2016-12-31": "20.47970", "2015-12-31": "14.83150", "2014-12-31": "16.38840", "2013-12-31": ""}, "ROE - Return On Equity": {"2019-12-31": "22.09490", "2018-12-31": "41.95280", "2017-12-31": "128.28180", "2016-12-31": "-164.36780", "2015-12-31": "12.99740", "2014-12-31": "12.76970", "2013-12-31": ""}, "Return On Tangible Equity": {"2019-12-31": "-4.70620", "2018-12-31": "-6.02190", "2017-12-31": "-11.03910", "2016-12-31": "-5.20680", "2015-12-31": "-100.25530", "2014-12-31": "-77.61050", "2013-12-31": ""}, "ROA - Return On Assets": {"2019-12-31": "2.58160", "2018-12-31": "3.76870", "2017-12-31": "7.22130", "2016-12-31": "4.04160", "2015-12-31": "8.95670", "2014-12-31": "8.41810", "2013-12-31": ""}, "ROI - Return On Investment": {"2019-12-31": "3.37540", "2018-12-31": "5.18500", "2017-12-31": "9.94910", "2016-12-31": "5.78850", "2015-12-31": "12.97280", "2014-12-31": "12.73310", "2013-12-31": ""}, "Book Value Per Share": {"2019-12-31": "1.79160", "2018-12-31": "1.32900", "2017-12-31": "0.74300", "2016-12-31": "-0.31390", "2015-12-31": "", "2014-12-31": "", "2013-12-31": ""}, "Operating Cash Flow Per Share": {"2019-12-31": 1.267, "2018-12-31": -0.1069, "2017-12-31": -0.4026, "2016-12-31": -3.7063, "2015-12-31": -0.4174, "2014-12-31": -0.0124, "2013-12-31": 1.4735}, "Free Cash Flow Per Share": {"2019-12-31": 1.1789, "2018-12-31": -0.1986, "2017-12-31": -0.3514, "2016-12-31": -3.7208, "2015-12-31": -0.3292, "2014-12-31": 0.0365, "2013-12-31": 1.24}}, "financial ratios, quarterly": {"Current Ratio": {"2020-09-30": "1.88910", "2020-06-30": "2.12440", "2020-03-31": "2.02800", "2019-12-31": "1.59640", "2019-09-30": "1.71220", "2019-06-30": "1.69890", "2019-03-31": "1.73900", "2018-12-31": "1.16320", "2018-09-30": "1.36310", "2018-06-30": "1.41330", "2018-03-31": "1.60680", "2017-12-31": "1.28800", "2017-09-30": "1.35430", "2017-06-30": "1.30950", "2017-03-31": "1.33290", "2016-12-31": "0.98440", "2016-09-30": "1.12970", "2016-06-30": "1.06300", "2016-03-31": "1.00780", "2015-12-31": "0.78620", "2015-09-30": "", "2015-06-30": "", "2015-03-31": "", "2014-12-31": "", "2013-12-31": ""}, "Long-term Debt / Capital": {"2020-09-30": "0.86110", "2020-06-30": "0.87430", "2020-03-31": "0.87610", "2019-12-31": "0.84720", "2019-09-30": "0.86070", "2019-06-30": "0.86980", "2019-03-31": "0.88960", "2018-12-31": "0.87640", "2018-09-30": "0.89170", "2018-06-30": "0.90910", "2018-03-31": "0.90630", "2017-12-31": "0.92240", "2017-09-30": "0.96710", "2017-06-30": "0.99160", "2017-03-31": "1.01980", "2016-12-31": "1.03520", "2016-09-30": "1.05680", "2016-06-30": "1.08830", "2016-03-31": "1.10000", "2015-12-31": "0.00190", "2015-09-30": "", "2015-06-30": "", "2015-03-31": "", "2014-12-31": "", "2013-12-31": ""}, "Debt/Equity Ratio": {"2020-09-30": "6.21290", "2020-06-30": "6.96650", "2020-03-31": "7.07980", "2019-12-31": "5.55060", "2019-09-30": "6.18640", "2019-06-30": "6.68900", "2019-03-31": "8.06580", "2018-12-31": "7.17760", "2018-09-30": "8.41430", "2018-06-30": "10.21590", "2018-03-31": "9.67650", "2017-12-31": "11.90060", "2017-09-30": "29.47960", "2017-06-30": "118.00890", "2017-03-31": "-51.63500", "2016-12-31": "-29.43220", "2016-09-30": "-18.63850", "2016-06-30": "-12.34290", "2016-03-31": "-11.20530", "2015-12-31": "0.00220", "2015-09-30": "", "2015-06-30": "", "2015-03-31": "", "2014-12-31": "", "2013-12-31": ""}, "Gross Margin": {"2020-09-30": "35.27640", "2020-06-30": "33.20390", "2020-03-31": "34.90420", "2019-12-31": "34.88740", "2019-09-30": "36.76010", "2019-06-30": "36.66430", "2019-03-31": "33.70640", "2018-12-31": "34.62200", "2018-09-30": "37.07920", "2018-06-30": "35.48850", "2018-03-31": "36.01600", "2017-12-31": "36.29410", "2017-09-30": "37.82860", "2017-06-30": "36.97120", "2017-03-31": "37.50000", "2016-12-31": "36.88520", "2016-09-30": "36.97920", "2016-06-30": "36.56350", "2016-03-31": "36.12900", "2015-12-31": "33.92900", "2015-09-30": "31.81280", "2015-06-30": "31.12580", "2015-03-31": "30.86280", "2014-12-31": "", "2013-12-31": ""}, "Operating Margin": {"2020-09-30": "7.10220", "2020-06-30": "0.33980", "2020-03-31": "0.18240", "2019-12-31": "9.79580", "2019-09-30": "13.34960", "2019-06-30": "13.41780", "2019-03-31": "6.52810", "2018-12-31": "12.78010", "2018-09-30": "16.39620", "2018-06-30": "13.21610", "2018-03-31": "11.87220", "2017-12-31": "16.45260", "2017-09-30": "18.58570", "2017-06-30": "14.65910", "2017-03-31": "10.76220", "2016-12-31": "15.89100", "2016-09-30": "15.78120", "2016-06-30": "13.51790", "2016-03-31": "10.35330", "2015-12-31": "10.41620", "2015-09-30": "12.67340", "2015-06-30": "12.14130", "2015-03-31": "4.54540", "2014-12-31": "", "2013-12-31": ""}, "EBIT Margin": {"2020-09-30": "7.10220", "2020-06-30": "0.33980", "2020-03-31": "0.18240", "2019-12-31": "9.79580", "2019-09-30": "13.34960", "2019-06-30": "13.41780", "2019-03-31": "6.52810", "2018-12-31": "12.78010", "2018-09-30": "16.39620", "2018-06-30": "13.21610", "2018-03-31": "11.87220", "2017-12-31": "16.45260", "2017-09-30": "18.58570", "2017-06-30": "14.65910", "2017-03-31": "10.76220", "2016-12-31": "15.89110", "2016-09-30": "15.78120", "2016-06-30": "13.51790", "2016-03-31": "10.35330", "2015-12-31": "10.41620", "2015-09-30": "12.67340", "2015-06-30": "12.14130", "2015-03-31": "4.54540", "2014-12-31": "", "2013-12-31": ""}, "EBITDA Margin": {"2020-09-30": "", "2020-06-30": "", "2020-03-31": "", "2019-12-31": "", "2019-09-30": "", "2019-06-30": "", "2019-03-31": "", "2018-12-31": "", "2018-09-30": "", "2018-06-30": "", "2018-03-31": "", "2017-12-31": "", "2017-09-30": "", "2017-06-30": "", "2017-03-31": "", "2016-12-31": "", "2016-09-30": "", "2016-06-30": "", "2016-03-31": "", "2015-12-31": "", "2015-09-30": "", "2015-06-30": "", "2015-03-31": "", "2014-12-31": "", "2013-12-31": ""}, "Pre-Tax Profit Margin": {"2020-09-30": "1.23950", "2020-06-30": "-12.23300", "2020-03-31": "-4.65190", "2019-12-31": "5.65740", "2019-09-30": "7.18640", "2019-06-30": "6.35700", "2019-03-31": "-0.66610", "2018-12-31": "4.80180", "2018-09-30": "9.56650", "2018-06-30": "4.08840", "2018-03-31": "3.65300", "2017-12-31": "10.76800", "2017-09-30": "11.82970", "2017-06-30": "8.05710", "2017-03-31": "2.16460", "2016-12-31": "7.48280", "2016-09-30": "8.33330", "2016-06-30": "5.21170", "2016-03-31": "6.97390", "2015-12-31": "15.98160", "2015-09-30": "13.96660", "2015-06-30": "13.22050", "2015-03-31": "5.93510", "2014-12-31": "", "2013-12-31": ""}, "Net Profit Margin": {"2020-09-30": "1.64150", "2020-06-30": "-8.44660", "2020-03-31": "-4.59110", "2019-12-31": "4.81930", "2019-09-30": "4.89650", "2019-06-30": "4.69150", "2019-03-31": "-0.69280", "2018-12-31": "6.64860", "2018-09-30": "6.49070", "2018-06-30": "2.85240", "2018-03-31": "3.53880", "2017-12-31": "18.33830", "2017-09-30": "8.07050", "2017-06-30": "8.11100", "2017-03-31": "1.52440", "2016-12-31": "3.54310", "2016-09-30": "6.48440", "2016-06-30": "4.09880", "2016-03-31": "5.56070", "2015-12-31": "16.61990", "2015-09-30": "9.66380", "2015-06-30": "9.05080", "2015-03-31": "4.05330", "2014-12-31": "", "2013-12-31": ""}, "Asset Turnover": {"2020-09-30": "0.13880", "2020-06-30": "0.09610", "2020-03-31": "0.15050", "2019-12-31": "0.17630", "2019-09-30": "0.18830", "2019-06-30": "0.19460", "2019-03-31": "0.17120", "2018-12-31": "0.19570", "2018-09-30": "0.19770", "2018-06-30": "0.19930", "2018-03-31": "0.18450", "2017-12-31": "0.19880", "2017-09-30": "0.20430", "2017-06-30": "0.19870", "2017-03-31": "0.17850", "2016-12-31": "0.21380", "2016-09-30": "0.21130", "2016-06-30": "0.20390", "2016-03-31": "0.17860", "2015-12-31": "0.22330", "2015-09-30": "", "2015-06-30": "", "2015-03-31": "", "2014-12-31": "", "2013-12-31": ""}, "Inventory Turnover Ratio": {"2020-09-30": "1.00420", "2020-06-30": "0.66150", "2020-03-31": "1.06570", "2019-12-31": "1.33370", "2019-09-30": "1.31380", "2019-06-30": "1.34600", "2019-03-31": "1.20950", "2018-12-31": "1.39300", "2018-09-30": "1.29130", "2018-06-30": "1.37070", "2018-03-31": "1.26380", "2017-12-31": "1.53050", "2017-09-30": "1.39860", "2017-06-30": "1.35360", "2017-03-31": "1.19880", "2016-12-31": "1.63940", "2016-09-30": "1.54340", "2016-06-30": "1.42850", "2016-03-31": "1.27080", "2015-12-31": "1.77380", "2015-09-30": "", "2015-06-30": "", "2015-03-31": "", "2014-12-31": "", "2013-12-31": ""}, "Receiveable Turnover": {"2020-09-30": "1.84490", "2020-06-30": "1.49490", "2020-03-31": "1.73110", "2019-12-31": "2.07950", "2019-09-30": "2.04840", "2019-06-30": "1.97000", "2019-03-31": "1.76360", "2018-12-31": "3.60980", "2018-09-30": "3.48730", "2018-06-30": "3.35490", "2018-03-31": "3.87180", "2017-12-31": "4.37160", "2017-09-30": "4.40280", "2017-06-30": "3.67060", "2017-03-31": "3.53450", "2016-12-31": "4.62910", "2016-09-30": "4.02090", "2016-06-30": "3.65840", "2016-03-31": "3.66140", "2015-12-31": "6.13950", "2015-09-30": "", "2015-06-30": "", "2015-03-31": "", "2014-12-31": "", "2013-12-31": ""}, "Days Sales In Receivables": {"2020-09-30": "48.78390", "2020-06-30": "60.20390", "2020-03-31": "51.99150", "2019-12-31": "43.27920", "2019-09-30": "43.93670", "2019-06-30": "45.68610", "2019-03-31": "51.03120", "2018-12-31": "24.93230", "2018-09-30": "25.80770", "2018-06-30": "26.82670", "2018-03-31": "23.24490", "2017-12-31": "20.58760", "2017-09-30": "20.44160", "2017-06-30": "24.51900", "2017-03-31": "25.46340", "2016-12-31": "19.44210", "2016-09-30": "22.38280", "2016-06-30": "24.60100", "2016-03-31": "24.58070", "2015-12-31": "14.65920", "2015-09-30": "", "2015-06-30": "", "2015-03-31": "", "2014-12-31": "", "2013-12-31": ""}, "ROE - Return On Equity": {"2020-09-30": "2.10300", "2020-06-30": "-8.08930", "2020-03-31": "-7.08920", "2019-12-31": "7.27270", "2019-09-30": "8.71260", "2019-06-30": "9.22930", "2019-03-31": "-1.40310", "2018-12-31": "14.48500", "2018-09-30": "16.23260", "2018-06-30": "8.52270", "2018-03-31": "9.37260", "2017-12-31": "64.76830", "2017-09-30": "69.77270", "2017-06-30": "266.37170", "2017-03-31": "-19.01140", "2016-12-31": "-30.80460", "2016-09-30": "-34.48750", "2016-06-30": "-13.59140", "2016-03-31": "-14.39940", "2015-12-31": "5.38600", "2015-09-30": "", "2015-06-30": "", "2015-03-31": "", "2014-12-31": "", "2013-12-31": ""}, "Return On Tangible Equity": {"2020-09-30": "-0.41680", "2020-06-30": "1.45800", "2020-03-31": "1.25980", "2019-12-31": "-1.54910", "2019-09-30": "-1.66490", "2019-06-30": "-1.61040", "2019-03-31": "0.20280", "2018-12-31": "-2.07920", "2018-09-30": "-2.01580", "2018-06-30": "-0.88130", "2018-03-31": "-1.05980", "2017-12-31": "-5.57360", "2017-09-30": "-2.41850", "2017-06-30": "-2.30120", "2017-03-31": "-0.37040", "2016-12-31": "-0.97580", "2016-09-30": "-1.76070", "2016-06-30": "-1.03400", "2016-03-31": "-1.21850", "2015-12-31": "-41.54440", "2015-09-30": "", "2015-06-30": "", "2015-03-31": "", "2014-12-31": "", "2013-12-31": ""}, "ROA - Return On Assets": {"2020-09-30": "0.22780", "2020-06-30": "-0.81150", "2020-03-31": "-0.69110", "2019-12-31": "0.84980", "2019-09-30": "0.92190", "2019-06-30": "0.91270", "2019-03-31": "-0.11860", "2018-12-31": "1.30120", "2018-09-30": "1.28300", "2018-06-30": "0.56840", "2018-03-31": "0.65300", "2017-12-31": "3.64590", "2017-09-30": "1.64870", "2017-06-30": "1.61160", "2017-03-31": "0.27220", "2016-12-31": "0.75740", "2016-09-30": "1.36990", "2016-06-30": "0.83560", "2016-03-31": "0.99290", "2015-12-31": "3.71150", "2015-09-30": "", "2015-06-30": "", "2015-03-31": "", "2014-12-31": "", "2013-12-31": ""}, "ROI - Return On Investment": {"2020-09-30": "0.29220", "2020-06-30": "-1.01700", "2020-03-31": "-0.87840", "2019-12-31": "1.11100", "2019-09-30": "1.21330", "2019-06-30": "1.20120", "2019-03-31": "-0.15490", "2018-12-31": "1.79020", "2018-09-30": "1.75880", "2018-06-30": "0.77490", "2018-03-31": "0.87830", "2017-12-31": "5.02320", "2017-09-30": "2.29690", "2017-06-30": "2.24590", "2017-03-31": "0.37680", "2016-12-31": "1.08480", "2016-09-30": "1.95800", "2016-06-30": "1.19960", "2016-03-31": "1.43940", "2015-12-31": "5.37570", "2015-09-30": "", "2015-06-30": "", "2015-03-31": "", "2014-12-31": "", "2013-12-31": ""}, "Book Value Per Share": {"2020-09-30": "1.64650", "2020-06-30": "1.52000", "2020-03-31": "1.50540", "2019-12-31": "1.79160", "2019-09-30": "1.63490", "2019-06-30": "1.53640", "2019-03-31": "1.31550", "2018-12-31": "1.32900", "2018-09-30": "1.17750", "2018-06-30": "1.00500", "2018-03-31": "0.94560", "2017-12-31": "0.74300", "2017-09-30": "0.31590", "2017-06-30": "0.08130", "2017-03-31": "-0.18940", "2016-12-31": "-0.31390", "2016-09-30": "-0.52160", "2016-06-30": "-0.80990", "2016-03-31": "-0.91740", "2015-12-31": "", "2015-09-30": "", "2015-06-30": "", "2015-03-31": "", "2014-12-31": "", "2013-12-31": ""}, "Operating Cash Flow Per Share": {"2020-09-30": 0.2651, "2020-06-30": 0.0575, "2020-03-31": "-0.51260", "2019-12-31": 0.3594, "2019-09-30": 0.4367, "2019-06-30": -0.1623, "2019-03-31": "-2.53890", "2018-12-31": -0.4837, "2018-09-30": -0.7674, "2018-06-30": -0.7952, "2018-03-31": "-1.12580", "2017-12-31": -0.6895, "2017-09-30": -0.5699, "2017-06-30": -0.6351, "2017-03-31": "-1.17070", "2016-12-31": -3.034, "2016-09-30": 0.3555, "2016-06-30": 0.1819, "2016-03-31": "-0.16600", "2015-12-31": 0.5416, "2015-09-30": 0.5773, "2015-06-30": -0.019, "2015-03-31": "-0.05620", "2014-12-31": 0, "2013-12-31": 0}, "Free Cash Flow Per Share": {"2020-09-30": 0.227, "2020-06-30": 0.0229, "2020-03-31": "-0.55220", "2019-12-31": 0.2428, "2019-09-30": 0.3853, "2019-06-30": -0.1997, "2019-03-31": "-2.57300", "2018-12-31": -0.5361, "2018-09-30": -0.8097, "2018-06-30": -0.8257, "2018-03-31": "-1.15200", "2017-12-31": -0.7364, "2017-09-30": -0.5664, "2017-06-30": -0.6165, "2017-03-31": "-1.20560", "2016-12-31": -3.0674, "2016-09-30": 0.3228, "2016-06-30": 0.1696, "2016-03-31": "-0.19850", "2015-12-31": 0.5145, "2015-09-30": 0.5569, "2015-06-30": -0.0445, "2015-03-31": "-0.07960", "2014-12-31": 0, "2013-12-31": 0}}, "revenue": {"Welbilt Annual Revenue (Millions of US $)": {"2019": "$1,594", "2018": "$1,590", "2017": "$1,445", "2016": "$1,456", "2015": "$1,570", "2014": "$1,581", "2013": "$1,542"}, "Welbilt Quarterly Revenue (Millions of US $)": {"2020-09-30": "$299", "2020-06-30": "$206", "2020-03-31": "$329", "2019-12-31": "$382", "2019-09-30": "$411", "2019-06-30": "$426", "2019-03-31": "$375", "2018-12-31": "$406", "2018-09-30": "$413", "2018-06-30": "$421", "2018-03-31": "$350", "2017-12-31": "$366", "2017-09-30": "$380", "2017-06-30": "$371", "2017-03-31": "$328", "2016-12-31": "$378", "2016-09-30": "$384", "2016-06-30": "$368", "2016-03-31": "$326", "2015-12-31": "$392", "2015-09-30": "$425", "2015-06-30": "$408", "2015-03-31": "$345", "2014-12-31": "", "2013-12-31": ""}}, "gross-profit": {"Welbilt Annual Gross Profit (Millions of US $)": {"2019": "$567", "2018": "$569", "2017": "$537", "2016": "$534", "2015": "$502", "2014": "$508", "2013": "$511"}, "Welbilt Quarterly Gross Profit (Millions of US $)": {"2020-09-30": "$105", "2020-06-30": "$68", "2020-03-31": "$115", "2019-12-31": "$133", "2019-09-30": "$151", "2019-06-30": "$156", "2019-03-31": "$127", "2018-12-31": "$141", "2018-09-30": "$153", "2018-06-30": "$149", "2018-03-31": "$126", "2017-12-31": "$133", "2017-09-30": "$144", "2017-06-30": "$137", "2017-03-31": "$123", "2016-12-31": "$140", "2016-09-30": "$142", "2016-06-30": "$135", "2016-03-31": "$118", "2015-12-31": "$133", "2015-09-30": "$135", "2015-06-30": "$127", "2015-03-31": "$107", "2014-12-31": "", "2013-12-31": ""}}, "operating-income": {"Welbilt Annual Operating Income (Millions of US $)": {"2019": "$174", "2018": "$217", "2017": "$221", "2016": "$204", "2015": "$160", "2014": "$173", "2013": "$188"}, "Welbilt Quarterly Operating Income (Millions of US $)": {"2020-09-30": "$21", "2020-06-30": "$1", "2020-03-31": "$1", "2019-12-31": "$37", "2019-09-30": "$55", "2019-06-30": "$57", "2019-03-31": "$25", "2018-12-31": "$52", "2018-09-30": "$68", "2018-06-30": "$56", "2018-03-31": "$42", "2017-12-31": "$60", "2017-09-30": "$71", "2017-06-30": "$54", "2017-03-31": "$35", "2016-12-31": "$60", "2016-09-30": "$61", "2016-06-30": "$50", "2016-03-31": "$34", "2015-12-31": "$41", "2015-09-30": "$54", "2015-06-30": "$50", "2015-03-31": "$16", "2014-12-31": "", "2013-12-31": ""}}, "ebitda": {"Welbilt Annual EBITDA (Millions of US $)": {"2019": "$240", "2018": "$277", "2017": "$274", "2016": "$257", "2015": "$211", "2014": "$226", "2013": "$239"}, "Welbilt Quarterly EBITDA (Millions of US $)": {"2020-09-30": "$39", "2020-06-30": "$17", "2020-03-31": "$17", "2019-12-31": "$54", "2019-09-30": "$71", "2019-06-30": "$74", "2019-03-31": "$40", "2018-12-31": "$68", "2018-09-30": "$84", "2018-06-30": "$71", "2018-03-31": "$55", "2017-12-31": "$74", "2017-09-30": "$84", "2017-06-30": "$67", "2017-03-31": "$48", "2016-12-31": "$74", "2016-09-30": "$74", "2016-06-30": "$64", "2016-03-31": "$46", "2015-12-31": "$53", "2015-09-30": "$67", "2015-06-30": "$62", "2015-03-31": "$29", "2014-12-31": "", "2013-12-31": ""}}, "net-income": {"Welbilt Annual Net Income (Millions of US $)": {"2019": "$56", "2018": "$78", "2017": "$133", "2016": "$72", "2015": "$157", "2014": "$160", "2013": "$146"}, "Welbilt Quarterly Net Income (Millions of US $)": {"2020-09-30": "$5", "2020-06-30": "$-17", "2020-03-31": "$-15", "2019-12-31": "$18", "2019-09-30": "$20", "2019-06-30": "$20", "2019-03-31": "$-3", "2018-12-31": "$27", "2018-09-30": "$27", "2018-06-30": "$12", "2018-03-31": "$12", "2017-12-31": "$67", "2017-09-30": "$31", "2017-06-30": "$30", "2017-03-31": "$5", "2016-12-31": "$13", "2016-09-30": "$25", "2016-06-30": "$15", "2016-03-31": "$18", "2015-12-31": "$65", "2015-09-30": "$41", "2015-06-30": "$37", "2015-03-31": "$14", "2014-12-31": "", "2013-12-31": ""}}, "eps-earnings-per-share-diluted": {"Welbilt Annual EPS": {"2019": "$0.39", "2018": "$0.55", "2017": "$0.94", "2016": "$0.51", "2015": "$1.15", "2014": "$1.17", "2013": "$1.07"}, "Welbilt Quarterly EPS": {"2020-09-30": "$0.03", "2020-06-30": "$-0.12", "2020-03-31": "$-0.11", "2019-12-31": "$0.13", "2019-09-30": "$0.14", "2019-06-30": "$0.14", "2019-03-31": "$-0.02", "2018-12-31": "$0.18", "2018-09-30": "$0.19", "2018-06-30": "$0.09", "2018-03-31": "$0.09", "2017-12-31": "$0.47", "2017-09-30": "$0.22", "2017-06-30": "$0.21", "2017-03-31": "$0.04", "2016-12-31": "$0.09", "2016-09-30": "$0.18", "2016-06-30": "$0.11", "2016-03-31": "$0.13", "2015-12-31": "$0.48", "2015-09-30": "$0.30", "2015-06-30": "$0.27", "2015-03-31": "$0.10", "2014-12-31": "$0.00", "2013-12-31": "$0.00"}}, "shares-outstanding": {"Welbilt Annual Shares Outstanding (Millions of Shares)": {"2019": "142", "2018": "141", "2017": "141", "2016": "140", "2015": "137", "2014": "137", "2013": "137"}, "Welbilt Quarterly Shares Outstanding (Millions of Shares)": {"2020-09-30": "142", "2020-06-30": "142", "2020-03-31": "141", "2019-12-31": "142", "2019-09-30": "142", "2019-06-30": "141", "2019-03-31": "141", "2018-12-31": "141", "2018-09-30": "141", "2018-06-30": "141", "2018-03-31": "141", "2017-12-31": "141", "2017-09-30": "141", "2017-06-30": "141", "2017-03-31": "140", "2016-12-31": "140", "2016-09-30": "139", "2016-06-30": "138", "2016-03-31": "139", "2015-12-31": "137", "2015-09-30": "137", "2015-06-30": "137", "2015-03-31": "137", "2014-12-31": "", "2013-12-31": ""}}, "total-assets": {"Welbilt Annual Total Assets (Millions of US $)": {"2019": "$2,165", "2018": "$2,075", "2017": "$1,840", "2016": "$1,769", "2015": "$1,754", "2014": "$1,898", "2013": "$0"}, "Welbilt Quarterly Total Assets (Millions of US $)": {"2020-09-30": "$2,151", "2020-06-30": "$2,144", "2020-03-31": "$2,185", "2019-12-31": "$2,165", "2019-09-30": "$2,180", "2019-06-30": "$2,191", "2019-03-31": "$2,192", "2018-12-31": "$2,075", "2018-09-30": "$2,089", "2018-06-30": "$2,111", "2018-03-31": "$1,899", "2017-12-31": "$1,840", "2017-09-30": "$1,862", "2017-06-30": "$1,868", "2017-03-31": "$1,837", "2016-12-31": "$1,769", "2016-09-30": "$1,818", "2016-06-30": "$1,807", "2016-03-31": "$1,823", "2015-12-31": "$1,754", "2015-09-30": "$0", "2015-06-30": "$0", "2015-03-31": "$0", "2014-12-31": "$1,898", "2013-12-31": "$0"}}, "cash-on-hand": {"Welbilt Annual Cash on Hand (Millions of US $)": {"2019": "$131", "2018": "$105", "2017": "$129", "2016": "$60", "2015": "$33", "2014": "$17", "2013": "$"}, "Welbilt Quarterly Cash on Hand (Millions of US $)": {"2020-09-30": "$123", "2020-06-30": "$140", "2020-03-31": "$149", "2019-12-31": "$131", "2019-09-30": "$118", "2019-06-30": "$89", "2019-03-31": "$88", "2018-12-31": "$105", "2018-09-30": "$94", "2018-06-30": "$104", "2018-03-31": "$154", "2017-12-31": "$129", "2017-09-30": "$129", "2017-06-30": "$103", "2017-03-31": "$83", "2016-12-31": "$60", "2016-09-30": "$73", "2016-06-30": "$41", "2016-03-31": "$55", "2015-12-31": "$33", "2015-09-30": "", "2015-06-30": "", "2015-03-31": "", "2014-12-31": "$17", "2013-12-31": ""}}, "long-term-debt": {"Welbilt Annual Long Term Debt (Millions of US $)": {"2019": "$1,403", "2018": "$1,322", "2017": "$1,232", "2016": "$1,279", "2015": "$2", "2014": "$4", "2013": "$"}, "Welbilt Quarterly Long Term Debt (Millions of US $)": {"2020-09-30": "$1,444", "2020-06-30": "$1,496", "2020-03-31": "$1,506", "2019-12-31": "$1,403", "2019-09-30": "$1,426", "2019-06-30": "$1,448", "2019-03-31": "$1,493", "2018-12-31": "$1,322", "2018-09-30": "$1,359", "2018-06-30": "$1,408", "2018-03-31": "$1,280", "2017-12-31": "$1,232", "2017-09-30": "$1,293", "2017-06-30": "$1,329", "2017-03-31": "$1,353", "2016-12-31": "$1,279", "2016-09-30": "$1,344", "2016-06-30": "$1,370", "2016-03-31": "$1,383", "2015-12-31": "$2", "2015-09-30": "", "2015-06-30": "", "2015-03-31": "", "2014-12-31": "$4", "2013-12-31": ""}}, "total-liabilities": {"Welbilt Annual Total Liabilities (Millions of US $)": {"2019": "$1,912", "2018": "$1,889", "2017": "$1,737", "2016": "$1,813", "2015": "$545", "2014": "$647", "2013": "$0"}, "Welbilt Quarterly Total Liabilities (Millions of US $)": {"2020-09-30": "$1,918", "2020-06-30": "$1,929", "2020-03-31": "$1,972", "2019-12-31": "$1,912", "2019-09-30": "$1,950", "2019-06-30": "$1,975", "2019-03-31": "$2,007", "2018-12-31": "$1,889", "2018-09-30": "$1,924", "2018-06-30": "$1,971", "2018-03-31": "$1,767", "2017-12-31": "$1,737", "2017-09-30": "$1,818", "2017-06-30": "$1,856", "2017-03-31": "$1,863", "2016-12-31": "$1,813", "2016-09-30": "$1,890", "2016-06-30": "$1,918", "2016-03-31": "$1,949", "2015-12-31": "$545", "2015-09-30": "$0", "2015-06-30": "$0", "2015-03-31": "$0", "2014-12-31": "$647", "2013-12-31": "$0"}}, "total-share-holder-equity": {"Welbilt Annual Share Holder Equity (Millions of US $)": {"2019": "$253", "2018": "$186", "2017": "$104", "2016": "$-44", "2015": "$1,209", "2014": "$1,251", "2013": "$0"}, "Welbilt Quarterly Share Holder Equity (Millions of US $)": {"2020-09-30": "$233", "2020-06-30": "$215", "2020-03-31": "$213", "2019-12-31": "$253", "2019-09-30": "$231", "2019-06-30": "$217", "2019-03-31": "$185", "2018-12-31": "$186", "2018-09-30": "$165", "2018-06-30": "$141", "2018-03-31": "$132", "2017-12-31": "$104", "2017-09-30": "$44", "2017-06-30": "$11", "2017-03-31": "$-26", "2016-12-31": "$-44", "2016-09-30": "$-72", "2016-06-30": "$-111", "2016-03-31": "$-126", "2015-12-31": "$1,209", "2015-09-30": "$0", "2015-06-30": "$0", "2015-03-31": "$0", "2014-12-31": "$1,251", "2013-12-31": "$0"}}, "profit-margins": {"current": "-0.76%"}, "gross margin": {"2020-09-30": "34.62%", "2020-06-30": "35.17%", "2020-03-31": "35.85%", "2019-12-31": "35.57%", "2019-09-30": "35.54%", "2019-06-30": "35.62%", "2019-03-31": "35.29%", "2018-12-31": "35.79%", "2018-09-30": "36.19%", "2018-06-30": "36.39%", "2018-03-31": "36.81%", "2017-12-31": "37.16%", "2017-09-30": "37.34%", "2017-06-30": "37.10%", "2017-03-31": "37.04%", "2016-12-31": "36.74%", "2016-09-30": "35.92%", "2016-06-30": "34.48%", "2016-03-31": "33.08%", "2015-12-31": "31.97%"}, "operating margin": {"2020-09-30": "4.93%", "2020-06-30": "7.08%", "2020-03-31": "9.69%", "2019-12-31": "10.92%", "2019-09-30": "11.68%", "2019-06-30": "12.47%", "2019-03-31": "12.45%", "2018-12-31": "13.71%", "2018-09-30": "14.58%", "2018-06-30": "15.10%", "2018-03-31": "15.47%", "2017-12-31": "15.22%", "2017-09-30": "15.10%", "2017-06-30": "14.37%", "2017-03-31": "14.13%", "2016-12-31": "14.08%", "2016-09-30": "12.65%", "2016-06-30": "11.85%", "2016-03-31": "11.54%", "2015-12-31": "10.25%"}, "ebitda margin": {"2020-09-30": "10.44%", "2020-06-30": "11.97%", "2020-03-31": "13.95%", "2019-12-31": "14.99%", "2019-09-30": "15.64%", "2019-06-30": "16.42%", "2019-03-31": "16.28%", "2018-12-31": "17.48%", "2018-09-30": "18.32%", "2018-06-30": "18.72%", "2018-03-31": "19.09%", "2017-12-31": "18.89%", "2017-09-30": "18.67%", "2017-06-30": "17.93%", "2017-03-31": "17.76%", "2016-12-31": "17.65%", "2016-09-30": "16.12%", "2016-06-30": "15.22%", "2016-03-31": "14.70%", "2015-12-31": "13.44%"}, "pre tax profit margin": {"2020-09-30": "-1.15%", "2020-06-30": "0.90%", "2020-03-31": "4.13%", "2019-12-31": "4.77%", "2019-09-30": "4.57%", "2019-06-30": "5.19%", "2019-03-31": "4.58%", "2018-12-31": "5.66%", "2018-09-30": "7.03%", "2018-06-30": "7.51%", "2018-03-31": "8.66%", "2017-12-31": "8.37%", "2017-09-30": "7.55%", "2017-06-30": "6.64%", "2017-03-31": "5.90%", "2016-12-31": "7.01%", "2016-09-30": "9.32%", "2016-06-30": "10.85%", "2016-03-31": "12.83%", "2015-12-31": "12.55%"}, "net profit margin": {"2020-09-30": "-0.74%", "2020-06-30": "0.45%", "2020-03-31": "2.78%", "2019-12-31": "3.45%", "2019-09-30": "3.96%", "2019-06-30": "4.38%", "2019-03-31": "3.90%", "2018-12-31": "4.91%", "2018-09-30": "7.61%", "2018-06-30": "8.04%", "2018-03-31": "9.54%", "2017-12-31": "9.20%", "2017-09-30": "5.42%", "2017-06-30": "5.00%", "2017-03-31": "3.98%", "2016-12-31": "4.88%", "2016-09-30": "8.37%", "2016-06-30": "9.20%", "2016-03-31": "10.38%", "2015-12-31": "10.00%"}, "pe ratio": {"current": "74.55", "2021-02-05": "0.00", "2020-09-30": "0.00", "2020-06-30": "152.25", "2020-03-31": "17.10", "2019-12-31": "40.03", "2019-09-30": "39.21", "2019-06-30": "34.79", "2019-03-31": "38.09", "2018-12-31": "20.57", "2018-09-30": "24.86", "2018-06-30": "25.07", "2018-03-31": "19.26", "2017-12-31": "24.49", "2017-09-30": "36.02", "2017-06-30": "32.50", "2017-03-31": "40.90", "2016-12-31": "33.91"}, "price sales": {"2021-02-05": "1.74", "2020-09-30": "0.72", "2020-06-30": "0.65", "2020-03-31": "0.47", "2019-12-31": "1.38", "2019-09-30": "1.47", "2019-06-30": "1.46", "2019-03-31": "1.43", "2018-12-31": "0.99", "2018-09-30": "1.90", "2018-06-30": "2.07", "2018-03-31": "1.87", "2017-12-31": "2.29", "2017-09-30": "2.22", "2017-06-30": "1.81", "2017-03-31": "1.88", "2016-12-31": "1.85"}, "price book": {"current": "9.06", "2021-02-05": "9.06", "2020-09-30": "3.74", "2020-06-30": "4.01", "2020-03-31": "3.41", "2019-12-31": "8.71", "2019-09-30": "10.31", "2019-06-30": "10.87", "2019-03-31": "12.45", "2018-12-31": "8.36", "2018-09-30": "17.73", "2018-06-30": "22.20", "2018-03-31": "20.57", "2017-12-31": "31.64", "2017-09-30": "72.97", "2017-06-30": "231.86", "2017-03-31": "-103.64", "2016-12-31": "-61.58", "2016-09-30": "-31.10", "2016-06-30": "-21.76", "2016-03-31": "-16.07"}, "price fcf": {"2021-02-05": "", "2020-09-30": "$-0.06", "2020-06-30": "$0.10", "2020-03-31": "$-0.12", "2019-12-31": "$-2.14", "2019-09-30": "$-2.92", "2019-06-30": "$-4.12", "2019-03-31": "$-4.74", "2018-12-31": "$-3.32", "2018-09-30": "$-3.52", "2018-06-30": "$-3.28", "2018-03-31": "$-3.07", "2017-12-31": "$-3.12", "2017-09-30": "$-5.46", "2017-06-30": "$-4.57", "2017-03-31": "$-3.78", "2016-12-31": "$-2.77"}, "net worth": {"value": "$2.11B"}, "current ratio": {"2020-09-30": "1.89", "2020-06-30": "2.12", "2020-03-31": "2.03", "2019-12-31": "1.60", "2019-09-30": "1.71", "2019-06-30": "1.70", "2019-03-31": "1.74", "2018-12-31": "1.16", "2018-09-30": "1.36", "2018-06-30": "1.41", "2018-03-31": "1.61", "2017-12-31": "1.29", "2017-09-30": "1.35", "2017-06-30": "1.31", "2017-03-31": "1.33", "2016-12-31": "0.98", "2016-09-30": "1.13", "2016-06-30": "1.06", "2016-03-31": "1.01", "2015-12-31": "0.79", "2015-09-30": "0.00", "2015-06-30": "0.00", "2015-03-31": "0.00", "2014-12-31": "0.79", "2013-12-31": "0.00"}, "quick ratio": {"2020-09-30": "1.22", "2020-06-30": "1.32", "2020-03-31": "1.33", "2019-12-31": "1.03", "2019-09-30": "1.10", "2019-06-30": "1.07", "2019-03-31": "1.08", "2018-12-31": "0.66", "2018-09-30": "0.74", "2018-06-30": "0.80", "2018-03-31": "0.97", "2017-12-31": "0.78", "2017-09-30": "0.79", "2017-06-30": "0.75", "2017-03-31": "0.73", "2016-12-31": "0.52", "2016-09-30": "0.62", "2016-06-30": "0.52", "2016-03-31": "0.49", "2015-12-31": "0.33", "2015-09-30": "0.00", "2015-06-30": "0.00", "2015-03-31": "0.00", "2014-12-31": "0.34", "2013-12-31": "0.00"}, "debt equity ratio": {"current": "6.20", "2020-09-30": "8.23", "2020-06-30": "8.97", "2020-03-31": "9.26", "2019-12-31": "7.56", "2019-09-30": "8.45", "2019-06-30": "9.11", "2019-03-31": "10.83", "2018-12-31": "10.13", "2018-09-30": "11.65", "2018-06-30": "14.00", "2018-03-31": "13.35", "2017-12-31": "16.76", "2017-09-30": "41.32", "2017-06-30": "164.28", "2017-03-31": "-70.85", "2016-12-31": "-41.67", "2016-09-30": "-26.18", "2016-06-30": "-17.27", "2016-03-31": "-15.50", "2015-12-31": "0.45", "2015-09-30": "0.00", "2015-06-30": "0.00", "2015-03-31": "0.00", "2014-12-31": "0.52", "2013-12-31": "0.00"}, "return on equity": {"2020-09-30": "-3.94%", "2020-06-30": "2.63%", "2020-03-31": "18.82%", "2019-12-31": "24.83%", "2019-09-30": "31.26%", "2019-06-30": "37.72%", "2019-03-31": "37.22%", "2018-12-31": "50.00%", "2018-09-30": "87.08%", "2018-06-30": "115.91%", "2018-03-31": "192.44%", "2017-12-31": "400.00%", "2017-09-30": "-2106.67%", "2017-06-30": "-222.90%", "2017-03-31": "-91.70%", "2016-12-31": "-80.45%", "2016-09-30": "54.67%", "2016-06-30": "57.20%", "2016-03-31": "59.46%", "2015-12-31": "51.94%"}, "return on assets": {"2020-09-30": "-0.42%", "2020-06-30": "0.28%", "2020-03-31": "1.97%", "2019-12-31": "2.52%", "2019-09-30": "2.96%", "2019-06-30": "3.32%", "2019-03-31": "2.98%", "2018-12-31": "3.82%", "2018-09-30": "5.95%", "2018-06-30": "6.33%", "2018-03-31": "7.50%", "2017-12-31": "7.18%", "2017-09-30": "4.31%", "2017-06-30": "4.00%", "2017-03-31": "3.21%", "2016-12-31": "3.94%", "2016-09-30": "6.83%", "2016-06-30": "10.33%", "2016-03-31": "18.00%", "2015-12-31": "35.80%"}, "return on investments": {"2020-09-30": "3.55%", "2020-06-30": "5.58%", "2020-03-31": "8.96%", "2019-12-31": "10.46%", "2019-09-30": "11.61%", "2019-06-30": "12.67%", "2019-03-31": "12.84%", "2018-12-31": "14.55%", "2018-09-30": "15.53%", "2018-06-30": "16.26%", "2018-03-31": "16.74%", "2017-12-31": "16.48%", "2017-09-30": "16.80%", "2017-06-30": "16.24%", "2017-03-31": "16.18%", "2016-12-31": "16.32%", "2016-09-30": "14.88%", "2016-06-30": "19.21%", "2016-03-31": "29.00%", "2015-12-31": "53.18%"}, "return on tangible equity": {"2020-09-30": "0.76%", "2020-06-30": "-0.50%", "2020-03-31": "-3.56%", "2019-12-31": "-4.47%", "2019-09-30": "-5.09%", "2019-06-30": "-5.51%", "2019-03-31": "-4.78%", "2018-12-31": "-6.05%", "2018-09-30": "-9.32%", "2018-06-30": "-9.75%", "2018-03-31": "-11.31%", "2017-12-31": "-10.37%", "2017-09-30": "-5.96%", "2017-06-30": "-5.36%", "2017-03-31": "-4.15%", "2016-12-31": "-4.95%", "2016-09-30": "-10.89%", "2016-06-30": "-17.92%", "2016-03-31": "-39.22%", "2015-12-31": "-400.00%"}, "dividend yield history": {"last payout": "$0.00", "last yield": "0.00%"}}