{"ticker": "WELL", "price": {"title": "Welltower Historical Annual Stock Price Data", "value": 66.43, "historical": {"2021": {"Average Stock Price": "62.6814", "Year Open": "61.6000", "Year High": "66.4300", "Year Low": "59.7900", "Year Close": "66.4300", "Annual % Change": "2.80%"}, "2020": {"Average Stock Price": "59.5633", "Year Open": "80.1400", "Year High": "89.8400", "Year Low": "33.2200", "Year Close": "64.6200", "Annual % Change": "-20.98%"}, "2019": {"Average Stock Price": "81.6562", "Year Open": "67.2900", "Year High": "92.4600", "Year Low": "67.2900", "Year Close": "81.7800", "Annual % Change": "17.82%"}, "2018": {"Average Stock Price": "61.2187", "Year Open": "64.0300", "Year High": "74.7200", "Year Low": "50.0100", "Year Close": "69.4100", "Annual % Change": "8.84%"}, "2017": {"Average Stock Price": "70.1113", "Year Open": "66.1700", "Year High": "77.6600", "Year Low": "63.2700", "Year Close": "63.7700", "Annual % Change": "-4.72%"}, "2016": {"Average Stock Price": "69.6510", "Year Open": "68.3900", "Year High": "79.6100", "Year Low": "53.6800", "Year Close": "66.9300", "Annual % Change": "-1.62%"}, "2015": {"Average Stock Price": "70.5171", "Year Open": "76.9500", "Year High": "84.3100", "Year Low": "58.2100", "Year Close": "68.0300", "Annual % Change": "-10.10%"}, "2014": {"Average Stock Price": "64.0811", "Year Open": "53.5400", "Year High": "77.9800", "Year Low": "53.0500", "Year Close": "75.6700", "Annual % Change": "41.25%"}, "2013": {"Average Stock Price": "64.4545", "Year Open": "61.1300", "Year High": "78.9800", "Year Low": "52.5800", "Year Close": "53.5700", "Annual % Change": "-12.60%"}, "2012": {"Average Stock Price": "57.3735", "Year Open": "55.1000", "Year High": "62.2400", "Year Low": "52.4000", "Year Close": "61.2900", "Annual % Change": "12.40%"}, "2011": {"Average Stock Price": "50.4236", "Year Open": "48.4300", "Year High": "54.9800", "Year Low": "41.1100", "Year Close": "54.5300", "Annual % Change": "14.46%"}, "2010": {"Average Stock Price": "45.0915", "Year Open": "44.0400", "Year High": "51.7100", "Year Low": "40.0000", "Year Close": "47.6400", "Annual % Change": "7.49%"}, "2009": {"Average Stock Price": "38.1492", "Year Open": "39.7700", "Year High": "46.1900", "Year Low": "27.2700", "Year Close": "44.3200", "Annual % Change": "5.02%"}, "2008": {"Average Stock Price": "45.0012", "Year Open": "45.0700", "Year High": "53.8100", "Year Low": "31.3200", "Year Close": "42.2000", "Annual % Change": "-5.57%"}, "2007": {"Average Stock Price": "43.0391", "Year Open": "43.0600", "Year High": "48.1300", "Year Low": "35.8700", "Year Close": "44.6900", "Annual % Change": "3.88%"}, "2006": {"Average Stock Price": "37.4940", "Year Open": "34.5500", "Year High": "43.0200", "Year Low": "32.8800", "Year Close": "43.0200", "Annual % Change": "26.90%"}, "2005": {"Average Stock Price": "35.2561", "Year Open": "37.1500", "Year High": "39.1800", "Year Low": "31.7000", "Year Close": "33.9000", "Annual % Change": "-11.14%"}, "2004": {"Average Stock Price": "34.7443", "Year Open": "35.9000", "Year High": "40.7000", "Year Low": "29.0000", "Year Close": "38.1500", "Annual % Change": "5.97%"}, "2003": {"Average Stock Price": "29.9846", "Year Open": "27.1000", "Year High": "36.0000", "Year Low": "25.0100", "Year Close": "36.0000", "Annual % Change": "33.09%"}, "2002": {"Average Stock Price": "27.8086", "Year Open": "24.7200", "Year High": "31.8200", "Year Low": "24.7200", "Year Close": "27.0500", "Annual % Change": "11.09%"}, "2001": {"Average Stock Price": "22.8847", "Year Open": "16.0600", "Year High": "26.3300", "Year Low": "16.0600", "Year Close": "24.3500", "Annual % Change": "49.85%"}, "2000": {"Average Stock Price": "16.6981", "Year Open": "15.3800", "Year High": "18.9400", "Year Low": "13.8800", "Year Close": "16.2500", "Annual % Change": "7.40%"}, "1999": {"Average Stock Price": "21.4023", "Year Open": "25.7500", "Year High": "26.5000", "Year Low": "14.7500", "Year Close": "15.1300", "Annual % Change": "-41.54%"}, "1998": {"Average Stock Price": "25.9406", "Year Open": "28.4400", "Year High": "29.0000", "Year Low": "21.3800", "Year Close": "25.8800", "Annual % Change": "-8.00%"}, "1997": {"Average Stock Price": "25.3138", "Year Open": "24.1300", "Year High": "28.6300", "Year Low": "22.5000", "Year Close": "28.1300", "Annual % Change": "14.82%"}, "1996": {"Average Stock Price": "22.3031", "Year Open": "18.1200", "Year High": "25.2500", "Year Low": "18.1200", "Year Close": "24.5000", "Annual % Change": "36.11%"}, "1995": {"Average Stock Price": "20.1006", "Year Open": "20.0000", "Year High": "23.0000", "Year Low": "15.6300", "Year Close": "18.0000", "Annual % Change": "-10.00%"}, "1994": {"Average Stock Price": "23.3935", "Year Open": "22.8800", "Year High": "25.2500", "Year Low": "20.0000", "Year Close": "20.0000", "Annual % Change": "-12.59%"}, "1993": {"Average Stock Price": "23.6787", "Year Open": "21.3800", "Year High": "26.8800", "Year Low": "20.5000", "Year Close": "22.8800", "Annual % Change": "7.02%"}}}, "market cap": {"value": "$26.39B"}, "income statement": {"Revenue": {"2019-12-31": "5121.30600", "2018-12-31": "4700.49900", "2017-12-31": "4316.64100", "2016-12-31": "4281.16000", "2015-12-31": "3859.82600", "2014-12-31": "3343.54600", "2013-12-31": "2880.60800", "2012-12-31": "1805.04400", "2011-12-31": "1313.18200", "2010-12-31": "578.57100", "2009-12-31": "523.28800", "2008-12-31": "504.52500", "2007-12-31": "429.48600", "2006-12-31": "288.24200", "2005-12-31": "264.62200"}, "Cost Of Goods Sold": {"2019-12-31": "2708.73200", "2018-12-31": "2433.01700", "2017-12-31": "2146.89100", "2016-12-31": "1887.19800", "2015-12-31": "1622.25700", "2014-12-31": "1403.35800", "2013-12-31": "1208.92300", "2012-12-31": "594.99700", "2011-12-31": "377.07400", "2010-12-31": "107.47100", "2009-12-31": "65.76200", "2008-12-31": "42.72800", "2007-12-31": "33.41000", "2006-12-31": "2.03900", "2005-12-31": "3.91000"}, "Gross Profit": {"2019-12-31": "2412.57400", "2018-12-31": "2267.48200", "2017-12-31": "2169.75000", "2016-12-31": "2393.96200", "2015-12-31": "2237.56900", "2014-12-31": "1940.18800", "2013-12-31": "1671.68500", "2012-12-31": "1210.04700", "2011-12-31": "936.10800", "2010-12-31": "471.10000", "2009-12-31": "457.52600", "2008-12-31": "461.79700", "2007-12-31": "396.07600", "2006-12-31": "286.20300", "2005-12-31": "260.71200"}, "Research And Development Expenses": {"2019-12-31": "", "2018-12-31": "", "2017-12-31": "", "2016-12-31": "", "2015-12-31": "", "2014-12-31": "", "2013-12-31": "", "2012-12-31": "", "2011-12-31": "", "2010-12-31": "", "2009-12-31": "", "2008-12-31": "", "2007-12-31": "", "2006-12-31": "", "2005-12-31": ""}, "SG&A Expenses": {"2019-12-31": "126.54900", "2018-12-31": "126.38300", "2017-12-31": "122.00800", "2016-12-31": "155.24100", "2015-12-31": "147.41600", "2014-12-31": "142.94300", "2013-12-31": "108.31800", "2012-12-31": "97.34100", "2011-12-31": "77.20100", "2010-12-31": "54.62600", "2009-12-31": "49.69100", "2008-12-31": "47.19300", "2007-12-31": "37.46500", "2006-12-31": "25.92200", "2005-12-31": "16.16300"}, "Other Operating Income Or Expenses": {"2019-12-31": "-52.61200", "2018-12-31": "-112.89800", "2017-12-31": "-177.77600", "2016-12-31": "-54.90800", "2015-12-31": "-157.15700", "2014-12-31": "-79.80000", "2013-12-31": "-133.40100", "2012-12-31": "-61.60900", "2011-12-31": "-70.22400", "2010-12-31": "-46.66000", "2009-12-31": "0.00000", "2008-12-31": "", "2007-12-31": "", "2006-12-31": "", "2005-12-31": ""}, "Operating Expenses": {"2019-12-31": "3914.96600", "2018-12-31": "3622.75700", "2017-12-31": "3368.39500", "2016-12-31": "2998.58900", "2015-12-31": "2753.07000", "2014-12-31": "2470.23100", "2013-12-31": "2316.44200", "2012-12-31": "1260.16700", "2011-12-31": "910.97700", "2010-12-31": "373.92200", "2009-12-31": "256.14500", "2008-12-31": "228.05700", "2007-12-31": "195.10700", "2006-12-31": "109.78900", "2005-12-31": "91.02900"}, "Operating Income": {"2019-12-31": "1206.34000", "2018-12-31": "1077.74200", "2017-12-31": "948.24610", "2016-12-31": "1282.57100", "2015-12-31": "1106.75600", "2014-12-31": "873.31470", "2013-12-31": "564.16600", "2012-12-31": "544.87680", "2011-12-31": "402.20500", "2010-12-31": "204.64900", "2009-12-31": "267.14300", "2008-12-31": "276.46800", "2007-12-31": "234.37900", "2006-12-31": "178.45300", "2005-12-31": "173.59300"}, "Total Non-Operating Income/Expense": {"2019-12-31": "-663.44800", "2018-12-31": "-654.25200", "2017-12-31": "-648.63000", "2016-12-31": "-573.31800", "2015-12-31": "-470.63900", "2014-12-31": "-489.10200", "2013-12-31": "-461.92100", "2012-12-31": "-358.96500", "2011-12-31": "-290.00200", "2010-12-31": "-168.14900", "2009-12-31": "-121.96300", "2008-12-31": "-146.57500", "2007-12-31": "-130.19000", "2006-12-31": "-88.38300", "2005-12-31": "-96.36200"}, "Pre-Tax Income": {"2019-12-31": "542.89200", "2018-12-31": "423.49000", "2017-12-31": "299.61600", "2016-12-31": "709.25300", "2015-12-31": "636.11700", "2014-12-31": "384.21300", "2013-12-31": "102.24500", "2012-12-31": "185.91200", "2011-12-31": "112.20300", "2010-12-31": "36.50000", "2009-12-31": "145.18000", "2008-12-31": "129.89300", "2007-12-31": "104.18900", "2006-12-31": "90.07000", "2005-12-31": "77.23100"}, "Income Taxes": {"2019-12-31": "2.95700", "2018-12-31": "8.67400", "2017-12-31": "20.12800", "2016-12-31": "-19.12800", "2015-12-31": "6.45100", "2014-12-31": "-1.26700", "2013-12-31": "7.49100", "2012-12-31": "7.61200", "2011-12-31": "1.38800", "2010-12-31": "0.36400", "2009-12-31": "0.16800", "2008-12-31": "1.30600", "2007-12-31": "0.18800", "2006-12-31": "0.08200", "2005-12-31": ""}, "Income After Taxes": {"2019-12-31": "539.93510", "2018-12-31": "414.81600", "2017-12-31": "279.48800", "2016-12-31": "728.38100", "2015-12-31": "629.66600", "2014-12-31": "385.48000", "2013-12-31": "94.75400", "2012-12-31": "178.30000", "2011-12-31": "110.81500", "2010-12-31": "36.13600", "2009-12-31": "145.01200", "2008-12-31": "128.58700", "2007-12-31": "104.00100", "2006-12-31": "89.98800", "2005-12-31": "77.23100"}, "Other Income": {"2019-12-31": "", "2018-12-31": "", "2017-12-31": "", "2016-12-31": "", "2015-12-31": "", "2014-12-31": "", "2013-12-31": "", "2012-12-31": "", "2011-12-31": "", "2010-12-31": "", "2009-12-31": "", "2008-12-31": "", "2007-12-31": "", "2006-12-31": "", "2005-12-31": ""}, "Income From Continuous Operations": {"2019-12-31": "1330.41000", "2018-12-31": "829.75000", "2017-12-31": "540.61300", "2016-12-31": "718.02400", "2015-12-31": "608.16200", "2014-12-31": "358.05400", "2013-12-31": "86.56700", "2012-12-31": "180.78200", "2011-12-31": "116.58700", "2010-12-31": "42.80900", "2009-12-31": "145.01200", "2008-12-31": "128.58700", "2007-12-31": "104.00100", "2006-12-31": "89.97500", "2005-12-31": "77.23100"}, "Income From Discontinued Operations": {"2019-12-31": "", "2018-12-31": "", "2017-12-31": "", "2016-12-31": "364.04600", "2015-12-31": "280.38700", "2014-12-31": "7.13500", "2013-12-31": "51.71300", "2012-12-31": "114.05800", "2011-12-31": "96.12900", "2010-12-31": "86.07500", "2009-12-31": "47.91500", "2008-12-31": "154.83800", "2007-12-31": "34.59200", "2006-12-31": "12.77500", "2005-12-31": "7.05500"}, "Net Income": {"2019-12-31": "1232.43200", "2018-12-31": "758.25000", "2017-12-31": "463.59500", "2016-12-31": "1012.39700", "2015-12-31": "818.34400", "2014-12-31": "446.74500", "2013-12-31": "78.71400", "2012-12-31": "221.88400", "2011-12-31": "157.10800", "2010-12-31": "106.88200", "2009-12-31": "171.19000", "2008-12-31": "260.09800", "2007-12-31": "113.22500", "2006-12-31": "81.28700", "2005-12-31": "62.69200"}, "EBITDA": {"2019-12-31": "2249.56400", "2018-12-31": "2047.80900", "2017-12-31": "1886.84400", "2016-12-31": "2192.95700", "2015-12-31": "1942.00500", "2014-12-31": "1725.15500", "2013-12-31": "1446.68300", "2012-12-31": "1093.81200", "2011-12-31": "840.15410", "2010-12-31": "421.50500", "2009-12-31": "445.76500", "2008-12-31": "453.40500", "2007-12-31": "392.27800", "2006-12-31": "280.04700", "2005-12-31": "262.35600"}, "EBIT": {"2019-12-31": "1206.34000", "2018-12-31": "1077.74200", "2017-12-31": "948.24610", "2016-12-31": "1282.57100", "2015-12-31": "1106.75600", "2014-12-31": "873.31470", "2013-12-31": "564.16600", "2012-12-31": "544.87680", "2011-12-31": "402.20500", "2010-12-31": "204.64900", "2009-12-31": "267.14300", "2008-12-31": "276.46800", "2007-12-31": "234.37900", "2006-12-31": "178.45300", "2005-12-31": "173.59300"}, "Basic Shares Outstanding": {"2019-12-31": "401.84500", "2018-12-31": "373.62000", "2017-12-31": "367.23700", "2016-12-31": "358.27500", "2015-12-31": "348.24000", "2014-12-31": "306.27200", "2013-12-31": "276.92900", "2012-12-31": "224.34300", "2011-12-31": "173.74100", "2010-12-31": "127.65600", "2009-12-31": "114.20700", "2008-12-31": "93.73200", "2007-12-31": "78.86100", "2006-12-31": "61.66100", "2005-12-31": "54.11000"}, "Shares Outstanding": {"2019-12-31": "403.80800", "2018-12-31": "375.25000", "2017-12-31": "369.00100", "2016-12-31": "360.22700", "2015-12-31": "349.42400", "2014-12-31": "307.74700", "2013-12-31": "278.76100", "2012-12-31": "225.95300", "2011-12-31": "174.40100", "2010-12-31": "128.20800", "2009-12-31": "114.61200", "2008-12-31": "94.30900", "2007-12-31": "79.40900", "2006-12-31": "62.04500", "2005-12-31": "54.49900"}, "Basic EPS": {"2019-12-31": "3.07000", "2018-12-31": "2.03000", "2017-12-31": "1.26000", "2016-12-31": "2.83000", "2015-12-31": "2.35000", "2014-12-31": "1.46000", "2013-12-31": "0.28000", "2012-12-31": "0.99000", "2011-12-31": "0.90000", "2010-12-31": "0.84000", "2009-12-31": "1.50000", "2008-12-31": "2.77000", "2007-12-31": "1.44000", "2006-12-31": "1.32000", "2005-12-31": "1.16000"}, "EPS - Earnings Per Share": {"2019-12-31": "3.05000", "2018-12-31": "2.02000", "2017-12-31": "1.26000", "2016-12-31": "2.81000", "2015-12-31": "2.34000", "2014-12-31": "1.45000", "2013-12-31": "0.28000", "2012-12-31": "0.98000", "2011-12-31": "0.90000", "2010-12-31": "0.83000", "2009-12-31": "1.49000", "2008-12-31": "2.76000", "2007-12-31": "1.43000", "2006-12-31": "1.31000", "2005-12-31": "1.15000"}}, "income statement, quarterly": {"Revenue": {"2020-09-30": "1036.87400", "2020-06-30": "1188.47500", "2020-03-31": "1258.60200", "2019-12-31": "1262.82200", "2019-09-30": "1266.13300", "2019-06-30": "1320.10600", "2019-03-31": "1272.24500", "2018-12-31": "1241.24300", "2018-09-30": "1236.37900", "2018-06-30": "1125.91200", "2018-03-31": "1096.96500", "2017-12-31": "1104.25800", "2017-09-30": "1091.48300", "2017-06-30": "1058.60200", "2017-03-31": "1062.29800", "2016-12-31": "1078.32000", "2016-09-30": "1079.13300", "2016-06-30": "1076.65700", "2016-03-31": "1047.05000", "2015-12-31": "1029.48300", "2015-09-30": "978.99700", "2015-06-30": "957.16900", "2015-03-31": "894.17700", "2014-12-31": "867.76990", "2014-09-30": "847.52300", "2014-06-30": "826.44600", "2014-03-31": "801.80700", "2013-12-31": "788.64000", "2013-09-30": "783.71100", "2013-06-30": "678.53300", "2013-03-31": "629.72400", "2012-12-31": "486.49590", "2012-09-30": "461.83300", "2012-06-30": "438.71900", "2012-03-31": "417.99600", "2011-12-31": "407.39100", "2011-09-30": "370.73000", "2011-06-30": "369.60200", "2011-03-31": "245.75600", "2010-12-31": "196.42300", "2010-09-30": "168.94300", "2010-06-30": "153.74900", "2010-03-31": "145.37700", "2009-12-31": "105.25900", "2009-09-30": "140.14400", "2009-06-30": "139.03900", "2009-03-31": "138.84600", "2008-12-31": "109.35800", "2008-09-30": "139.34900", "2008-06-30": "129.18500", "2008-03-31": "126.63300", "2007-12-31": "87.76100", "2007-09-30": "118.74500", "2007-06-30": "112.74300", "2007-03-31": "110.23700", "2006-12-31": "87.78700", "2006-09-30": "78.78300", "2006-06-30": "77.90200", "2006-03-31": "76.00800", "2005-12-31": "76.01400", "2005-09-30": "70.28600", "2005-06-30": "65.39300", "2005-03-31": "65.19800"}, "Cost Of Goods Sold": {"2020-09-30": "637.57400", "2020-06-30": "662.18600", "2020-03-31": "688.85300", "2019-12-31": "662.52010", "2019-09-30": "655.58800", "2019-06-30": "701.12700", "2019-03-31": "689.49700", "2018-12-31": "650.64410", "2018-09-30": "657.15700", "2018-06-30": "568.75100", "2018-03-31": "556.46500", "2017-12-31": "610.87010", "2017-09-30": "523.99700", "2017-06-30": "501.85500", "2017-03-31": "510.16900", "2016-12-31": "505.05000", "2016-09-30": "473.68000", "2016-06-30": "458.83200", "2016-03-31": "449.63600", "2015-12-31": "438.73900", "2015-09-30": "408.70300", "2015-06-30": "398.35400", "2015-03-31": "376.46100", "2014-12-31": "363.01600", "2014-09-30": "355.15700", "2014-06-30": "343.75400", "2014-03-31": "341.43100", "2013-12-31": "336.22090", "2013-09-30": "341.92100", "2013-06-30": "277.95800", "2013-03-31": "252.82300", "2012-12-31": "158.93200", "2012-09-30": "171.42500", "2012-06-30": "135.83900", "2012-03-31": "128.80100", "2011-12-31": "114.20300", "2011-09-30": "103.25900", "2011-06-30": "99.97600", "2011-03-31": "63.81100", "2010-12-31": "37.13000", "2010-09-30": "49.24500", "2010-06-30": "11.97000", "2010-03-31": "12.51300", "2009-12-31": "31.18000", "2009-09-30": "12.15300", "2009-06-30": "11.24000", "2009-03-31": "11.18900", "2008-12-31": "10.12700", "2008-09-30": "11.19200", "2008-06-30": "10.69700", "2008-03-31": "10.71200", "2007-12-31": "3.24500", "2007-09-30": "11.83700", "2007-06-30": "9.89300", "2007-03-31": "8.43500", "2006-12-31": "2.42100", "2006-09-30": "1.03200", "2006-06-30": "0.95700", "2006-03-31": "0.96100", "2005-12-31": "0.80200", "2005-09-30": "0.97300", "2005-06-30": "0.97300", "2005-03-31": "1.16300"}, "Gross Profit": {"2020-09-30": "399.30000", "2020-06-30": "526.28900", "2020-03-31": "569.74900", "2019-12-31": "600.30210", "2019-09-30": "610.54500", "2019-06-30": "618.97890", "2019-03-31": "582.74800", "2018-12-31": "590.59890", "2018-09-30": "579.22200", "2018-06-30": "557.16100", "2018-03-31": "540.49990", "2017-12-31": "493.38810", "2017-09-30": "567.48600", "2017-06-30": "556.74710", "2017-03-31": "552.12900", "2016-12-31": "573.27000", "2016-09-30": "605.45310", "2016-06-30": "617.82500", "2016-03-31": "597.41410", "2015-12-31": "590.74400", "2015-09-30": "570.29400", "2015-06-30": "558.81500", "2015-03-31": "517.71600", "2014-12-31": "504.75390", "2014-09-30": "492.36600", "2014-06-30": "482.69200", "2014-03-31": "460.37600", "2013-12-31": "452.41910", "2013-09-30": "441.79000", "2013-06-30": "400.57500", "2013-03-31": "376.90100", "2012-12-31": "327.56390", "2012-09-30": "290.40800", "2012-06-30": "302.88000", "2012-03-31": "289.19500", "2011-12-31": "293.18800", "2011-09-30": "267.47100", "2011-06-30": "269.62600", "2011-03-31": "181.94500", "2010-12-31": "159.29300", "2010-09-30": "119.69800", "2010-06-30": "141.77900", "2010-03-31": "132.86400", "2009-12-31": "74.07900", "2009-09-30": "127.99100", "2009-06-30": "127.79900", "2009-03-31": "127.65700", "2008-12-31": "99.23100", "2008-09-30": "128.15700", "2008-06-30": "118.48800", "2008-03-31": "115.92100", "2007-12-31": "84.51600", "2007-09-30": "106.90800", "2007-06-30": "102.85000", "2007-03-31": "101.80200", "2006-12-31": "85.36600", "2006-09-30": "77.75100", "2006-06-30": "76.94500", "2006-03-31": "75.04700", "2005-12-31": "75.21200", "2005-09-30": "69.31300", "2005-06-30": "64.42000", "2005-03-31": "64.03500"}, "Research And Development Expenses": {"2020-09-30": "", "2020-06-30": "", "2020-03-31": "", "2019-12-31": "", "2019-09-30": "", "2019-06-30": "", "2019-03-31": "", "2018-12-31": "", "2018-09-30": "", "2018-06-30": "", "2018-03-31": "", "2017-12-31": "", "2017-09-30": "", "2017-06-30": "", "2017-03-31": "", "2016-12-31": "", "2016-09-30": "", "2016-06-30": "", "2016-03-31": "", "2015-12-31": "", "2015-09-30": "", "2015-06-30": "", "2015-03-31": "", "2014-12-31": "", "2014-09-30": "", "2014-06-30": "", "2014-03-31": "", "2013-12-31": "", "2013-09-30": "", "2013-06-30": "", "2013-03-31": "", "2012-12-31": "", "2012-09-30": "", "2012-06-30": "", "2012-03-31": "", "2011-12-31": "", "2011-09-30": "", "2011-06-30": "", "2011-03-31": "", "2010-12-31": "", "2010-09-30": "", "2010-06-30": "", "2010-03-31": "", "2009-12-31": "", "2009-09-30": "", "2009-06-30": "", "2009-03-31": "", "2008-12-31": "", "2008-09-30": "", "2008-06-30": "", "2008-03-31": "", "2007-12-31": "", "2007-09-30": "", "2007-06-30": "", "2007-03-31": "", "2006-12-31": "", "2006-09-30": "", "2006-06-30": "", "2006-03-31": "", "2005-12-31": "", "2005-09-30": "", "2005-06-30": "", "2005-03-31": ""}, "SG&A Expenses": {"2020-09-30": "31.00300", "2020-06-30": "34.06200", "2020-03-31": "35.48100", "2019-12-31": "26.50700", "2019-09-30": "31.01900", "2019-06-30": "33.74100", "2019-03-31": "35.28200", "2018-12-31": "31.10100", "2018-09-30": "28.74600", "2018-06-30": "32.83100", "2018-03-31": "33.70500", "2017-12-31": "28.36200", "2017-09-30": "29.91300", "2017-06-30": "32.63200", "2017-03-31": "31.10100", "2016-12-31": "32.80800", "2016-09-30": "36.82800", "2016-06-30": "39.91400", "2016-03-31": "45.69100", "2015-12-31": "36.85400", "2015-09-30": "36.95000", "2015-06-30": "38.47400", "2015-03-31": "35.13800", "2014-12-31": "27.61500", "2014-09-30": "30.80300", "2014-06-30": "51.66000", "2014-03-31": "32.86500", "2013-12-31": "28.51900", "2013-09-30": "28.71800", "2013-06-30": "23.90200", "2013-03-31": "27.17900", "2012-12-31": "20.04100", "2012-09-30": "23.67900", "2012-06-30": "25.87000", "2012-03-31": "27.75100", "2011-12-31": "20.19000", "2011-09-30": "19.73500", "2011-06-30": "19.56200", "2011-03-31": "17.71400", "2010-12-31": "14.29800", "2010-09-30": "11.62800", "2010-06-30": "11.87800", "2010-03-31": "16.82100", "2009-12-31": "10.90500", "2009-09-30": "10.36300", "2009-06-30": "11.06200", "2009-03-31": "17.36100", "2008-12-31": "13.50100", "2008-09-30": "10.78900", "2008-06-30": "10.57500", "2008-03-31": "12.32800", "2007-12-31": "9.07700", "2007-09-30": "8.64900", "2007-06-30": "9.95700", "2007-03-31": "9.78200", "2006-12-31": "10.21900", "2006-09-30": "5.01000", "2006-06-30": "4.79800", "2006-03-31": "5.97600", "2005-12-31": "3.94100", "2005-09-30": "4.64000", "2005-06-30": "4.33700", "2005-03-31": "4.01700"}, "Other Operating Income Or Expenses": {"2020-09-30": "-11.54400", "2020-06-30": "-19.41100", "2020-03-31": "-6.29200", "2019-12-31": "-16.04200", "2019-09-30": "-6.18600", "2019-06-30": "-21.62800", "2019-03-31": "-8.75600", "2018-12-31": "-10.50200", "2018-09-30": "-88.62600", "2018-06-30": "-10.05800", "2018-03-31": "-3.71200", "2017-12-31": "-60.16700", "2017-09-30": "-99.59500", "2017-06-30": "-6.33900", "2017-03-31": "-11.67500", "2016-12-31": "-18.54000", "2016-09-30": "-19.84200", "2016-06-30": "-8.31800", "2016-03-31": "-8.20800", "2015-12-31": "-76.19600", "2015-09-30": "-9.33300", "2015-06-30": "-23.07400", "2015-03-31": "-48.55400", "2014-12-31": "-47.99200", "2014-09-30": "-23.81600", "2014-06-30": "-7.04000", "2014-03-31": "-0.95200", "2013-12-31": "-15.69400", "2013-09-30": "-23.59100", "2013-06-30": "-28.13600", "2013-03-31": "-65.98000", "2012-12-31": "-19.07500", "2012-09-30": "-8.26400", "2012-06-30": "-28.69100", "2012-03-31": "-5.57900", "2011-12-31": "-13.68200", "2011-09-30": "-6.73900", "2011-06-30": "-13.73800", "2011-03-31": "-36.06500", "2010-12-31": "-16.95900", "2010-09-30": "-21.23500", "2010-06-30": "-0.75200", "2010-03-31": "-7.71400", "2009-12-31": "", "2009-09-30": "", "2009-06-30": "", "2009-03-31": "", "2008-12-31": "", "2008-09-30": "", "2008-06-30": "", "2008-03-31": "", "2007-12-31": "", "2007-09-30": "", "2007-06-30": "", "2007-03-31": "", "2006-12-31": "", "2006-09-30": "", "2006-06-30": "", "2006-03-31": "", "2005-12-31": "", "2005-09-30": "", "2005-06-30": "", "2005-03-31": ""}, "Operating Expenses": {"2020-09-30": "935.65300", "2020-06-30": "981.03000", "2020-03-31": "1005.42700", "2019-12-31": "967.71300", "2019-09-30": "965.23800", "2019-06-30": "1004.54800", "2019-03-31": "977.46700", "2018-12-31": "935.08110", "2018-09-30": "1017.67800", "2018-06-30": "847.91500", "2018-03-31": "822.08300", "2017-12-31": "937.85780", "2017-09-30": "883.64310", "2017-06-30": "765.67300", "2017-03-31": "781.22100", "2016-12-31": "784.31400", "2016-09-30": "748.41090", "2016-06-30": "733.63300", "2016-03-31": "732.23100", "2015-12-31": "774.59920", "2015-09-30": "660.78500", "2015-06-30": "668.70400", "2015-03-31": "648.98200", "2014-12-31": "634.01620", "2014-09-30": "610.74600", "2014-06-30": "616.90300", "2014-03-31": "608.56600", "2013-12-31": "622.45670", "2013-09-30": "635.25700", "2013-06-30": "528.05800", "2013-03-31": "530.67000", "2012-12-31": "327.91810", "2012-09-30": "331.21200", "2012-06-30": "317.99900", "2012-03-31": "283.03800", "2011-12-31": "269.45700", "2011-09-30": "241.31500", "2011-06-30": "240.53100", "2011-03-31": "188.33300", "2010-12-31": "124.05800", "2010-09-30": "131.07100", "2010-06-30": "68.63700", "2010-03-31": "77.70000", "2009-12-31": "67.27700", "2009-09-30": "61.70300", "2009-06-30": "60.41700", "2009-03-31": "66.74800", "2008-12-31": "50.97000", "2008-09-30": "60.99200", "2008-06-30": "56.70900", "2008-03-31": "59.38600", "2007-12-31": "33.09000", "2007-09-30": "57.99000", "2007-06-30": "53.12800", "2007-03-31": "50.89900", "2006-12-31": "37.54200", "2006-09-30": "28.98900", "2006-06-30": "28.54300", "2006-03-31": "28.76200", "2005-12-31": "24.52300", "2005-09-30": "25.52800", "2005-06-30": "24.61900", "2005-03-31": "23.76000"}, "Operating Income": {"2020-09-30": "101.22110", "2020-06-30": "207.44490", "2020-03-31": "253.17500", "2019-12-31": "295.10920", "2019-09-30": "300.89510", "2019-06-30": "315.55790", "2019-03-31": "294.77800", "2018-12-31": "306.16200", "2018-09-30": "218.70110", "2018-06-30": "277.99700", "2018-03-31": "274.88200", "2017-12-31": "166.40030", "2017-09-30": "207.84000", "2017-06-30": "292.92900", "2017-03-31": "281.07700", "2016-12-31": "294.00610", "2016-09-30": "330.72210", "2016-06-30": "343.02400", "2016-03-31": "314.81910", "2015-12-31": "254.88370", "2015-09-30": "318.21200", "2015-06-30": "288.46500", "2015-03-31": "245.19500", "2014-12-31": "233.75370", "2014-09-30": "236.77700", "2014-06-30": "209.54300", "2014-03-31": "193.24100", "2013-12-31": "166.18330", "2013-09-30": "148.45400", "2013-06-30": "150.47500", "2013-03-31": "99.05400", "2012-12-31": "158.57790", "2012-09-30": "130.62100", "2012-06-30": "120.72000", "2012-03-31": "134.95800", "2011-12-31": "137.93400", "2011-09-30": "129.41500", "2011-06-30": "129.07100", "2011-03-31": "57.42300", "2010-12-31": "72.36500", "2010-09-30": "37.87200", "2010-06-30": "85.11200", "2010-03-31": "67.67700", "2009-12-31": "37.98200", "2009-09-30": "78.44100", "2009-06-30": "78.62200", "2009-03-31": "72.09800", "2008-12-31": "58.38800", "2008-09-30": "78.35700", "2008-06-30": "72.47600", "2008-03-31": "67.24700", "2007-12-31": "54.67100", "2007-09-30": "60.75500", "2007-06-30": "59.61500", "2007-03-31": "59.33800", "2006-12-31": "50.24500", "2006-09-30": "49.79400", "2006-06-30": "49.35900", "2006-03-31": "47.24600", "2005-12-31": "51.49100", "2005-09-30": "44.75800", "2005-06-30": "40.77400", "2005-03-31": "41.43800"}, "Total Non-Operating Income/Expense": {"2020-09-30": "-182.56300", "2020-06-30": "-203.19100", "2020-03-31": "-177.48500", "2019-12-31": "-129.28900", "2019-09-30": "-222.50700", "2019-06-30": "-153.18800", "2019-03-31": "-158.46400", "2018-12-31": "-222.07000", "2018-09-30": "-157.80100", "2018-06-30": "-118.88700", "2018-03-31": "-155.49400", "2017-12-31": "-227.40700", "2017-09-30": "-122.90200", "2017-06-30": "-136.11300", "2017-03-31": "-162.20800", "2016-12-31": "-156.82100", "2016-09-30": "-136.88800", "2016-06-30": "-132.35900", "2016-03-31": "-147.25000", "2015-12-31": "-130.90300", "2015-09-30": "-121.71400", "2015-06-30": "-137.74800", "2015-03-31": "-80.27400", "2014-12-31": "-125.29400", "2014-09-30": "-121.17600", "2014-06-30": "-121.94700", "2014-03-31": "-120.68500", "2013-12-31": "-127.50900", "2013-09-30": "-116.82400", "2013-06-30": "-106.74900", "2013-03-31": "-110.83900", "2012-12-31": "-87.85800", "2012-09-30": "-92.53900", "2012-06-30": "-89.19900", "2012-03-31": "-89.36900", "2011-12-31": "-88.72100", "2011-09-30": "-84.42900", "2011-06-30": "-81.48400", "2011-03-31": "-56.90200", "2010-12-31": "-46.34900", "2010-09-30": "-52.03400", "2010-06-30": "-42.51300", "2010-03-31": "-46.46300", "2009-12-31": "-16.88600", "2009-09-30": "-53.96900", "2009-06-30": "-26.10700", "2009-03-31": "-25.00100", "2008-12-31": "-44.99400", "2008-09-30": "-34.47000", "2008-06-30": "-33.33500", "2008-03-31": "-33.77600", "2007-12-31": "-33.94700", "2007-09-30": "-33.22100", "2007-06-30": "-31.69200", "2007-03-31": "-31.33000", "2006-12-31": "-24.96900", "2006-09-30": "-23.29000", "2006-06-30": "-22.32500", "2006-03-31": "-23.52300", "2005-12-31": "-23.41500", "2005-09-30": "-20.47700", "2005-06-30": "-37.52100", "2005-03-31": "-18.69700"}, "Pre-Tax Income": {"2020-09-30": "-81.34200", "2020-06-30": "4.25400", "2020-03-31": "75.69000", "2019-12-31": "165.82000", "2019-09-30": "78.38800", "2019-06-30": "162.37000", "2019-03-31": "136.31400", "2018-12-31": "84.09200", "2018-09-30": "60.90000", "2018-06-30": "159.11000", "2018-03-31": "119.38800", "2017-12-31": "-61.00700", "2017-09-30": "84.93800", "2017-06-30": "156.81600", "2017-03-31": "118.86900", "2016-12-31": "137.18500", "2016-09-30": "193.83400", "2016-06-30": "210.66500", "2016-03-31": "167.56900", "2015-12-31": "123.98100", "2015-09-30": "196.49800", "2015-06-30": "150.71700", "2015-03-31": "164.92100", "2014-12-31": "108.46000", "2014-09-30": "115.60100", "2014-06-30": "87.59600", "2014-03-31": "72.55600", "2013-12-31": "38.67400", "2013-09-30": "31.63000", "2013-06-30": "43.72600", "2013-03-31": "-11.78500", "2012-12-31": "70.72000", "2012-09-30": "38.08200", "2012-06-30": "31.52100", "2012-03-31": "45.58900", "2011-12-31": "49.21300", "2011-09-30": "44.98600", "2011-06-30": "47.58700", "2011-03-31": "0.52100", "2010-12-31": "26.01600", "2010-09-30": "-14.16200", "2010-06-30": "42.59900", "2010-03-31": "21.21400", "2009-12-31": "21.09600", "2009-09-30": "24.47200", "2009-06-30": "52.51500", "2009-03-31": "47.09700", "2008-12-31": "13.39400", "2008-09-30": "43.88700", "2008-06-30": "39.14100", "2008-03-31": "33.47100", "2007-12-31": "20.72400", "2007-09-30": "27.53400", "2007-06-30": "27.92300", "2007-03-31": "28.00800", "2006-12-31": "25.27600", "2006-09-30": "26.50400", "2006-06-30": "27.03400", "2006-03-31": "23.72300", "2005-12-31": "28.07600", "2005-09-30": "24.28100", "2005-06-30": "3.25300", "2005-03-31": "22.74100"}, "Income Taxes": {"2020-09-30": "2.00300", "2020-06-30": "2.23300", "2020-03-31": "5.44200", "2019-12-31": "-4.83200", "2019-09-30": "3.96800", "2019-06-30": "1.59900", "2019-03-31": "2.22200", "2018-12-31": "1.50400", "2018-09-30": "1.74100", "2018-06-30": "3.84100", "2018-03-31": "1.58800", "2017-12-31": "25.66200", "2017-09-30": "0.66900", "2017-06-30": "-8.44800", "2017-03-31": "2.24500", "2016-12-31": "-16.58500", "2016-09-30": "-0.30500", "2016-06-30": "-0.51300", "2016-03-31": "-1.72500", "2015-12-31": "2.68200", "2015-09-30": "-3.34400", "2015-06-30": "7.41700", "2015-03-31": "-0.30400", "2014-12-31": "5.10200", "2014-09-30": "-10.19800", "2014-06-30": "1.56900", "2014-03-31": "2.26000", "2013-12-31": "0.43600", "2013-09-30": "3.07700", "2013-06-30": "1.21500", "2013-03-31": "2.76300", "2012-12-31": "3.85900", "2012-09-30": "0.83600", "2012-06-30": "1.44700", "2012-03-31": "1.47000", "2011-12-31": "0.82500", "2011-09-30": "0.22300", "2011-06-30": "0.21100", "2011-03-31": "0.12900", "2010-12-31": "0.03800", "2010-09-30": "0.05200", "2010-06-30": "0.18800", "2010-03-31": "0.08400", "2009-12-31": "0.15200", "2009-09-30": "-0.05500", "2009-06-30": "0.02100", "2009-03-31": "0.05000", "2008-12-31": "0.13600", "2008-09-30": "-0.15300", "2008-06-30": "0.04400", "2008-03-31": "1.27900", "2007-12-31": "0.26900", "2007-09-30": "-0.02300", "2007-06-30": "-0.06900", "2007-03-31": "0.01100", "2006-12-31": "", "2006-09-30": "", "2006-06-30": "", "2006-03-31": "", "2005-12-31": "", "2005-09-30": "", "2005-06-30": "", "2005-03-31": ""}, "Income After Taxes": {"2020-09-30": "-83.34500", "2020-06-30": "2.02100", "2020-03-31": "70.24800", "2019-12-31": "170.65210", "2019-09-30": "74.42000", "2019-06-30": "160.77100", "2019-03-31": "134.09200", "2018-12-31": "82.58800", "2018-09-30": "59.15900", "2018-06-30": "155.26900", "2018-03-31": "117.80000", "2017-12-31": "-86.66900", "2017-09-30": "84.26900", "2017-06-30": "165.26400", "2017-03-31": "116.62400", "2016-12-31": "153.77000", "2016-09-30": "194.13900", "2016-06-30": "211.17800", "2016-03-31": "169.29400", "2015-12-31": "121.29900", "2015-09-30": "199.84200", "2015-06-30": "143.30000", "2015-03-31": "165.22500", "2014-12-31": "103.35800", "2014-09-30": "125.79900", "2014-06-30": "86.02700", "2014-03-31": "70.29600", "2013-12-31": "38.23800", "2013-09-30": "28.55300", "2013-06-30": "42.51100", "2013-03-31": "-14.54800", "2012-12-31": "66.86100", "2012-09-30": "37.24600", "2012-06-30": "30.07400", "2012-03-31": "44.11900", "2011-12-31": "48.38800", "2011-09-30": "44.76300", "2011-06-30": "47.37600", "2011-03-31": "0.39200", "2010-12-31": "25.97800", "2010-09-30": "-14.21400", "2010-06-30": "42.41100", "2010-03-31": "21.13000", "2009-12-31": "20.94400", "2009-09-30": "24.52700", "2009-06-30": "52.49400", "2009-03-31": "47.04700", "2008-12-31": "13.25800", "2008-09-30": "44.04000", "2008-06-30": "39.09700", "2008-03-31": "32.19200", "2007-12-31": "20.45500", "2007-09-30": "27.55700", "2007-06-30": "27.99200", "2007-03-31": "27.99700", "2006-12-31": "25.27600", "2006-09-30": "26.50400", "2006-06-30": "27.03400", "2006-03-31": "23.72300", "2005-12-31": "28.07600", "2005-09-30": "24.28100", "2005-06-30": "3.25300", "2005-03-31": "22.74100"}, "Other Income": {"2020-09-30": "", "2020-06-30": "", "2020-03-31": "", "2019-12-31": "", "2019-09-30": "", "2019-06-30": "", "2019-03-31": "", "2018-12-31": "", "2018-09-30": "", "2018-06-30": "", "2018-03-31": "", "2017-12-31": "", "2017-09-30": "", "2017-06-30": "", "2017-03-31": "", "2016-12-31": "", "2016-09-30": "", "2016-06-30": "", "2016-03-31": "", "2015-12-31": "", "2015-09-30": "", "2015-06-30": "", "2015-03-31": "", "2014-12-31": "", "2014-09-30": "", "2014-06-30": "", "2014-03-31": "", "2013-12-31": "", "2013-09-30": "", "2013-06-30": "", "2013-03-31": "", "2012-12-31": "", "2012-09-30": "", "2012-06-30": "", "2012-03-31": "", "2011-12-31": "", "2011-09-30": "", "2011-06-30": "", "2011-03-31": "", "2010-12-31": "", "2010-09-30": "", "2010-06-30": "", "2010-03-31": "", "2009-12-31": "", "2009-09-30": "", "2009-06-30": "", "2009-03-31": "", "2008-12-31": "", "2008-09-30": "", "2008-06-30": "", "2008-03-31": "", "2007-12-31": "", "2007-09-30": "", "2007-06-30": "", "2007-03-31": "", "2006-12-31": "", "2006-09-30": "", "2006-06-30": "", "2006-03-31": "", "2005-12-31": "", "2005-09-30": "", "2005-06-30": "", "2005-03-31": ""}, "Income From Continuous Operations": {"2020-09-30": "394.97800", "2020-06-30": "159.21600", "2020-03-31": "329.38000", "2019-12-31": "240.13600", "2019-09-30": "647.93200", "2019-06-30": "150.04000", "2019-03-31": "292.30200", "2018-12-31": "124.69600", "2018-09-30": "84.22600", "2018-06-30": "167.27300", "2018-03-31": "453.55500", "2017-12-31": "198.13200", "2017-09-30": "87.67700", "2017-06-30": "161.28600", "2017-03-31": "93.51800", "2016-12-31": "150.94100", "2016-09-30": "192.39000", "2016-06-30": "209.21900", "2016-03-31": "165.47400", "2015-12-31": "118.02600", "2015-09-30": "197.21100", "2015-06-30": "140.34800", "2015-03-31": "152.57700", "2014-12-31": "95.63600", "2014-09-30": "123.16700", "2014-06-30": "74.51100", "2014-03-31": "64.74000", "2013-12-31": "33.58100", "2013-09-30": "28.22200", "2013-06-30": "37.05000", "2013-03-31": "-12.28600", "2012-12-31": "67.09400", "2012-09-30": "36.50700", "2012-06-30": "31.53000", "2012-03-31": "45.65100", "2011-12-31": "50.00400", "2011-09-30": "46.40500", "2011-06-30": "48.34700", "2011-03-31": "1.93500", "2010-12-31": "28.15500", "2010-09-30": "-12.31500", "2010-06-30": "44.23900", "2010-03-31": "21.89800", "2009-12-31": "20.94400", "2009-09-30": "24.52700", "2009-06-30": "52.49400", "2009-03-31": "47.04700", "2008-12-31": "13.25800", "2008-09-30": "44.04000", "2008-06-30": "39.09700", "2008-03-31": "32.19200", "2007-12-31": "20.86300", "2007-09-30": "27.43600", "2007-06-30": "27.83100", "2007-03-31": "27.87100", "2006-12-31": "25.26300", "2006-09-30": "26.50400", "2006-06-30": "27.03400", "2006-03-31": "23.72300", "2005-12-31": "28.07600", "2005-09-30": "24.28100", "2005-06-30": "3.25300", "2005-03-31": "22.74100"}, "Income From Discontinued Operations": {"2020-09-30": "", "2020-06-30": "", "2020-03-31": "", "2019-12-31": "", "2019-09-30": "", "2019-06-30": "", "2019-03-31": "", "2018-12-31": "", "2018-09-30": "", "2018-06-30": "", "2018-03-31": "", "2017-12-31": "", "2017-09-30": "", "2017-06-30": "", "2017-03-31": "244.09200", "2016-12-31": "", "2016-09-30": "", "2016-06-30": "", "2016-03-31": "", "2015-12-31": "", "2015-09-30": "", "2015-06-30": "", "2015-03-31": "", "2014-12-31": "0.00000", "2014-09-30": "0.00000", "2014-06-30": "6.67500", "2014-03-31": "0.46000", "2013-12-31": "-7.88600", "2013-09-30": "5.38300", "2013-06-30": "-29.86900", "2013-03-31": "84.08500", "2012-12-31": "39.90700", "2012-09-30": "16.99900", "2012-06-30": "45.34500", "2012-03-31": "11.80700", "2011-12-31": "-7.66100", "2011-09-30": "5.94800", "2011-06-30": "37.86100", "2011-03-31": "29.87500", "2010-12-31": "17.87800", "2010-09-30": "12.40900", "2010-06-30": "6.82500", "2010-03-31": "9.79600", "2009-12-31": "15.89400", "2009-09-30": "0.15800", "2009-06-30": "12.26500", "2009-03-31": "19.59800", "2008-12-31": "14.13000", "2008-09-30": "15.28000", "2008-06-30": "122.16200", "2008-03-31": "3.26600", "2007-12-31": "25.27400", "2007-09-30": "3.41000", "2007-06-30": "4.10600", "2007-03-31": "1.80200", "2006-12-31": "-2.30500", "2006-09-30": "0.30900", "2006-06-30": "0.96700", "2006-03-31": "1.25500", "2005-12-31": "3.84500", "2005-09-30": "1.01600", "2005-06-30": "0.57700", "2005-03-31": "0.49800"}, "Net Income": {"2020-09-30": "325.58500", "2020-06-30": "179.24600", "2020-03-31": "310.28400", "2019-12-31": "224.32400", "2019-09-30": "589.87600", "2019-06-30": "137.76200", "2019-03-31": "280.47000", "2018-12-31": "101.76300", "2018-09-30": "64.38400", "2018-06-30": "154.43200", "2018-03-31": "437.67100", "2017-12-31": "-111.51600", "2017-09-30": "74.04300", "2017-06-30": "188.42900", "2017-03-31": "312.63900", "2016-12-31": "333.04390", "2016-09-30": "334.91000", "2016-06-30": "195.47400", "2016-03-31": "148.96900", "2015-12-31": "132.92900", "2015-09-30": "182.04300", "2015-06-30": "312.57300", "2015-03-31": "190.79900", "2014-12-31": "188.63900", "2014-09-30": "136.25500", "2014-06-30": "71.82900", "2014-03-31": "50.02200", "2013-12-31": "11.47300", "2013-09-30": "20.69100", "2013-06-30": "-8.50800", "2013-03-31": "55.05800", "2012-12-31": "90.57300", "2012-09-30": "37.26900", "2012-06-30": "54.73500", "2012-03-31": "39.30700", "2011-12-31": "27.28200", "2011-09-30": "36.60700", "2011-06-30": "69.84700", "2011-03-31": "23.37200", "2010-12-31": "39.98800", "2010-09-30": "-4.56300", "2010-06-30": "45.64600", "2010-03-31": "25.81200", "2009-12-31": "31.70100", "2009-09-30": "19.13000", "2009-06-30": "59.24000", "2009-03-31": "61.11900", "2008-12-31": "21.85000", "2008-09-30": "53.58900", "2008-06-30": "155.41000", "2008-03-31": "29.24900", "2007-12-31": "39.72000", "2007-09-30": "24.52900", "2007-06-30": "25.62000", "2007-03-31": "23.35600", "2006-12-31": "17.49400", "2006-09-30": "21.48000", "2006-06-30": "22.66800", "2006-03-31": "19.64500", "2005-12-31": "26.58700", "2005-09-30": "19.90800", "2005-06-30": "-1.60600", "2005-03-31": "17.80300"}, "EBITDA": {"2020-09-30": "359.05400", "2020-06-30": "476.10000", "2020-03-31": "530.63100", "2019-12-31": "560.76520", "2019-09-30": "576.72010", "2019-06-30": "567.37700", "2019-03-31": "544.70200", "2018-12-31": "554.50990", "2018-09-30": "466.59710", "2018-06-30": "518.73000", "2018-03-31": "507.97200", "2017-12-31": "409.46120", "2017-09-30": "442.41600", "2017-06-30": "522.24500", "2017-03-31": "512.72200", "2016-12-31": "525.28510", "2016-09-30": "551.09110", "2016-06-30": "571.71800", "2016-03-31": "544.86310", "2015-12-31": "479.97170", "2015-09-30": "527.41390", "2015-06-30": "499.16200", "2015-03-31": "435.45700", "2014-12-31": "430.72770", "2014-09-30": "440.44710", "2014-06-30": "425.48300", "2014-03-31": "428.49690", "2013-12-31": "411.14640", "2013-09-30": "391.62090", "2013-06-30": "353.37400", "2013-03-31": "290.54200", "2012-12-31": "301.80090", "2012-09-30": "267.63400", "2012-06-30": "257.26500", "2012-03-31": "267.11200", "2011-12-31": "263.98600", "2011-09-30": "248.64700", "2011-06-30": "243.28800", "2011-03-31": "135.87100", "2010-12-31": "134.73100", "2010-09-30": "94.57900", "2010-06-30": "136.38700", "2010-03-31": "114.18500", "2009-12-31": "83.80610", "2009-09-30": "122.51200", "2009-06-30": "122.80100", "2009-03-31": "116.64600", "2008-12-31": "103.89000", "2008-09-30": "125.16100", "2008-06-30": "114.27000", "2008-03-31": "110.08400", "2007-12-31": "99.47000", "2007-09-30": "103.05600", "2007-06-30": "95.84000", "2007-03-31": "93.91200", "2006-12-31": "-20.78200", "2006-09-30": "75.10100", "2006-06-30": "74.21400", "2006-03-31": "71.20100", "2005-12-31": "-11.36500", "2005-09-30": "67.42000", "2005-06-30": "63.46500", "2005-03-31": "62.87600"}, "EBIT": {"2020-09-30": "101.22110", "2020-06-30": "207.44490", "2020-03-31": "253.17500", "2019-12-31": "295.10910", "2019-09-30": "300.89510", "2019-06-30": "315.55790", "2019-03-31": "294.77800", "2018-12-31": "306.16190", "2018-09-30": "218.70110", "2018-06-30": "277.99700", "2018-03-31": "274.88200", "2017-12-31": "166.40010", "2017-09-30": "207.84000", "2017-06-30": "292.92900", "2017-03-31": "281.07700", "2016-12-31": "294.00610", "2016-09-30": "330.72210", "2016-06-30": "343.02400", "2016-03-31": "314.81910", "2015-12-31": "254.88390", "2015-09-30": "318.21200", "2015-06-30": "288.46500", "2015-03-31": "245.19500", "2014-12-31": "233.75370", "2014-09-30": "236.77700", "2014-06-30": "209.54300", "2014-03-31": "193.24100", "2013-12-31": "166.18300", "2013-09-30": "148.45400", "2013-06-30": "150.47500", "2013-03-31": "99.05400", "2012-12-31": "158.57780", "2012-09-30": "130.62100", "2012-06-30": "120.72000", "2012-03-31": "134.95800", "2011-12-31": "137.93400", "2011-09-30": "129.41500", "2011-06-30": "129.07100", "2011-03-31": "57.42300", "2010-12-31": "72.36500", "2010-09-30": "37.87200", "2010-06-30": "85.11200", "2010-03-31": "67.67700", "2009-12-31": "37.98200", "2009-09-30": "78.44100", "2009-06-30": "78.62200", "2009-03-31": "72.09800", "2008-12-31": "58.38800", "2008-09-30": "78.35700", "2008-06-30": "72.47600", "2008-03-31": "67.24700", "2007-12-31": "54.67100", "2007-09-30": "60.75500", "2007-06-30": "59.61500", "2007-03-31": "59.33800", "2006-12-31": "50.24500", "2006-09-30": "49.79400", "2006-06-30": "49.35900", "2006-03-31": "47.24600", "2005-12-31": "51.49100", "2005-09-30": "44.75800", "2005-06-30": "40.77400", "2005-03-31": "41.43800"}, "Basic Shares Outstanding": {"2020-09-30": "417.02700", "2020-06-30": "417.08400", "2020-03-31": "410.30600", "2019-12-31": "401.84500", "2019-09-30": "405.02300", "2019-06-30": "404.60700", "2019-03-31": "391.47400", "2018-12-31": "373.62000", "2018-09-30": "373.02300", "2018-06-30": "371.64000", "2018-03-31": "371.42600", "2017-12-31": "367.23700", "2017-09-30": "369.08900", "2017-06-30": "366.52400", "2017-03-31": "362.53400", "2016-12-31": "358.27500", "2016-09-30": "358.93200", "2016-06-30": "356.64600", "2016-03-31": "355.07600", "2015-12-31": "348.24000", "2015-09-30": "351.76500", "2015-06-30": "350.39900", "2015-03-31": "336.75400", "2014-12-31": "306.27200", "2014-09-30": "311.11700", "2014-06-30": "296.25600", "2014-03-31": "289.60600", "2013-12-31": "276.92900", "2013-09-30": "286.02000", "2013-06-30": "273.09100", "2013-03-31": "260.03600", "2012-12-31": "224.34300", "2012-09-30": "224.39100", "2012-06-30": "213.49800", "2012-03-31": "199.66100", "2011-12-31": "185.91300", "2011-09-30": "177.27200", "2011-06-30": "176.44500", "2011-03-31": "154.94500", "2010-12-31": "138.12600", "2010-09-30": "125.29800", "2010-06-30": "123.80800", "2010-03-31": "123.27000", "2009-12-31": "114.20700", "2009-09-30": "114.87400", "2009-06-30": "110.86400", "2009-03-31": "108.21400", "2008-12-31": "93.73200", "2008-09-30": "96.04000", "2008-06-30": "89.29400", "2008-03-31": "86.10000", "2007-12-31": "78.86100", "2007-09-30": "80.71000", "2007-06-30": "79.06000", "2007-03-31": "73.22400", "2006-12-31": "64.27700", "2006-09-30": "62.52400", "2006-06-30": "61.54800", "2006-03-31": "58.17800", "2005-12-31": "55.99200", "2005-09-30": "54.03800", "2005-06-30": "53.42900", "2005-03-31": "52.96300"}, "Shares Outstanding": {"2020-09-30": "418.98700", "2020-06-30": "419.12100", "2020-03-31": "412.42000", "2019-12-31": "403.80800", "2019-09-30": "406.89100", "2019-06-30": "406.67300", "2019-03-31": "393.45200", "2018-12-31": "375.25000", "2018-09-30": "374.48700", "2018-06-30": "373.07500", "2018-03-31": "373.25700", "2017-12-31": "369.00100", "2017-09-30": "370.74000", "2017-06-30": "368.14900", "2017-03-31": "364.65200", "2016-12-31": "360.22700", "2016-09-30": "361.23700", "2016-06-30": "358.89100", "2016-03-31": "356.05100", "2015-12-31": "349.42400", "2015-09-30": "353.10700", "2015-06-30": "351.36600", "2015-03-31": "337.81200", "2014-12-31": "307.74700", "2014-09-30": "312.81200", "2014-06-30": "297.99500", "2014-03-31": "290.91700", "2013-12-31": "278.76100", "2013-09-30": "288.02900", "2013-06-30": "276.48100", "2013-03-31": "260.03600", "2012-12-31": "225.95300", "2012-09-30": "226.25800", "2012-06-30": "215.13800", "2012-03-31": "201.65800", "2011-12-31": "186.52900", "2011-09-30": "177.84900", "2011-06-30": "177.48800", "2011-03-31": "155.48500", "2010-12-31": "138.73800", "2010-09-30": "125.29800", "2010-06-30": "124.32400", "2010-03-31": "123.79000", "2009-12-31": "114.61200", "2009-09-30": "115.28900", "2009-06-30": "111.27200", "2009-03-31": "108.62400", "2008-12-31": "94.30900", "2008-09-30": "96.84900", "2008-06-30": "89.85300", "2008-03-31": "86.61000", "2007-12-31": "79.40900", "2007-09-30": "81.16300", "2007-06-30": "79.54600", "2007-03-31": "73.79100", "2006-12-31": "64.68700", "2006-09-30": "62.86600", "2006-06-30": "61.86800", "2006-03-31": "58.53500", "2005-12-31": "56.36800", "2005-09-30": "54.35900", "2005-06-30": "53.42900", "2005-03-31": "53.45400"}, "Basic EPS": {"2020-09-30": "0.78000", "2020-06-30": "0.43000", "2020-03-31": "0.76000", "2019-12-31": "0.55000", "2019-09-30": "1.46000", "2019-06-30": "0.34000", "2019-03-31": "0.72000", "2018-12-31": "0.26000", "2018-09-30": "0.17000", "2018-06-30": "0.42000", "2018-03-31": "1.18000", "2017-12-31": "-0.31000", "2017-09-30": "0.20000", "2017-06-30": "0.51000", "2017-03-31": "0.86000", "2016-12-31": "0.93000", "2016-09-30": "0.93000", "2016-06-30": "0.55000", "2016-03-31": "0.42000", "2015-12-31": "0.37000", "2015-09-30": "0.52000", "2015-06-30": "0.89000", "2015-03-31": "0.57000", "2014-12-31": "0.61000", "2014-09-30": "0.44000", "2014-06-30": "0.24000", "2014-03-31": "0.17000", "2013-12-31": "0.03000", "2013-09-30": "0.07000", "2013-06-30": "-0.03000", "2013-03-31": "0.21000", "2012-12-31": "0.36000", "2012-09-30": "0.17000", "2012-06-30": "0.26000", "2012-03-31": "0.20000", "2011-12-31": "0.15000", "2011-09-30": "0.21000", "2011-06-30": "0.40000", "2011-03-31": "0.15000", "2010-12-31": "0.29000", "2010-09-30": "-0.04000", "2010-06-30": "0.37000", "2010-03-31": "0.21000", "2009-12-31": "0.24000", "2009-09-30": "0.17000", "2009-06-30": "0.53000", "2009-03-31": "0.56000", "2008-12-31": "0.13000", "2008-09-30": "0.56000", "2008-06-30": "1.74000", "2008-03-31": "0.34000", "2007-12-31": "0.50000", "2007-09-30": "0.30000", "2007-06-30": "0.32000", "2007-03-31": "0.32000", "2006-12-31": "0.27000", "2006-09-30": "0.34000", "2006-06-30": "0.37000", "2006-03-31": "0.34000", "2005-12-31": "0.47000", "2005-09-30": "0.37000", "2005-06-30": "-0.03000", "2005-03-31": "0.34000"}, "EPS - Earnings Per Share": {"2020-09-30": "0.77000", "2020-06-30": "0.42000", "2020-03-31": "0.75000", "2019-12-31": "0.55000", "2019-09-30": "1.45000", "2019-06-30": "0.34000", "2019-03-31": "0.71000", "2018-12-31": "0.27000", "2018-09-30": "0.17000", "2018-06-30": "0.41000", "2018-03-31": "1.17000", "2017-12-31": "-0.31000", "2017-09-30": "0.20000", "2017-06-30": "0.51000", "2017-03-31": "0.86000", "2016-12-31": "0.92000", "2016-09-30": "0.93000", "2016-06-30": "0.54000", "2016-03-31": "0.42000", "2015-12-31": "0.37000", "2015-09-30": "0.52000", "2015-06-30": "0.89000", "2015-03-31": "0.56000", "2014-12-31": "0.60000", "2014-09-30": "0.44000", "2014-06-30": "0.24000", "2014-03-31": "0.17000", "2013-12-31": "0.03000", "2013-09-30": "0.07000", "2013-06-30": "-0.03000", "2013-03-31": "0.21000", "2012-12-31": "0.38000", "2012-09-30": "0.16000", "2012-06-30": "0.25000", "2012-03-31": "0.19000", "2011-12-31": "0.15000", "2011-09-30": "0.21000", "2011-06-30": "0.39000", "2011-03-31": "0.15000", "2010-12-31": "0.29000", "2010-09-30": "-0.04000", "2010-06-30": "0.37000", "2010-03-31": "0.21000", "2009-12-31": "0.23000", "2009-09-30": "0.17000", "2009-06-30": "0.53000", "2009-03-31": "0.56000", "2008-12-31": "0.14000", "2008-09-30": "0.55000", "2008-06-30": "1.73000", "2008-03-31": "0.34000", "2007-12-31": "0.49000", "2007-09-30": "0.30000", "2007-06-30": "0.32000", "2007-03-31": "0.32000", "2006-12-31": "0.27000", "2006-09-30": "0.34000", "2006-06-30": "0.37000", "2006-03-31": "0.34000", "2005-12-31": "0.47000", "2005-09-30": "0.37000", "2005-06-30": "-0.03000", "2005-03-31": "0.33000"}}, "balance sheet": {"Cash On Hand": {"2019-12-31": "385.76600", "2018-12-31": "316.12900", "2017-12-31": "309.30300", "2016-12-31": "607.22000", "2015-12-31": "422.69000", "2014-12-31": "553.42300", "2013-12-31": "231.60100", "2012-12-31": "1141.42100", "2011-12-31": "233.10200", "2010-12-31": "210.63900", "2009-12-31": "58.71300", "2008-12-31": "177.44000", "2007-12-31": "47.84400", "2006-12-31": "36.21600", "2005-12-31": "36.23700"}, "Receivables": {"2019-12-31": "1223.97000", "2018-12-31": "1053.93900", "2017-12-31": "950.15900", "2016-12-31": "1168.87600", "2015-12-31": "1101.86800", "2014-12-31": "745.83200", "2013-12-31": "553.31000", "2012-12-31": "411.09500", "2011-12-31": "380.52700", "2010-12-31": "328.98800", "2009-12-31": "199.33900", "2008-12-31": "158.80300", "2007-12-31": "121.48500", "2006-12-31": "96.14400", "2005-12-31": "71.21100"}, "Inventory": {"2019-12-31": "", "2018-12-31": "", "2017-12-31": "", "2016-12-31": "", "2015-12-31": "", "2014-12-31": "", "2013-12-31": "", "2012-12-31": "", "2011-12-31": "", "2010-12-31": "", "2009-12-31": "", "2008-12-31": "", "2007-12-31": "", "2006-12-31": "", "2005-12-31": ""}, "Pre-Paid Expenses": {"2019-12-31": "", "2018-12-31": "", "2017-12-31": "", "2016-12-31": "", "2015-12-31": "", "2014-12-31": "", "2013-12-31": "", "2012-12-31": "", "2011-12-31": "", "2010-12-31": "", "2009-12-31": "", "2008-12-31": "", "2007-12-31": "", "2006-12-31": "", "2005-12-31": ""}, "Other Current Assets": {"2019-12-31": "", "2018-12-31": "", "2017-12-31": "", "2016-12-31": "", "2015-12-31": "", "2014-12-31": "", "2013-12-31": "", "2012-12-31": "", "2011-12-31": "", "2010-12-31": "", "2009-12-31": "", "2008-12-31": "", "2007-12-31": "", "2006-12-31": "", "2005-12-31": ""}, "Total Current Assets": {"2019-12-31": "1880.11800", "2018-12-31": "1700.40700", "2017-12-31": "1686.96100", "2016-12-31": "2392.16100", "2015-12-31": "2344.05000", "2014-12-31": "1679.42400", "2013-12-31": "1117.05700", "2012-12-31": "2448.18100", "2011-12-31": "906.13600", "2010-12-31": "974.93100", "2009-12-31": "680.23200", "2008-12-31": "811.62800", "2007-12-31": "543.31700", "2006-12-31": "319.40200", "2005-12-31": "295.04100"}, "Property, Plant, And Equipment": {"2019-12-31": "30312.46000", "2018-12-31": "28090.43000", "2017-12-31": "25743.58000", "2016-12-31": "25947.56000", "2015-12-31": "26069.19000", "2014-12-31": "22471.03000", "2013-12-31": "21348.07000", "2012-12-31": "16527.34000", "2011-12-31": "13649.84000", "2010-12-31": "8155.52900", "2009-12-31": "5658.44000", "2008-12-31": "5378.79400", "2007-12-31": "4638.63200", "2006-12-31": "3935.85100", "2005-12-31": "2661.92500"}, "Long-Term Investments": {"2019-12-31": "", "2018-12-31": "", "2017-12-31": "", "2016-12-31": "", "2015-12-31": "", "2014-12-31": "", "2013-12-31": "", "2012-12-31": "", "2011-12-31": "", "2010-12-31": "", "2009-12-31": "", "2008-12-31": "", "2007-12-31": "", "2006-12-31": "", "2005-12-31": ""}, "Goodwill And Intangible Assets": {"2019-12-31": "68.32100", "2018-12-31": "68.32100", "2017-12-31": "68.32100", "2016-12-31": "68.32100", "2015-12-31": "68.32100", "2014-12-31": "68.32100", "2013-12-31": "68.32100", "2012-12-31": "68.32100", "2011-12-31": "68.32100", "2010-12-31": "51.20700", "2009-12-31": "", "2008-12-31": "", "2007-12-31": "", "2006-12-31": "", "2005-12-31": ""}, "Other Long-Term Assets": {"2019-12-31": "583.42300", "2018-12-31": "482.91400", "2017-12-31": "445.58500", "2016-12-31": "457.13800", "2015-12-31": "542.28100", "2014-12-31": "744.15100", "2013-12-31": "479.62900", "2012-12-31": "438.93600", "2011-12-31": "241.72200", "2010-12-31": "237.10700", "2009-12-31": "5.81600", "2008-12-31": "1.03000", "2007-12-31": "1.40800", "2006-12-31": "4.70000", "2005-12-31": "2.97000"}, "Total Long-Term Assets": {"2019-12-31": "30964.20000", "2018-12-31": "28641.66000", "2017-12-31": "26257.48000", "2016-12-31": "26473.02000", "2015-12-31": "26679.79000", "2014-12-31": "23283.50000", "2013-12-31": "21966.90000", "2012-12-31": "17100.93000", "2011-12-31": "14018.47000", "2010-12-31": "8476.80300", "2009-12-31": "5686.95400", "2008-12-31": "5403.40300", "2007-12-31": "4670.53900", "2006-12-31": "3961.20800", "2005-12-31": "2677.12300"}, "Total Assets": {"2019-12-31": "33380.75000", "2018-12-31": "30342.07000", "2017-12-31": "27944.45000", "2016-12-31": "28865.18000", "2015-12-31": "29023.85000", "2014-12-31": "24962.92000", "2013-12-31": "23083.96000", "2012-12-31": "19549.11000", "2011-12-31": "14924.61000", "2010-12-31": "9451.73400", "2009-12-31": "6367.18600", "2008-12-31": "6215.03100", "2007-12-31": "5213.85600", "2006-12-31": "4280.61000", "2005-12-31": "2972.16400"}, "Total Current Liabilities": {"2019-12-31": "1009.48200", "2018-12-31": "1034.28300", "2017-12-31": "911.86300", "2016-12-31": "827.03400", "2015-12-31": "697.19100", "2014-12-31": "626.82500", "2013-12-31": "640.57300", "2012-12-31": "462.09900", "2011-12-31": "371.55700", "2010-12-31": "244.34500", "2009-12-31": "145.71300", "2008-12-31": "129.07000", "2007-12-31": "95.14500", "2006-12-31": "101.58800", "2005-12-31": "40.59000"}, "Long Term Debt": {"2019-12-31": "14915.07000", "2018-12-31": "13226.48000", "2017-12-31": "11731.94000", "2016-12-31": "12358.25000", "2015-12-31": "12967.69000", "2014-12-31": "10776.64000", "2013-12-31": "10652.01000", "2012-12-31": "8531.89800", "2011-12-31": "7240.75200", "2010-12-31": "4469.73600", "2009-12-31": "2414.02200", "2008-12-31": "2847.67600", "2007-12-31": "2704.66800", "2006-12-31": "2145.78600", "2005-12-31": "1500.81800"}, "Other Non-Current Liabilities": {"2019-12-31": "", "2018-12-31": "", "2017-12-31": "", "2016-12-31": "", "2015-12-31": "", "2014-12-31": "", "2013-12-31": "", "2012-12-31": "", "2011-12-31": "", "2010-12-31": "", "2009-12-31": "", "2008-12-31": "", "2007-12-31": "", "2006-12-31": "52.21500", "2005-12-31": ""}, "Total Long Term Liabilities": {"2019-12-31": "15390.95000", "2018-12-31": "13650.52000", "2017-12-31": "12107.13000", "2016-12-31": "12756.68000", "2015-12-31": "13150.77000", "2014-12-31": "10863.05000", "2013-12-31": "10687.05000", "2012-12-31": "8566.49000", "2011-12-31": "7274.40200", "2010-12-31": "4474.28900", "2009-12-31": "2414.02200", "2008-12-31": "2847.67600", "2007-12-31": "2714.35500", "2006-12-31": "2200.22900", "2005-12-31": "1500.81800"}, "Total Liabilities": {"2019-12-31": "16874.12000", "2018-12-31": "14755.47000", "2017-12-31": "13018.99000", "2016-12-31": "13583.71000", "2015-12-31": "13847.96000", "2014-12-31": "11489.87000", "2013-12-31": "11327.63000", "2012-12-31": "9028.59000", "2011-12-31": "7645.95900", "2010-12-31": "4718.63400", "2009-12-31": "2559.73500", "2008-12-31": "2976.74600", "2007-12-31": "2809.50000", "2006-12-31": "2301.81700", "2005-12-31": "1541.40800"}, "Common Stock Net": {"2019-12-31": "411.00500", "2018-12-31": "384.46500", "2017-12-31": "372.44900", "2016-12-31": "363.07100", "2015-12-31": "354.81100", "2014-12-31": "328.83500", "2013-12-31": "289.46100", "2012-12-31": "260.39600", "2011-12-31": "192.29900", "2010-12-31": "147.15500", "2009-12-31": "123.38500", "2008-12-31": "104.63500", "2007-12-31": "85.41200", "2006-12-31": "73.15200", "2005-12-31": "58.05000"}, "Retained Earnings (Accumulated Deficit)": {"2019-12-31": "-4869.56800", "2018-12-31": "-4697.02200", "2017-12-31": "-4155.13200", "2016-12-31": "-3341.40600", "2015-12-31": "-3120.28400", "2014-12-31": "-2793.90100", "2013-12-31": "-2270.98500", "2012-12-31": "-1509.76000", "2011-12-31": "-1078.32300", "2010-12-31": "-751.68510", "2009-12-31": "-509.98900", "2008-12-31": "-369.41890", "2007-12-31": "-372.70400", "2006-12-31": "-306.00700", "2005-12-31": "-208.92900"}, "Comprehensive Income": {"2019-12-31": "-112.15700", "2018-12-31": "-129.76900", "2017-12-31": "-111.46500", "2016-12-31": "-169.53100", "2015-12-31": "-88.24300", "2014-12-31": "-77.00900", "2013-12-31": "-24.53100", "2012-12-31": "-11.02800", "2011-12-31": "-11.92800", "2010-12-31": "-11.09900", "2009-12-31": "-2.89100", "2008-12-31": "-1.11300", "2007-12-31": "-7.38100", "2006-12-31": "-0.13500", "2005-12-31": "0.00000"}, "Other Share Holders Equity": {"2019-12-31": "0.01200", "2018-12-31": "0.29400", "2017-12-31": "0.67000", "2016-12-31": "3.05900", "2015-12-31": "4.09800", "2014-12-31": "5.50700", "2013-12-31": "6.02000", "2012-12-31": "6.46100", "2011-12-31": "6.12000", "2010-12-31": "5.69700", "2009-12-31": "4.80400", "2008-12-31": "4.10500", "2007-12-31": "2.70100", "2006-12-31": "1.84500", "2005-12-31": "0.34300"}, "Share Holder Equity": {"2019-12-31": "16506.63000", "2018-12-31": "15586.60000", "2017-12-31": "14925.45000", "2016-12-31": "15281.47000", "2015-12-31": "15175.88000", "2014-12-31": "13473.05000", "2013-12-31": "11756.33000", "2012-12-31": "10520.52000", "2011-12-31": "7278.64700", "2010-12-31": "4733.10000", "2009-12-31": "3807.45100", "2008-12-31": "3238.28500", "2007-12-31": "2404.35600", "2006-12-31": "1978.79300", "2005-12-31": "1430.75600"}, "Total Liabilities And Share Holders Equity": {"2019-12-31": "33380.75000", "2018-12-31": "30342.07000", "2017-12-31": "27944.45000", "2016-12-31": "28865.18000", "2015-12-31": "29023.85000", "2014-12-31": "24962.92000", "2013-12-31": "23083.96000", "2012-12-31": "19549.11000", "2011-12-31": "14924.61000", "2010-12-31": "9451.73400", "2009-12-31": "6367.18600", "2008-12-31": "6215.03100", "2007-12-31": "5213.85600", "2006-12-31": "4280.61000", "2005-12-31": "2972.16400"}}, "balance sheet, quarterly": {"Cash On Hand": {"2020-09-30": "2155.33300", "2020-06-30": "1826.24300", "2020-03-31": "393.06600", "2019-12-31": "385.76600", "2019-09-30": "330.73500", "2019-06-30": "359.71800", "2019-03-31": "407.43900", "2018-12-31": "316.12900", "2018-09-30": "281.28500", "2018-06-30": "272.38300", "2018-03-31": "264.11900", "2017-12-31": "309.30300", "2017-09-30": "295.31100", "2017-06-30": "487.64100", "2017-03-31": "423.13700", "2016-12-31": "607.22000", "2016-09-30": "511.75400", "2016-06-30": "525.02500", "2016-03-31": "418.12500", "2015-12-31": "422.69000", "2015-09-30": "366.80000", "2015-06-30": "290.64800", "2015-03-31": "287.45000", "2014-12-31": "553.42300", "2014-09-30": "1116.84500", "2014-06-30": "272.49300", "2014-03-31": "253.72500", "2013-12-31": "231.60100", "2013-09-30": "245.72800", "2013-06-30": "725.28400", "2013-03-31": "495.20200", "2012-12-31": "1141.42100", "2012-09-30": "1522.65600", "2012-06-30": "284.51400", "2012-03-31": "552.71600", "2011-12-31": "233.10200", "2011-09-30": "193.35100", "2011-06-30": "371.25500", "2011-03-31": "2706.71700", "2010-12-31": "210.63900", "2010-09-30": "242.37100", "2010-06-30": "115.07900", "2010-03-31": "54.25000", "2009-12-31": "58.71300", "2009-09-30": "119.84600", "2009-06-30": "98.33800", "2009-03-31": "35.53800", "2008-12-31": "177.44000", "2008-09-30": "101.46200", "2008-06-30": "174.77200", "2008-03-31": "32.28200", "2007-12-31": "47.84400", "2007-09-30": "31.44000", "2007-06-30": "38.47200", "2007-03-31": "31.29300", "2006-12-31": "36.21600", "2006-09-30": "15.49000", "2006-06-30": "15.20000", "2006-03-31": "25.75800", "2005-12-31": "36.23700", "2005-09-30": "27.11900", "2005-06-30": "15.06700", "2005-03-31": "17.42900"}, "Receivables": {"2020-09-30": "1147.25000", "2020-06-30": "1325.97300", "2020-03-31": "1384.02600", "2019-12-31": "1223.97000", "2019-09-30": "1202.67000", "2019-06-30": "1136.35800", "2019-03-31": "1084.40300", "2018-12-31": "1053.93900", "2018-09-30": "1038.25200", "2018-06-30": "1089.28700", "2018-03-31": "1032.67000", "2017-12-31": "950.15900", "2017-09-30": "1019.24800", "2017-06-30": "1003.39900", "2017-03-31": "1056.32300", "2016-12-31": "1168.87600", "2016-09-30": "1268.73700", "2016-06-30": "1137.66100", "2016-03-31": "1118.15300", "2015-12-31": "1101.86800", "2015-09-30": "1048.90900", "2015-06-30": "948.35200", "2015-03-31": "949.03100", "2014-12-31": "745.83200", "2014-09-30": "668.98800", "2014-06-30": "574.72700", "2014-03-31": "534.68400", "2013-12-31": "553.31000", "2013-09-30": "585.07000", "2013-06-30": "598.71700", "2013-03-31": "490.67000", "2012-12-31": "411.09500", "2012-09-30": "391.35000", "2012-06-30": "407.07700", "2012-03-31": "381.13400", "2011-12-31": "380.52700", "2011-09-30": "337.15900", "2011-06-30": "342.15400", "2011-03-31": "322.45900", "2010-12-31": "328.98800", "2010-09-30": "252.33000", "2010-06-30": "208.06700", "2010-03-31": "192.83400", "2009-12-31": "199.33900", "2009-09-30": "157.61100", "2009-06-30": "132.23300", "2009-03-31": "146.40500", "2008-12-31": "158.80300", "2008-09-30": "137.02800", "2008-06-30": "133.95000", "2008-03-31": "171.83300", "2007-12-31": "121.48500", "2007-09-30": "117.42700", "2007-06-30": "109.81600", "2007-03-31": "98.51000", "2006-12-31": "96.14400", "2006-09-30": "73.13200", "2006-06-30": "71.87700", "2006-03-31": "62.26700", "2005-12-31": "71.21100", "2005-09-30": "81.41200", "2005-06-30": "82.55600", "2005-03-31": "79.63300"}, "Inventory": {"2020-09-30": "", "2020-06-30": "", "2020-03-31": "", "2019-12-31": "", "2019-09-30": "", "2019-06-30": "", "2019-03-31": "", "2018-12-31": "", "2018-09-30": "", "2018-06-30": "", "2018-03-31": "", "2017-12-31": "", "2017-09-30": "", "2017-06-30": "", "2017-03-31": "", "2016-12-31": "", "2016-09-30": "", "2016-06-30": "", "2016-03-31": "", "2015-12-31": "", "2015-09-30": "", "2015-06-30": "", "2015-03-31": "", "2014-12-31": "", "2014-09-30": "", "2014-06-30": "", "2014-03-31": "", "2013-12-31": "", "2013-09-30": "", "2013-06-30": "", "2013-03-31": "", "2012-12-31": "", "2012-09-30": "", "2012-06-30": "", "2012-03-31": "", "2011-12-31": "", "2011-09-30": "", "2011-06-30": "", "2011-03-31": "", "2010-12-31": "", "2010-09-30": "", "2010-06-30": "", "2010-03-31": "", "2009-12-31": "", "2009-09-30": "", "2009-06-30": "", "2009-03-31": "", "2008-12-31": "", "2008-09-30": "", "2008-06-30": "", "2008-03-31": "", "2007-12-31": "", "2007-09-30": "", "2007-06-30": "", "2007-03-31": "", "2006-12-31": "", "2006-09-30": "", "2006-06-30": "", "2006-03-31": "", "2005-12-31": "", "2005-09-30": "", "2005-06-30": "", "2005-03-31": ""}, "Pre-Paid Expenses": {"2020-09-30": "", "2020-06-30": "", "2020-03-31": "", "2019-12-31": "", "2019-09-30": "", "2019-06-30": "", "2019-03-31": "", "2018-12-31": "", "2018-09-30": "", "2018-06-30": "", "2018-03-31": "", "2017-12-31": "", "2017-09-30": "", "2017-06-30": "", "2017-03-31": "", "2016-12-31": "", "2016-09-30": "", "2016-06-30": "", "2016-03-31": "", "2015-12-31": "", "2015-09-30": "", "2015-06-30": "", "2015-03-31": "", "2014-12-31": "", "2014-09-30": "", "2014-06-30": "", "2014-03-31": "", "2013-12-31": "", "2013-09-30": "", "2013-06-30": "", "2013-03-31": "", "2012-12-31": "", "2012-09-30": "", "2012-06-30": "", "2012-03-31": "", "2011-12-31": "", "2011-09-30": "", "2011-06-30": "", "2011-03-31": "", "2010-12-31": "", "2010-09-30": "", "2010-06-30": "", "2010-03-31": "", "2009-12-31": "", "2009-09-30": "", "2009-06-30": "", "2009-03-31": "", "2008-12-31": "", "2008-09-30": "", "2008-06-30": "", "2008-03-31": "", "2007-12-31": "", "2007-09-30": "", "2007-06-30": "", "2007-03-31": "", "2006-12-31": "", "2006-09-30": "", "2006-06-30": "", "2006-03-31": "", "2005-12-31": "", "2005-09-30": "", "2005-06-30": "", "2005-03-31": ""}, "Other Current Assets": {"2020-09-30": "", "2020-06-30": "", "2020-03-31": "", "2019-12-31": "", "2019-09-30": "", "2019-06-30": "", "2019-03-31": "", "2018-12-31": "", "2018-09-30": "", "2018-06-30": "", "2018-03-31": "", "2017-12-31": "", "2017-09-30": "", "2017-06-30": "", "2017-03-31": "", "2016-12-31": "", "2016-09-30": "", "2016-06-30": "", "2016-03-31": "", "2015-12-31": "", "2015-09-30": "", "2015-06-30": "", "2015-03-31": "", "2014-12-31": "", "2014-09-30": "", "2014-06-30": "", "2014-03-31": "", "2013-12-31": "", "2013-09-30": "", "2013-06-30": "", "2013-03-31": "", "2012-12-31": "", "2012-09-30": "", "2012-06-30": "", "2012-03-31": "", "2011-12-31": "", "2011-09-30": "", "2011-06-30": "", "2011-03-31": "", "2010-12-31": "", "2010-09-30": "", "2010-06-30": "", "2010-03-31": "", "2009-12-31": "", "2009-09-30": "", "2009-06-30": "", "2009-03-31": "", "2008-12-31": "", "2008-09-30": "", "2008-06-30": "", "2008-03-31": "", "2007-12-31": "", "2007-09-30": "", "2007-06-30": "", "2007-03-31": "", "2006-12-31": "", "2006-09-30": "", "2006-06-30": "", "2006-03-31": "", "2005-12-31": "", "2005-09-30": "", "2005-06-30": "", "2005-03-31": ""}, "Total Current Assets": {"2020-09-30": "3717.28900", "2020-06-30": "3377.08700", "2020-03-31": "1998.32000", "2019-12-31": "1880.11800", "2019-09-30": "1894.93500", "2019-06-30": "1865.07000", "2019-03-31": "1842.92700", "2018-12-31": "1700.40700", "2018-09-30": "1660.36100", "2018-06-30": "1742.76500", "2018-03-31": "1664.61100", "2017-12-31": "1686.96100", "2017-09-30": "1806.00300", "2017-06-30": "2005.70800", "2017-03-31": "2047.34400", "2016-12-31": "2392.16100", "2016-09-30": "2410.51100", "2016-06-30": "2310.36300", "2016-03-31": "2261.56900", "2015-12-31": "2344.05000", "2015-09-30": "2168.62100", "2015-06-30": "1999.54300", "2015-03-31": "1981.74800", "2014-12-31": "1679.42400", "2014-09-30": "2104.05400", "2014-06-30": "1214.40600", "2014-03-31": "1139.81000", "2013-12-31": "1117.05700", "2013-09-30": "1138.17500", "2013-06-30": "1636.35700", "2013-03-31": "1262.74800", "2012-12-31": "2448.18100", "2012-09-30": "2198.91400", "2012-06-30": "991.59110", "2012-03-31": "1232.71800", "2011-12-31": "906.13600", "2011-09-30": "849.29800", "2011-06-30": "1038.36800", "2011-03-31": "3475.00300", "2010-12-31": "974.93100", "2010-09-30": "910.08100", "2010-06-30": "789.92600", "2010-03-31": "686.51600", "2009-12-31": "680.23200", "2009-09-30": "764.69400", "2009-06-30": "711.78700", "2009-03-31": "655.02200", "2008-12-31": "811.62800", "2008-09-30": "732.95500", "2008-06-30": "798.44900", "2008-03-31": "584.95900", "2007-12-31": "543.31700", "2007-09-30": "413.44600", "2007-06-30": "391.12000", "2007-03-31": "379.34200", "2006-12-31": "319.40200", "2006-09-30": "298.33600", "2006-06-30": "258.39800", "2006-03-31": "259.01800", "2005-12-31": "295.04100", "2005-09-30": "337.62900", "2005-06-30": "335.93100", "2005-03-31": "333.01100"}, "Property, Plant, And Equipment": {"2020-09-30": "27452.54000", "2020-06-30": "28427.72000", "2020-03-31": "29630.67000", "2019-12-31": "30312.46000", "2019-09-30": "28807.16000", "2019-06-30": "30145.58000", "2019-03-31": "27739.39000", "2018-12-31": "28090.43000", "2018-09-30": "28097.24000", "2018-06-30": "25357.87000", "2018-03-31": "25573.30000", "2017-12-31": "25743.58000", "2017-09-30": "25898.55000", "2017-06-30": "25476.27000", "2017-03-31": "25235.50000", "2016-12-31": "25947.56000", "2016-09-30": "26898.13000", "2016-06-30": "26042.75000", "2016-03-31": "26213.33000", "2015-12-31": "26069.19000", "2015-09-30": "24596.88000", "2015-06-30": "24704.27000", "2015-03-31": "23800.48000", "2014-12-31": "22471.03000", "2014-09-30": "21641.05000", "2014-06-30": "21545.13000", "2014-03-31": "21265.90000", "2013-12-31": "21348.07000", "2013-09-30": "21299.17000", "2013-06-30": "19651.76000", "2013-03-31": "18602.38000", "2012-12-31": "16527.34000", "2012-09-30": "15500.95000", "2012-06-30": "14765.96000", "2012-03-31": "14262.19000", "2011-12-31": "13649.84000", "2011-09-30": "12644.04000", "2011-06-30": "12091.34000", "2011-03-31": "9433.10300", "2010-12-31": "8155.52900", "2010-09-30": "6740.29400", "2010-06-30": "6076.31000", "2010-03-31": "5895.80300", "2009-12-31": "5658.44000", "2009-09-30": "5588.93700", "2009-06-30": "5510.14400", "2009-03-31": "5462.12600", "2008-12-31": "5378.79400", "2008-09-30": "5261.82300", "2008-06-30": "4978.21100", "2008-03-31": "4772.51200", "2007-12-31": "4638.63200", "2007-09-30": "4521.68200", "2007-06-30": "4409.94800", "2007-03-31": "4054.84500", "2006-12-31": "3935.85100", "2006-09-30": "2885.11400", "2006-06-30": "2787.12100", "2006-03-31": "2738.61000", "2005-12-31": "2661.92500", "2005-09-30": "2387.19000", "2005-06-30": "2391.53800", "2005-03-31": "2217.63400"}, "Long-Term Investments": {"2020-09-30": "", "2020-06-30": "", "2020-03-31": "", "2019-12-31": "", "2019-09-30": "", "2019-06-30": "", "2019-03-31": "", "2018-12-31": "", "2018-09-30": "", "2018-06-30": "", "2018-03-31": "", "2017-12-31": "", "2017-09-30": "", "2017-06-30": "", "2017-03-31": "", "2016-12-31": "", "2016-09-30": "", "2016-06-30": "", "2016-03-31": "", "2015-12-31": "", "2015-09-30": "", "2015-06-30": "", "2015-03-31": "", "2014-12-31": "", "2014-09-30": "", "2014-06-30": "", "2014-03-31": "", "2013-12-31": "", "2013-09-30": "", "2013-06-30": "", "2013-03-31": "", "2012-12-31": "", "2012-09-30": "", "2012-06-30": "", "2012-03-31": "", "2011-12-31": "", "2011-09-30": "", "2011-06-30": "", "2011-03-31": "", "2010-12-31": "", "2010-09-30": "", "2010-06-30": "", "2010-03-31": "", "2009-12-31": "", "2009-09-30": "", "2009-06-30": "", "2009-03-31": "", "2008-12-31": "", "2008-09-30": "", "2008-06-30": "", "2008-03-31": "", "2007-12-31": "", "2007-09-30": "", "2007-06-30": "", "2007-03-31": "", "2006-12-31": "", "2006-09-30": "", "2006-06-30": "", "2006-03-31": "", "2005-12-31": "", "2005-09-30": "", "2005-06-30": "", "2005-03-31": ""}, "Goodwill And Intangible Assets": {"2020-09-30": "68.32100", "2020-06-30": "68.32100", "2020-03-31": "68.32100", "2019-12-31": "68.32100", "2019-09-30": "68.32100", "2019-06-30": "68.32100", "2019-03-31": "68.32100", "2018-12-31": "68.32100", "2018-09-30": "68.32100", "2018-06-30": "68.32100", "2018-03-31": "68.32100", "2017-12-31": "68.32100", "2017-09-30": "68.32100", "2017-06-30": "68.32100", "2017-03-31": "68.32100", "2016-12-31": "68.32100", "2016-09-30": "68.32100", "2016-06-30": "68.32100", "2016-03-31": "68.32100", "2015-12-31": "68.32100", "2015-09-30": "68.32100", "2015-06-30": "68.32100", "2015-03-31": "68.32100", "2014-12-31": "68.32100", "2014-09-30": "68.32100", "2014-06-30": "68.32100", "2014-03-31": "68.32100", "2013-12-31": "68.32100", "2013-09-30": "68.32100", "2013-06-30": "68.32100", "2013-03-31": "68.32100", "2012-12-31": "68.32100", "2012-09-30": "68.32100", "2012-06-30": "68.32100", "2012-03-31": "68.32100", "2011-12-31": "68.32100", "2011-09-30": "68.32100", "2011-06-30": "51.20700", "2011-03-31": "51.20700", "2010-12-31": "51.20700", "2010-09-30": "", "2010-06-30": "", "2010-03-31": "", "2009-12-31": "", "2009-09-30": "", "2009-06-30": "", "2009-03-31": "", "2008-12-31": "", "2008-09-30": "", "2008-06-30": "", "2008-03-31": "", "2007-12-31": "", "2007-09-30": "", "2007-06-30": "", "2007-03-31": "", "2006-12-31": "", "2006-09-30": "", "2006-06-30": "", "2006-03-31": "", "2005-12-31": "", "2005-09-30": "", "2005-06-30": "", "2005-03-31": ""}, "Other Long-Term Assets": {"2020-09-30": "822.58600", "2020-06-30": "786.92100", "2020-03-31": "702.49700", "2019-12-31": "583.42300", "2019-09-30": "556.85400", "2019-06-30": "519.38700", "2019-03-31": "484.26500", "2018-12-31": "482.91400", "2018-09-30": "423.19200", "2018-06-30": "450.02700", "2018-03-31": "440.42400", "2017-12-31": "445.58500", "2017-09-30": "407.50700", "2017-06-30": "425.48900", "2017-03-31": "416.11000", "2016-12-31": "457.13800", "2016-09-30": "479.38200", "2016-06-30": "543.06800", "2016-03-31": "545.07000", "2015-12-31": "542.28100", "2015-09-30": "558.35400", "2015-06-30": "569.62100", "2015-03-31": "715.46800", "2014-12-31": "744.15100", "2014-09-30": "656.21300", "2014-06-30": "680.55800", "2014-03-31": "668.17100", "2013-12-31": "479.62900", "2013-09-30": "475.57400", "2013-06-30": "768.73700", "2013-03-31": "781.79200", "2012-12-31": "438.93600", "2012-09-30": "456.55200", "2012-06-30": "460.96200", "2012-03-31": "239.25400", "2011-12-31": "241.72200", "2011-09-30": "239.98400", "2011-06-30": "250.93300", "2011-03-31": "250.11100", "2010-12-31": "237.10700", "2010-09-30": "213.16300", "2010-06-30": "181.52700", "2010-03-31": "166.65400", "2009-12-31": "5.81600", "2009-09-30": "3.02000", "2009-06-30": "2.53100", "2009-03-31": "0.83600", "2008-12-31": "1.03000", "2008-09-30": "1.86200", "2008-06-30": "1.28700", "2008-03-31": "1.16800", "2007-12-31": "1.40800", "2007-09-30": "4.61700", "2007-06-30": "4.70000", "2007-03-31": "4.70000", "2006-12-31": "4.70000", "2006-09-30": "5.07000", "2006-06-30": "5.07000", "2006-03-31": "2.97000", "2005-12-31": "2.97000", "2005-09-30": "3.29800", "2005-06-30": "3.29800", "2005-03-31": "3.29800"}, "Total Long-Term Assets": {"2020-09-30": "28343.45000", "2020-06-30": "29282.96000", "2020-03-31": "30401.49000", "2019-12-31": "30964.20000", "2019-09-30": "29432.33000", "2019-06-30": "30733.28000", "2019-03-31": "28291.98000", "2018-12-31": "28641.66000", "2018-09-30": "28588.76000", "2018-06-30": "25876.22000", "2018-03-31": "26082.05000", "2017-12-31": "26257.48000", "2017-09-30": "26374.38000", "2017-06-30": "25970.08000", "2017-03-31": "25719.93000", "2016-12-31": "26473.02000", "2016-09-30": "27445.83000", "2016-06-30": "26654.14000", "2016-03-31": "26826.72000", "2015-12-31": "26679.79000", "2015-09-30": "25287.74000", "2015-06-30": "25407.94000", "2015-03-31": "24647.65000", "2014-12-31": "23283.50000", "2014-09-30": "22437.67000", "2014-06-30": "22359.48000", "2014-03-31": "22071.23000", "2013-12-31": "21966.90000", "2013-09-30": "21911.63000", "2013-06-30": "20560.04000", "2013-03-31": "19526.22000", "2012-12-31": "17100.93000", "2012-09-30": "16083.36000", "2012-06-30": "15355.83000", "2012-03-31": "14627.02000", "2011-12-31": "14018.47000", "2011-09-30": "13011.79000", "2011-06-30": "12442.29000", "2011-03-31": "9783.04100", "2010-12-31": "8476.80300", "2010-09-30": "6982.98600", "2010-06-30": "6289.40500", "2010-03-31": "6087.86200", "2009-12-31": "5686.95400", "2009-09-30": "5616.71200", "2009-06-30": "5535.87200", "2009-03-31": "5488.05900", "2008-12-31": "5403.40300", "2008-09-30": "5289.00000", "2008-06-30": "5006.56500", "2008-03-31": "4802.49700", "2007-12-31": "4670.53900", "2007-09-30": "4558.38100", "2007-06-30": "4433.68500", "2007-03-31": "4079.31200", "2006-12-31": "3961.20800", "2006-09-30": "2902.49300", "2006-06-30": "2803.71400", "2006-03-31": "2753.62200", "2005-12-31": "2677.12300", "2005-09-30": "2399.26900", "2005-06-30": "2404.00800", "2005-03-31": "2227.35100"}, "Total Assets": {"2020-09-30": "32541.60000", "2020-06-30": "33162.65000", "2020-03-31": "32923.03000", "2019-12-31": "33380.75000", "2019-09-30": "31863.96000", "2019-06-30": "33148.70000", "2019-03-31": "30637.34000", "2018-12-31": "30342.07000", "2018-09-30": "30249.12000", "2018-06-30": "27618.98000", "2018-03-31": "27746.66000", "2017-12-31": "27944.45000", "2017-09-30": "28180.38000", "2017-06-30": "27975.79000", "2017-03-31": "27767.28000", "2016-12-31": "28865.18000", "2016-09-30": "29856.34000", "2016-06-30": "28964.50000", "2016-03-31": "29088.29000", "2015-12-31": "29023.85000", "2015-09-30": "27456.37000", "2015-06-30": "27407.48000", "2015-03-31": "26629.39000", "2014-12-31": "24962.92000", "2014-09-30": "24541.72000", "2014-06-30": "23573.89000", "2014-03-31": "23211.04000", "2013-12-31": "23083.96000", "2013-09-30": "23049.80000", "2013-06-30": "22196.39000", "2013-03-31": "20788.97000", "2012-12-31": "19549.11000", "2012-09-30": "18282.28000", "2012-06-30": "16347.43000", "2012-03-31": "15859.73000", "2011-12-31": "14924.61000", "2011-09-30": "13861.09000", "2011-06-30": "13480.66000", "2011-03-31": "13258.04000", "2010-12-31": "9451.73400", "2010-09-30": "7893.06700", "2010-06-30": "7079.33100", "2010-03-31": "6774.37800", "2009-12-31": "6367.18600", "2009-09-30": "6381.40600", "2009-06-30": "6247.65900", "2009-03-31": "6143.08100", "2008-12-31": "6215.03100", "2008-09-30": "6021.95500", "2008-06-30": "5805.01400", "2008-03-31": "5387.45600", "2007-12-31": "5213.85600", "2007-09-30": "4971.82700", "2007-06-30": "4824.80400", "2007-03-31": "4458.65400", "2006-12-31": "4280.61000", "2006-09-30": "3200.82900", "2006-06-30": "3062.11200", "2006-03-31": "3012.64000", "2005-12-31": "2972.16400", "2005-09-30": "2736.89800", "2005-06-30": "2739.93900", "2005-03-31": "2560.36200"}, "Total Current Liabilities": {"2020-09-30": "1041.36800", "2020-06-30": "1015.90600", "2020-03-31": "997.60300", "2019-12-31": "1009.48200", "2019-09-30": "1025.70400", "2019-06-30": "1076.06100", "2019-03-31": "1000.82500", "2018-12-31": "1034.28300", "2018-09-30": "1074.99400", "2018-06-30": "984.77900", "2018-03-31": "948.61800", "2017-12-31": "911.86300", "2017-09-30": "1027.37500", "2017-06-30": "893.44100", "2017-03-31": "817.41100", "2016-12-31": "827.03400", "2016-09-30": "767.68300", "2016-06-30": "728.08000", "2016-03-31": "665.64500", "2015-12-31": "697.19100", "2015-09-30": "686.65100", "2015-06-30": "650.43700", "2015-03-31": "604.14900", "2014-12-31": "626.82500", "2014-09-30": "677.04200", "2014-06-30": "678.40000", "2014-03-31": "612.67100", "2013-12-31": "640.57300", "2013-09-30": "660.44100", "2013-06-30": "539.36100", "2013-03-31": "518.17000", "2012-12-31": "462.09900", "2012-09-30": "405.79800", "2012-06-30": "400.06500", "2012-03-31": "393.20200", "2011-12-31": "371.55700", "2011-09-30": "342.01300", "2011-06-30": "325.55000", "2011-03-31": "334.25900", "2010-12-31": "244.34500", "2010-09-30": "201.52900", "2010-06-30": "187.44300", "2010-03-31": "185.97500", "2009-12-31": "145.71300", "2009-09-30": "124.76900", "2009-06-30": "89.29000", "2009-03-31": "102.60100", "2008-12-31": "129.07000", "2008-09-30": "124.98600", "2008-06-30": "107.26700", "2008-03-31": "110.71500", "2007-12-31": "95.14500", "2007-09-30": "105.62900", "2007-06-30": "98.54500", "2007-03-31": "95.59500", "2006-12-31": "101.58800", "2006-09-30": "50.55800", "2006-06-30": "45.64100", "2006-03-31": "49.39900", "2005-12-31": "40.59000", "2005-09-30": "44.04800", "2005-06-30": "44.35400", "2005-03-31": "17.95100"}, "Long Term Debt": {"2020-09-30": "13781.23000", "2020-06-30": "14435.65000", "2020-03-31": "13965.07000", "2019-12-31": "14915.07000", "2019-09-30": "13687.64000", "2019-06-30": "15150.80000", "2019-03-31": "12711.50000", "2018-12-31": "13226.48000", "2018-09-30": "13504.06000", "2018-06-30": "11435.56000", "2018-03-31": "11349.84000", "2017-12-31": "11731.94000", "2017-09-30": "11521.59000", "2017-06-30": "11379.95000", "2017-03-31": "11454.18000", "2016-12-31": "12358.25000", "2016-09-30": "13430.89000", "2016-06-30": "12973.73000", "2016-03-31": "13063.20000", "2015-12-31": "12967.69000", "2015-09-30": "11467.77000", "2015-06-30": "11552.37000", "2015-03-31": "11014.79000", "2014-12-31": "10776.64000", "2014-09-30": "10282.84000", "2014-06-30": "10345.20000", "2014-03-31": "10941.47000", "2013-12-31": "10652.01000", "2013-09-30": "10443.24000", "2013-06-30": "9560.06600", "2013-03-31": "9853.92800", "2012-12-31": "8531.89800", "2012-09-30": "7319.02500", "2012-06-30": "7685.50000", "2012-03-31": "6877.97900", "2011-12-31": "7240.75200", "2011-09-30": "6793.04700", "2011-06-30": "6403.65900", "2011-03-31": "6148.63600", "2010-12-31": "4469.73600", "2010-09-30": "3471.45500", "2010-06-30": "3154.76300", "2010-03-31": "2828.48700", "2009-12-31": "2414.02200", "2009-09-30": "2420.48700", "2009-06-30": "2697.43200", "2009-03-31": "2589.87300", "2008-12-31": "2847.67600", "2008-09-30": "2686.45500", "2008-06-30": "3056.95400", "2008-03-31": "2758.43700", "2007-12-31": "2704.66800", "2007-09-30": "2548.40200", "2007-06-30": "2404.36600", "2007-03-31": "2300.11600", "2006-12-31": "2145.78600", "2006-09-30": "1603.30200", "2006-06-30": "1470.53300", "2006-03-31": "1528.32400", "2005-12-31": "1500.81800", "2005-09-30": "1373.15400", "2005-06-30": "1381.62000", "2005-03-31": "1208.00600"}, "Other Non-Current Liabilities": {"2020-09-30": "", "2020-06-30": "", "2020-03-31": "", "2019-12-31": "", "2019-09-30": "", "2019-06-30": "", "2019-03-31": "", "2018-12-31": "", "2018-09-30": "", "2018-06-30": "", "2018-03-31": "", "2017-12-31": "", "2017-09-30": "", "2017-06-30": "", "2017-03-31": "", "2016-12-31": "", "2016-09-30": "", "2016-06-30": "", "2016-03-31": "", "2015-12-31": "", "2015-09-30": "", "2015-06-30": "", "2015-03-31": "", "2014-12-31": "", "2014-09-30": "", "2014-06-30": "", "2014-03-31": "", "2013-12-31": "", "2013-09-30": "", "2013-06-30": "", "2013-03-31": "", "2012-12-31": "", "2012-09-30": "", "2012-06-30": "", "2012-03-31": "", "2011-12-31": "", "2011-09-30": "", "2011-06-30": "", "2011-03-31": "", "2010-12-31": "", "2010-09-30": "", "2010-06-30": "", "2010-03-31": "", "2009-12-31": "", "2009-09-30": "", "2009-06-30": "", "2009-03-31": "", "2008-12-31": "", "2008-09-30": "", "2008-06-30": "", "2008-03-31": "", "2007-12-31": "", "2007-09-30": "52.18400", "2007-06-30": "52.19500", "2007-03-31": "52.20500", "2006-12-31": "52.21500", "2006-09-30": "", "2006-06-30": "", "2006-03-31": "", "2005-12-31": "", "2005-09-30": "", "2005-06-30": "", "2005-03-31": ""}, "Total Long Term Liabilities": {"2020-09-30": "14111.29000", "2020-06-30": "14762.79000", "2020-03-31": "14394.43000", "2019-12-31": "15390.95000", "2019-09-30": "14157.98000", "2019-06-30": "15634.04000", "2019-03-31": "13162.04000", "2018-12-31": "13650.52000", "2018-09-30": "13904.92000", "2018-06-30": "11833.72000", "2018-03-31": "11738.71000", "2017-12-31": "12107.13000", "2017-09-30": "11908.34000", "2017-06-30": "11768.82000", "2017-03-31": "11839.60000", "2016-12-31": "12756.68000", "2016-09-30": "13824.42000", "2016-06-30": "13367.85000", "2016-03-31": "13422.85000", "2015-12-31": "13150.77000", "2015-09-30": "11632.54000", "2015-06-30": "11711.77000", "2015-03-31": "11107.30000", "2014-12-31": "10863.05000", "2014-09-30": "10359.26000", "2014-06-30": "10380.60000", "2014-03-31": "10975.65000", "2013-12-31": "10687.05000", "2013-09-30": "10474.95000", "2013-06-30": "9592.87600", "2013-03-31": "9887.65400", "2012-12-31": "8566.49000", "2012-09-30": "7354.07200", "2012-06-30": "7719.56800", "2012-03-31": "6912.51400", "2011-12-31": "7274.40200", "2011-09-30": "6825.91000", "2011-06-30": "6422.06900", "2011-03-31": "6153.18200", "2010-12-31": "4474.28900", "2010-09-30": "3471.45500", "2010-06-30": "3154.76300", "2010-03-31": "2828.48700", "2009-12-31": "2414.02200", "2009-09-30": "2420.48700", "2009-06-30": "2697.43200", "2009-03-31": "2589.87300", "2008-12-31": "2847.67600", "2008-09-30": "2695.41300", "2008-06-30": "3064.62300", "2008-03-31": "2768.13400", "2007-12-31": "2714.35500", "2007-09-30": "2605.51400", "2007-06-30": "2458.85500", "2007-03-31": "2354.67500", "2006-12-31": "2200.22900", "2006-09-30": "1603.30200", "2006-06-30": "1470.53300", "2006-03-31": "1528.32400", "2005-12-31": "1500.81800", "2005-09-30": "1373.15400", "2005-06-30": "1381.62000", "2005-03-31": "1208.00600"}, "Total Liabilities": {"2020-09-30": "15580.50000", "2020-06-30": "16226.13000", "2020-03-31": "15856.69000", "2019-12-31": "16874.12000", "2019-09-30": "15638.23000", "2019-06-30": "17179.13000", "2019-03-31": "14589.50000", "2018-12-31": "14755.47000", "2018-09-30": "14979.92000", "2018-06-30": "12818.50000", "2018-03-31": "12687.33000", "2017-12-31": "13018.99000", "2017-09-30": "12935.72000", "2017-06-30": "12662.26000", "2017-03-31": "12657.02000", "2016-12-31": "13583.71000", "2016-09-30": "14592.10000", "2016-06-30": "14095.93000", "2016-03-31": "14088.50000", "2015-12-31": "13847.96000", "2015-09-30": "12319.19000", "2015-06-30": "12362.20000", "2015-03-31": "11711.45000", "2014-12-31": "11489.87000", "2014-09-30": "11036.30000", "2014-06-30": "11059.00000", "2014-03-31": "11588.32000", "2013-12-31": "11327.63000", "2013-09-30": "11135.39000", "2013-06-30": "10132.23000", "2013-03-31": "10405.83000", "2012-12-31": "9028.59000", "2012-09-30": "7759.87000", "2012-06-30": "8119.63300", "2012-03-31": "7305.71600", "2011-12-31": "7645.95900", "2011-09-30": "7167.92300", "2011-06-30": "6747.61900", "2011-03-31": "6487.44100", "2010-12-31": "4718.63400", "2010-09-30": "3672.98400", "2010-06-30": "3342.20600", "2010-03-31": "3014.46200", "2009-12-31": "2559.73500", "2009-09-30": "2545.25600", "2009-06-30": "2786.72200", "2009-03-31": "2692.47400", "2008-12-31": "2976.74600", "2008-09-30": "2820.39900", "2008-06-30": "3171.89000", "2008-03-31": "2878.84900", "2007-12-31": "2809.50000", "2007-09-30": "2711.14300", "2007-06-30": "2557.40000", "2007-03-31": "2450.27000", "2006-12-31": "2301.81700", "2006-09-30": "1653.86000", "2006-06-30": "1516.17400", "2006-03-31": "1577.72300", "2005-12-31": "1541.40800", "2005-09-30": "1417.20200", "2005-06-30": "1425.97400", "2005-03-31": "1225.95700"}, "Common Stock Net": {"2020-09-30": "418.36100", "2020-06-30": "418.34300", "2020-03-31": "418.22600", "2019-12-31": "411.00500", "2019-09-30": "406.49800", "2019-06-30": "406.01400", "2019-03-31": "404.50900", "2018-12-31": "384.46500", "2018-09-30": "376.35300", "2018-06-30": "372.80100", "2018-03-31": "372.72900", "2017-12-31": "372.44900", "2017-09-30": "371.01200", "2017-06-30": "369.52500", "2017-03-31": "365.18700", "2016-12-31": "363.07100", "2016-09-30": "362.70300", "2016-06-30": "357.95000", "2016-03-31": "356.95300", "2015-12-31": "354.81100", "2015-09-30": "353.02300", "2015-06-30": "351.65100", "2015-03-31": "350.43400", "2014-12-31": "328.83500", "2014-09-30": "327.43300", "2014-06-30": "308.35500", "2014-03-31": "291.09100", "2013-12-31": "289.46100", "2013-09-30": "288.24900", "2013-06-30": "285.08500", "2013-03-31": "261.24900", "2012-12-31": "260.39600", "2012-09-30": "259.52200", "2012-06-30": "214.59200", "2012-03-31": "213.52900", "2011-12-31": "192.29900", "2011-09-30": "178.77200", "2011-06-30": "177.29000", "2011-03-31": "176.56300", "2010-12-31": "147.15500", "2010-09-30": "135.04600", "2010-06-30": "124.52000", "2010-03-31": "123.97900", "2009-12-31": "123.38500", "2009-09-30": "122.87000", "2009-06-30": "111.73300", "2009-03-31": "110.94500", "2008-12-31": "104.63500", "2008-09-30": "103.11000", "2008-06-30": "89.98100", "2008-03-31": "88.99200", "2007-12-31": "85.41200", "2007-09-30": "81.25300", "2007-06-30": "80.75200", "2007-03-31": "73.93100", "2006-12-31": "73.15200", "2006-09-30": "63.00500", "2006-06-30": "62.44600", "2006-03-31": "58.68500", "2005-12-31": "58.05000", "2005-09-30": "54.53400", "2005-06-30": "53.77200", "2005-03-31": "53.31400"}, "Retained Earnings (Accumulated Deficit)": {"2020-09-30": "-4925.02100", "2020-06-30": "-4996.09700", "2020-03-31": "-4920.49700", "2019-12-31": "-4869.56800", "2019-09-30": "-4740.60200", "2019-06-30": "-4977.22800", "2019-03-31": "-4761.31300", "2018-12-31": "-4697.02200", "2018-09-30": "-4469.92400", "2018-06-30": "-4210.12700", "2018-03-31": "-4041.18800", "2017-12-31": "-4155.13200", "2017-09-30": "-3721.91900", "2017-06-30": "-3474.63400", "2017-03-31": "-3344.18300", "2016-12-31": "-3341.40600", "2016-09-30": "-3362.31200", "2016-06-30": "-3389.00300", "2016-03-31": "-3277.08500", "2015-12-31": "-3120.28400", "2015-09-30": "-2961.05100", "2015-06-30": "-2852.44400", "2015-03-31": "-2875.67100", "2014-12-31": "-2793.90100", "2014-09-30": "-2721.80100", "2014-06-30": "-2611.68500", "2014-03-31": "-2451.76400", "2013-12-31": "-2270.98500", "2013-09-30": "-2061.50700", "2013-06-30": "-1863.02400", "2013-03-31": "-1654.24800", "2012-12-31": "-1509.76000", "2012-09-30": "-1407.95100", "2012-06-30": "-1285.78900", "2012-03-31": "-1181.93500", "2011-12-31": "-1078.32300", "2011-09-30": "-977.51000", "2011-06-30": "-887.03100", "2011-03-31": "-830.35300", "2010-12-31": "-751.68510", "2010-09-30": "-692.62610", "2010-06-30": "-607.60000", "2010-03-31": "-568.70000", "2009-12-31": "-509.98900", "2009-09-30": "-457.88710", "2009-06-30": "-400.78500", "2009-03-31": "-384.28600", "2008-12-31": "-369.41890", "2008-09-30": "-313.92700", "2008-06-30": "-304.05000", "2008-03-31": "-399.44200", "2007-12-31": "-372.70400", "2007-09-30": "-361.59010", "2007-06-30": "-332.55490", "2007-03-31": "-304.93600", "2006-12-31": "-306.00700", "2006-09-30": "-261.40800", "2006-06-30": "-242.72810", "2006-03-31": "-225.60700", "2005-12-31": "-208.92900", "2005-09-30": "-201.55400", "2005-06-30": "-187.96300", "2005-03-31": "-153.18500"}, "Comprehensive Income": {"2020-09-30": "-126.46900", "2020-06-30": "-116.85600", "2020-03-31": "-96.21300", "2019-12-31": "-112.15700", "2019-09-30": "-117.67600", "2019-06-30": "-100.62200", "2019-03-31": "-144.61800", "2018-12-31": "-129.76900", "2018-09-30": "-138.49100", "2018-06-30": "-132.63100", "2018-03-31": "-91.25300", "2017-12-31": "-111.46500", "2017-09-30": "-141.24000", "2017-06-30": "-163.62400", "2017-03-31": "-177.20000", "2016-12-31": "-169.53100", "2016-09-30": "-151.18400", "2016-06-30": "-159.63800", "2016-03-31": "-109.05300", "2015-12-31": "-88.24300", "2015-09-30": "-94.35900", "2015-06-30": "-81.67000", "2015-03-31": "-107.49600", "2014-12-31": "-77.00900", "2014-09-30": "-52.70400", "2014-06-30": "-18.64200", "2014-03-31": "-25.41900", "2013-12-31": "-24.53100", "2013-09-30": "-23.47500", "2013-06-30": "-49.17400", "2013-03-31": "-33.09100", "2012-12-31": "-11.02800", "2012-09-30": "-10.43200", "2012-06-30": "-13.59000", "2012-03-31": "-11.64200", "2011-12-31": "-11.92800", "2011-09-30": "-10.35400", "2011-06-30": "-10.14500", "2011-03-31": "-10.29500", "2010-12-31": "-11.09900", "2010-09-30": "-11.45900", "2010-06-30": "-8.52600", "2010-03-31": "-4.09200", "2009-12-31": "-2.89100", "2009-09-30": "-4.94200", "2009-06-30": "-1.01600", "2009-03-31": "-1.34800", "2008-12-31": "-1.11300", "2008-09-30": "-11.90500", "2008-06-30": "-8.54600", "2008-03-31": "-18.47400", "2007-12-31": "-7.38100", "2007-09-30": "3.30200", "2007-06-30": "-0.13500", "2007-03-31": "-0.13500", "2006-12-31": "-0.13500", "2006-09-30": "0.00000", "2006-06-30": "0.00000", "2006-03-31": "0.00000", "2005-12-31": "", "2005-09-30": "0.00100", "2005-06-30": "0.00100", "2005-03-31": "0.00100"}, "Other Share Holders Equity": {"2020-09-30": "0.00400", "2020-06-30": "0.00400", "2020-03-31": "0.01200", "2019-12-31": "0.01200", "2019-09-30": "0.01200", "2019-06-30": "0.18800", "2019-03-31": "0.26800", "2018-12-31": "0.29400", "2018-09-30": "0.48900", "2018-06-30": "0.65900", "2018-03-31": "0.67000", "2017-12-31": "0.67000", "2017-09-30": "1.12700", "2017-06-30": "1.17300", "2017-03-31": "1.46400", "2016-12-31": "3.05900", "2016-09-30": "3.02000", "2016-06-30": "3.91700", "2016-03-31": "4.06200", "2015-12-31": "4.09800", "2015-09-30": "3.99700", "2015-06-30": "4.23800", "2015-03-31": "4.44900", "2014-12-31": "5.50700", "2014-09-30": "6.22300", "2014-06-30": "6.15900", "2014-03-31": "6.24100", "2013-12-31": "6.02000", "2013-09-30": "5.86400", "2013-06-30": "5.67800", "2013-03-31": "5.89300", "2012-12-31": "6.46100", "2012-09-30": "7.44500", "2012-06-30": "7.30200", "2012-03-31": "7.20800", "2011-12-31": "6.12000", "2011-09-30": "6.29200", "2011-06-30": "6.46000", "2011-03-31": "6.38300", "2010-12-31": "5.69700", "2010-09-30": "5.97200", "2010-06-30": "5.75500", "2010-03-31": "5.53900", "2009-12-31": "4.80400", "2009-09-30": "5.55100", "2009-06-30": "5.36900", "2009-03-31": "5.18700", "2008-12-31": "4.10500", "2008-09-30": "3.77700", "2008-06-30": "3.54800", "2008-03-31": "3.36000", "2007-12-31": "2.70100", "2007-09-30": "2.64800", "2007-06-30": "2.46000", "2007-03-31": "2.28600", "2006-12-31": "1.84500", "2006-09-30": "1.72000", "2006-06-30": "1.52800", "2006-03-31": "1.33700", "2005-12-31": "0.34300", "2005-09-30": "0.25200", "2005-06-30": "-0.06400", "2005-03-31": "-0.38000"}, "Share Holder Equity": {"2020-09-30": "16961.10000", "2020-06-30": "16936.53000", "2020-03-31": "17066.34000", "2019-12-31": "16506.63000", "2019-09-30": "16225.73000", "2019-06-30": "15969.57000", "2019-03-31": "16047.83000", "2018-12-31": "15586.60000", "2018-09-30": "15269.20000", "2018-06-30": "14800.49000", "2018-03-31": "15059.33000", "2017-12-31": "14925.45000", "2017-09-30": "15244.66000", "2017-06-30": "15313.52000", "2017-03-31": "15110.26000", "2016-12-31": "15281.47000", "2016-09-30": "15264.24000", "2016-06-30": "14868.57000", "2016-03-31": "14999.79000", "2015-12-31": "15175.88000", "2015-09-30": "15137.17000", "2015-06-30": "15045.28000", "2015-03-31": "14917.95000", "2014-12-31": "13473.05000", "2014-09-30": "13505.42000", "2014-06-30": "12514.89000", "2014-03-31": "11622.73000", "2013-12-31": "11756.33000", "2013-09-30": "11914.42000", "2013-06-30": "12064.16000", "2013-03-31": "10383.15000", "2012-12-31": "10520.52000", "2012-09-30": "10522.41000", "2012-06-30": "8227.79300", "2012-03-31": "8554.01800", "2011-12-31": "7278.64700", "2011-09-30": "6693.16600", "2011-06-30": "6733.04200", "2011-03-31": "6770.60300", "2010-12-31": "4733.10000", "2010-09-30": "4220.08300", "2010-06-30": "3737.12500", "2010-03-31": "3759.91600", "2009-12-31": "3807.45100", "2009-09-30": "3836.15000", "2009-06-30": "3460.93700", "2009-03-31": "3450.60700", "2008-12-31": "3238.28500", "2008-09-30": "3201.55600", "2008-06-30": "2633.12400", "2008-03-31": "2508.60700", "2007-12-31": "2404.35600", "2007-09-30": "2260.68400", "2007-06-30": "2267.40400", "2007-03-31": "2008.38400", "2006-12-31": "1978.79300", "2006-09-30": "1546.96900", "2006-06-30": "1545.93800", "2006-03-31": "1434.91700", "2005-12-31": "1430.75600", "2005-09-30": "1319.69600", "2005-06-30": "1313.96500", "2005-03-31": "1334.40500"}, "Total Liabilities And Share Holders Equity": {"2020-09-30": "32541.60000", "2020-06-30": "33162.65000", "2020-03-31": "32923.03000", "2019-12-31": "33380.75000", "2019-09-30": "31863.96000", "2019-06-30": "33148.70000", "2019-03-31": "30637.34000", "2018-12-31": "30342.07000", "2018-09-30": "30249.12000", "2018-06-30": "27618.98000", "2018-03-31": "27746.66000", "2017-12-31": "27944.45000", "2017-09-30": "28180.38000", "2017-06-30": "27975.79000", "2017-03-31": "27767.28000", "2016-12-31": "28865.18000", "2016-09-30": "29856.34000", "2016-06-30": "28964.50000", "2016-03-31": "29088.29000", "2015-12-31": "29023.85000", "2015-09-30": "27456.37000", "2015-06-30": "27407.48000", "2015-03-31": "26629.39000", "2014-12-31": "24962.92000", "2014-09-30": "24541.72000", "2014-06-30": "23573.89000", "2014-03-31": "23211.04000", "2013-12-31": "23083.96000", "2013-09-30": "23049.80000", "2013-06-30": "22196.39000", "2013-03-31": "20788.97000", "2012-12-31": "19549.11000", "2012-09-30": "18282.28000", "2012-06-30": "16347.43000", "2012-03-31": "15859.73000", "2011-12-31": "14924.61000", "2011-09-30": "13861.09000", "2011-06-30": "13480.66000", "2011-03-31": "13258.04000", "2010-12-31": "9451.73400", "2010-09-30": "7893.06700", "2010-06-30": "7079.33100", "2010-03-31": "6774.37800", "2009-12-31": "6367.18600", "2009-09-30": "6381.40600", "2009-06-30": "6247.65900", "2009-03-31": "6143.08100", "2008-12-31": "6215.03100", "2008-09-30": "6021.95500", "2008-06-30": "5805.01400", "2008-03-31": "5387.45600", "2007-12-31": "5213.85600", "2007-09-30": "4971.82700", "2007-06-30": "4824.80400", "2007-03-31": "4458.65400", "2006-12-31": "4280.61000", "2006-09-30": "3200.82900", "2006-06-30": "3062.11200", "2006-03-31": "3012.64000", "2005-12-31": "2972.16400", "2005-09-30": "2736.89800", "2005-06-30": "2739.93900", "2005-03-31": "2560.36200"}}, "cash flow statement": {"Net Income/Loss": {"2019-12-31": "1330.41000", "2018-12-31": "829.75000", "2017-12-31": "540.61300", "2016-12-31": "1082.07000", "2015-12-31": "888.54900", "2014-12-31": "512.30000", "2013-12-31": "138.28000", "2012-12-31": "294.84000", "2011-12-31": "212.71600", "2010-12-31": "128.88400", "2009-12-31": "192.92700", "2008-12-31": "283.42500", "2007-12-31": "138.59300", "2006-12-31": "102.75000", "2005-12-31": "84.28600"}, "Total Depreciation And Amortization - Cash Flow": {"2019-12-31": "1043.22400", "2018-12-31": "970.06700", "2017-12-31": "938.59800", "2016-12-31": "910.38600", "2015-12-31": "835.24900", "2014-12-31": "851.84000", "2013-12-31": "882.51700", "2012-12-31": "548.93500", "2011-12-31": "437.94900", "2010-12-31": "216.85600", "2009-12-31": "178.62200", "2008-12-31": "176.93700", "2007-12-31": "157.89900", "2006-12-31": "101.59400", "2005-12-31": "88.76300"}, "Other Non-Cash Items": {"2019-12-31": "-745.18010", "2018-12-31": "-292.46400", "2017-12-31": "-95.33100", "2016-12-31": "-349.65300", "2015-12-31": "-332.70900", "2014-12-31": "-151.45000", "2013-12-31": "-52.28600", "2012-12-31": "-45.57000", "2011-12-31": "-68.35000", "2010-12-31": "27.24300", "2009-12-31": "46.08900", "2008-12-31": "-113.34800", "2007-12-31": "-11.92800", "2006-12-31": "12.38500", "2005-12-31": "21.64500"}, "Total Non-Cash Items": {"2019-12-31": "298.04400", "2018-12-31": "677.60290", "2017-12-31": "843.26690", "2016-12-31": "560.73300", "2015-12-31": "502.53990", "2014-12-31": "700.39010", "2013-12-31": "830.23100", "2012-12-31": "503.36500", "2011-12-31": "369.59900", "2010-12-31": "244.09900", "2009-12-31": "224.71100", "2008-12-31": "63.58900", "2007-12-31": "145.97100", "2006-12-31": "113.97900", "2005-12-31": "110.40800"}, "Change In Accounts Receivable": {"2019-12-31": "-63.41800", "2018-12-31": "5.82900", "2017-12-31": "23.48600", "2016-12-31": "-18.03700", "2015-12-31": "0.47800", "2014-12-31": "-25.63900", "2013-12-31": "-47.57100", "2012-12-31": "-18.28500", "2011-12-31": "-4.74400", "2010-12-31": "-20.53500", "2009-12-31": "-36.06800", "2008-12-31": "-3.69400", "2007-12-31": "2.67600", "2006-12-31": "-6.22000", "2005-12-31": "3.09800"}, "Change In Inventories": {"2019-12-31": "", "2018-12-31": "", "2017-12-31": "", "2016-12-31": "", "2015-12-31": "", "2014-12-31": "", "2013-12-31": "", "2012-12-31": "", "2011-12-31": "", "2010-12-31": "", "2009-12-31": "", "2008-12-31": "", "2007-12-31": "", "2006-12-31": "", "2005-12-31": ""}, "Change In Accounts Payable": {"2019-12-31": "", "2018-12-31": "", "2017-12-31": "", "2016-12-31": "", "2015-12-31": "", "2014-12-31": "", "2013-12-31": "", "2012-12-31": "", "2011-12-31": "", "2010-12-31": "", "2009-12-31": "", "2008-12-31": "", "2007-12-31": "", "2006-12-31": "", "2005-12-31": ""}, "Change In Assets/Liabilities": {"2019-12-31": "", "2018-12-31": "", "2017-12-31": "", "2016-12-31": "", "2015-12-31": "", "2014-12-31": "", "2013-12-31": "", "2012-12-31": "", "2011-12-31": "", "2010-12-31": "", "2009-12-31": "", "2008-12-31": "", "2007-12-31": "", "2006-12-31": "", "2005-12-31": ""}, "Total Change In Assets/Liabilities": {"2019-12-31": "-92.48600", "2018-12-31": "76.59100", "2017-12-31": "50.29700", "2016-12-31": "-3.73900", "2015-12-31": "-8.49000", "2014-12-31": "-74.02000", "2013-12-31": "19.98600", "2012-12-31": "19.92800", "2011-12-31": "5.90900", "2010-12-31": "-8.24200", "2009-12-31": "-36.37900", "2008-12-31": "13.66900", "2007-12-31": "-0.57700", "2006-12-31": "-0.41000", "2005-12-31": "-0.27700"}, "Cash Flow From Operating Activities": {"2019-12-31": "1535.96800", "2018-12-31": "1583.94400", "2017-12-31": "1434.17700", "2016-12-31": "1639.06400", "2015-12-31": "1382.59900", "2014-12-31": "1138.67000", "2013-12-31": "988.49700", "2012-12-31": "818.13300", "2011-12-31": "588.22400", "2010-12-31": "364.74100", "2009-12-31": "381.25900", "2008-12-31": "360.68300", "2007-12-31": "283.98700", "2006-12-31": "216.31900", "2005-12-31": "194.41700"}, "Net Change In Property, Plant, And Equipment": {"2019-12-31": "1998.33800", "2018-12-31": "1114.98100", "2017-12-31": "895.02310", "2016-12-31": "-417.58280", "2015-12-31": "-2961.43600", "2014-12-31": "-1630.19600", "2013-12-31": "-3499.32400", "2012-12-31": "-2734.84000", "2011-12-31": "-4657.91200", "2010-12-31": "-1855.14900", "2009-12-31": "-374.95200", "2008-12-31": "-785.32900", "2007-12-31": "-532.89500", "2006-12-31": "-359.29600", "2005-12-31": "-507.96600"}, "Net Change In Intangible Assets": {"2019-12-31": "", "2018-12-31": "", "2017-12-31": "", "2016-12-31": "", "2015-12-31": "", "2014-12-31": "", "2013-12-31": "", "2012-12-31": "", "2011-12-31": "", "2010-12-31": "", "2009-12-31": "", "2008-12-31": "", "2007-12-31": "", "2006-12-31": "", "2005-12-31": ""}, "Net Acquisitions/Divestitures": {"2019-12-31": "-3959.68300", "2018-12-31": "-3560.36000", "2017-12-31": "-805.26400", "2016-12-31": "", "2015-12-31": "", "2014-12-31": "", "2013-12-31": "", "2012-12-31": "", "2011-12-31": "", "2010-12-31": "", "2009-12-31": "", "2008-12-31": "", "2007-12-31": "-141.96300", "2006-12-31": "-182.57100", "2005-12-31": ""}, "Net Change In Short-term Investments": {"2019-12-31": "", "2018-12-31": "", "2017-12-31": "", "2016-12-31": "", "2015-12-31": "", "2014-12-31": "-6.07200", "2013-12-31": "79.95700", "2012-12-31": "-35.76600", "2011-12-31": "30.24800", "2010-12-31": "-52.12400", "2009-12-31": "130.83300", "2008-12-31": "-138.50200", "2007-12-31": "-7.57800", "2006-12-31": "0.12700", "2005-12-31": ""}, "Net Change In Long-Term Investments": {"2019-12-31": "-0.49200", "2018-12-31": "157.28600", "2017-12-31": "166.48300", "2016-12-31": "228.01500", "2015-12-31": "-360.53200", "2014-12-31": "-86.44200", "2013-12-31": "-20.97600", "2012-12-31": "-623.42200", "2011-12-31": "137.33400", "2010-12-31": "-53.77000", "2009-12-31": "37.36200", "2008-12-31": "-64.94000", "2007-12-31": "-183.54800", "2006-12-31": "-4.73500", "2005-12-31": "58.25100"}, "Net Change In Investments - Total": {"2019-12-31": "-0.49200", "2018-12-31": "157.28600", "2017-12-31": "166.48300", "2016-12-31": "228.01500", "2015-12-31": "-360.53200", "2014-12-31": "-92.51400", "2013-12-31": "58.98100", "2012-12-31": "-659.18800", "2011-12-31": "167.58200", "2010-12-31": "-105.89400", "2009-12-31": "168.19500", "2008-12-31": "-203.44200", "2007-12-31": "-191.12600", "2006-12-31": "-4.60800", "2005-12-31": "58.25100"}, "Investing Activities - Other": {"2019-12-31": "-86.95400", "2018-12-31": "-98.37800", "2017-12-31": "-101.66100", "2016-12-31": "6.12500", "2015-12-31": "-180.10700", "2014-12-31": "-403.49600", "2013-12-31": "-91.25000", "2012-12-31": "-198.95100", "2011-12-31": "-29.79900", "2010-12-31": "-350.99600", "2009-12-31": "-63.30300", "2008-12-31": "-46.75400", "2007-12-31": "-39.45600", "2006-12-31": "-14.21300", "2005-12-31": "0.64600"}, "Cash Flow From Investing Activities": {"2019-12-31": "-2048.79100", "2018-12-31": "-2386.47100", "2017-12-31": "154.58100", "2016-12-31": "-183.44300", "2015-12-31": "-3502.07500", "2014-12-31": "-2126.20600", "2013-12-31": "-3531.59300", "2012-12-31": "-3592.97900", "2011-12-31": "-4520.12900", "2010-12-31": "-2312.03900", "2009-12-31": "-270.06000", "2008-12-31": "-1035.52500", "2007-12-31": "-905.44000", "2006-12-31": "-560.68800", "2005-12-31": "-449.06900"}, "Net Long-Term Debt": {"2019-12-31": "1139.12900", "2018-12-31": "1484.78200", "2017-12-31": "-826.07400", "2016-12-31": "-466.04700", "2015-12-31": "1382.89900", "2014-12-31": "46.46800", "2013-12-31": "783.67200", "2012-12-31": "796.39200", "2011-12-31": "1726.11500", "2010-12-31": "1422.73600", "2009-12-31": "-462.50700", "2008-12-31": "162.07600", "2007-12-31": "380.68500", "2006-12-31": "364.48400", "2005-12-31": "262.22700"}, "Net Current Debt": {"2019-12-31": "", "2018-12-31": "", "2017-12-31": "", "2016-12-31": "", "2015-12-31": "", "2014-12-31": "", "2013-12-31": "", "2012-12-31": "", "2011-12-31": "", "2010-12-31": "", "2009-12-31": "", "2008-12-31": "", "2007-12-31": "", "2006-12-31": "", "2005-12-31": ""}, "Debt Issuance/Retirement Net - Total": {"2019-12-31": "1139.12900", "2018-12-31": "1484.78200", "2017-12-31": "-826.07400", "2016-12-31": "-466.04700", "2015-12-31": "1382.89900", "2014-12-31": "46.46800", "2013-12-31": "783.67200", "2012-12-31": "796.39200", "2011-12-31": "1726.11500", "2010-12-31": "1422.73600", "2009-12-31": "-462.50700", "2008-12-31": "162.07600", "2007-12-31": "380.68500", "2006-12-31": "364.48400", "2005-12-31": "262.22700"}, "Net Common Equity Issued/Repurchased": {"2019-12-31": "1056.12500", "2018-12-31": "789.57500", "2017-12-31": "621.98700", "2016-12-31": "534.19400", "2015-12-31": "1755.72200", "2014-12-31": "2343.86800", "2013-12-31": "1854.63700", "2012-12-31": "3581.29200", "2011-12-31": "2137.59400", "2010-12-31": "995.43800", "2009-12-31": "704.53300", "2008-12-31": "782.28500", "2007-12-31": "491.59300", "2006-12-31": "182.06900", "2005-12-31": "165.06200"}, "Net Total Equity Issued/Repurchased": {"2019-12-31": "1056.12500", "2018-12-31": "789.57500", "2017-12-31": "334.48700", "2016-12-31": "534.19400", "2015-12-31": "1755.72200", "2014-12-31": "2343.86800", "2013-12-31": "1854.63700", "2012-12-31": "3583.97900", "2011-12-31": "2834.03100", "2010-12-31": "995.43800", "2009-12-31": "704.53300", "2008-12-31": "782.28500", "2007-12-31": "441.59300", "2006-12-31": "182.06900", "2005-12-31": "165.06200"}, "Total Common And Preferred Stock Dividends Paid": {"2019-12-31": "-1400.71200", "2018-12-31": "-1348.86300", "2017-12-31": "-1325.61700", "2016-12-31": "-1298.92500", "2015-12-31": "-1210.13300", "2014-12-31": "-1035.06900", "2013-12-31": "-906.27500", "2012-12-31": "-722.45000", "2011-12-31": "-544.24800", "2010-12-31": "-370.22300", "2009-12-31": "-333.83900", "2008-12-31": "-276.86000", "2007-12-31": "-208.09900", "2006-12-31": "-199.82800", "2005-12-31": "-154.14200"}, "Financial Activities - Other": {"2019-12-31": "-217.39200", "2018-12-31": "-107.12600", "2017-12-31": "-96.32300", "2016-12-31": "-20.03900", "2015-12-31": "68.83000", "2014-12-31": "-52.09500", "2013-12-31": "-64.36400", "2012-12-31": "-12.79300", "2011-12-31": "-52.08100", "2010-12-31": "-4.55900", "2009-12-31": "-7.28000", "2008-12-31": "0.44200", "2007-12-31": "1.32700", "2006-12-31": "-2.37700", "2005-12-31": "-2.02100"}, "Cash Flow From Financial Activities": {"2019-12-31": "577.15000", "2018-12-31": "818.36800", "2017-12-31": "-1913.52700", "2016-12-31": "-1250.81700", "2015-12-31": "1997.31800", "2014-12-31": "1303.17200", "2013-12-31": "1667.67000", "2012-12-31": "3645.12800", "2011-12-31": "3963.81700", "2010-12-31": "2043.39200", "2009-12-31": "-99.09300", "2008-12-31": "667.94300", "2007-12-31": "615.50600", "2006-12-31": "344.34800", "2005-12-31": "271.12600"}, "Net Cash Flow": {"2019-12-31": "69.63700", "2018-12-31": "6.82600", "2017-12-31": "-297.91700", "2016-12-31": "184.53000", "2015-12-31": "-130.73300", "2014-12-31": "314.94600", "2013-12-31": "-874.98400", "2012-12-31": "870.28200", "2011-12-31": "31.91200", "2010-12-31": "96.09400", "2009-12-31": "12.10600", "2008-12-31": "-6.89900", "2007-12-31": "-5.94700", "2006-12-31": "-0.02100", "2005-12-31": "16.47400"}, "Stock-Based Compensation": {"2019-12-31": "25.04700", "2018-12-31": "27.64600", "2017-12-31": "19.10200", "2016-12-31": "28.86900", "2015-12-31": "30.84400", "2014-12-31": "32.07500", "2013-12-31": "20.17700", "2012-12-31": "18.52100", "2011-12-31": "10.78600", "2010-12-31": "11.82300", "2009-12-31": "9.63300", "2008-12-31": "8.53000", "2007-12-31": "7.05000", "2006-12-31": "6.98000", "2005-12-31": "2.94800"}, "Common Stock Dividends Paid": {"2019-12-31": "-1400.71200", "2018-12-31": "-1348.86300", "2017-12-31": "-1325.61700", "2016-12-31": "-1298.92500", "2015-12-31": "-1210.13300", "2014-12-31": "-1035.06900", "2013-12-31": "-906.27500", "2012-12-31": "-722.45000", "2011-12-31": "-544.24800", "2010-12-31": "-370.22300", "2009-12-31": "-333.83900", "2008-12-31": "-276.86000", "2007-12-31": "-208.09900", "2006-12-31": "-199.82800", "2005-12-31": "-154.14200"}}, "cash flow statement, quarterly": {"Net Income/Loss": {"2020-09-30": 394.978, "2020-06-30": 159.216, "2020-03-31": "329.38000", "2019-12-31": 240.136, "2019-09-30": 647.932, "2019-06-30": 150.04, "2019-03-31": "292.30200", "2018-12-31": 124.696, "2018-09-30": 84.226, "2018-06-30": 167.273, "2018-03-31": "453.55500", "2017-12-31": -89.743, "2017-09-30": 89.304, "2017-06-30": 203.442, "2017-03-31": "337.61000", "2016-12-31": 351.109, "2016-09-30": 354.738, "2016-06-30": 210.749, "2016-03-31": "165.47400", "2015-12-31": 149.415, "2015-09-30": 199.254, "2015-06-30": 330.458, "2015-03-31": "209.42200", "2014-12-31": 206.475, "2014-09-30": 152.771, "2014-06-30": 87.854, "2014-03-31": "65.20000", "2013-12-31": 25.692, "2013-09-30": 33.608, "2013-06-30": 7.181, "2013-03-31": "71.79900", "2012-12-31": 107.004, "2012-09-30": 53.507, "2012-06-30": 76.871, "2012-03-31": "57.45800", "2011-12-31": 42.343, "2011-09-30": 52.355, "2011-06-30": 86.208, "2011-03-31": "31.81000", "2010-12-31": 46.034, "2010-09-30": 0.092, "2010-06-30": 51.064, "2010-03-31": "31.69400", "2009-12-31": 36.838, "2009-09-30": 24.686, "2009-06-30": 64.758, "2009-03-31": "66.64500", "2008-12-31": 27.389, "2008-09-30": 59.32, "2008-06-30": 161.258, "2008-03-31": "35.45800", "2007-12-31": 46.137, "2007-09-30": 30.846, "2007-06-30": 31.937, "2007-03-31": "29.67300", "2006-12-31": 22.959, "2006-09-30": 26.812, "2006-06-30": 28.001, "2006-03-31": "24.97800", "2005-12-31": 31.92, "2005-09-30": 25.296, "2005-06-30": 3.831, "2005-03-31": "23.23900"}, "Total Depreciation And Amortization - Cash Flow": {"2020-09-30": 257.833, "2020-06-30": 268.655, "2020-03-31": "277.45600", "2019-12-31": 265.656, "2019-09-30": 275.825, "2019-06-30": 251.819, "2019-03-31": "249.92400", "2018-12-31": 248.348, "2018-09-30": 247.896, "2018-06-30": 240.733, "2018-03-31": "233.09000", "2017-12-31": 243.061, "2017-09-30": 234.576, "2017-06-30": 229.316, "2017-03-31": "231.64500", "2016-12-31": 231.279, "2016-09-30": 220.369, "2016-06-30": 228.694, "2016-03-31": "230.04400", "2015-12-31": 225.088, "2015-09-30": 209.202, "2015-06-30": 210.697, "2015-03-31": "190.26200", "2014-12-31": 196.974, "2014-09-30": 203.67, "2014-06-30": 215.94, "2014-03-31": "235.25600", "2013-12-31": 244.963, "2013-09-30": 243.167, "2013-06-30": 202.899, "2013-03-31": "191.48800", "2012-12-31": 143.223, "2012-09-30": 137.013, "2012-06-30": 136.545, "2012-03-31": "132.15400", "2011-12-31": 126.052, "2011-09-30": 119.232, "2011-06-30": 114.217, "2011-03-31": "78.44800", "2010-12-31": 62.366, "2010-09-30": 56.707, "2010-06-30": 51.275, "2010-03-31": "46.50800", "2009-12-31": 45.824, "2009-09-30": 44.071, "2009-06-30": 44.179, "2009-03-31": "44.54800", "2008-12-31": 45.502, "2008-09-30": 46.804, "2008-06-30": 41.794, "2008-03-31": "42.83700", "2007-12-31": 44.799, "2007-09-30": 42.301, "2007-06-30": 36.225, "2007-03-31": "34.57400", "2006-12-31": -71.027, "2006-09-30": 25.307, "2006-06-30": 24.855, "2006-03-31": "23.95500", "2005-12-31": -62.856, "2005-09-30": 22.662, "2005-06-30": 22.691, "2005-03-31": "21.43800"}, "Other Non-Cash Items": {"2020-09-30": -317.3161, "2020-06-30": -92.079, "2020-03-31": "-208.23300", "2019-12-31": -94.6481, "2019-09-30": -508.831, "2019-06-30": 4.014, "2019-03-31": "-145.71500", "2018-12-31": 15.412, "2018-09-30": -20.597, "2018-06-30": 25.606, "2018-03-31": "-312.88500", "2017-12-31": 153.336, "2017-09-30": -24.565, "2017-06-30": -33.966, "2017-03-31": "-190.13600", "2016-12-31": -175.691, "2016-09-30": -154.046, "2016-06-30": -16.717, "2016-03-31": "-3.19900", "2015-12-31": -19.954, "2015-09-30": -22.893, "2015-06-30": -186.841, "2015-03-31": "-103.02100", "2014-12-31": -115.921, "2014-09-30": -42.835, "2014-06-30": 4.994, "2014-03-31": "2.31200", "2013-12-31": 15.874, "2013-09-30": -12.379, "2013-06-30": 19.002, "2013-03-31": "-74.78300", "2012-12-31": -18.393, "2012-09-30": 13.612, "2012-06-30": -44.25, "2012-03-31": "3.46100", "2011-12-31": 2.177, "2011-09-30": -10.221, "2011-06-30": -37.232, "2011-03-31": "-23.07400", "2010-12-31": -15.295, "2010-09-30": 25.878, "2010-06-30": 1.273, "2010-03-31": "15.38700", "2009-12-31": 28.588, "2009-09-30": 34.016, "2009-06-30": -7.379, "2009-03-31": "-9.13600", "2008-12-31": 9.253, "2008-09-30": -12.571, "2008-06-30": -104.998, "2008-03-31": "-5.03200", "2007-12-31": -5.382, "2007-09-30": -1.18, "2007-06-30": -3.212, "2007-03-31": "-2.15400", "2006-12-31": 3.712, "2006-09-30": 0.951, "2006-06-30": 0.206, "2006-03-31": "8.45600", "2005-12-31": 3.149, "2005-09-30": 0.5, "2005-06-30": -0.221, "2005-03-31": "-2.44500"}, "Total Non-Cash Items": {"2020-09-30": -59.4831, "2020-06-30": 176.576, "2020-03-31": "69.22300", "2019-12-31": 171.008, "2019-09-30": -233.006, "2019-06-30": 255.833, "2019-03-31": "104.20900", "2018-12-31": 263.7599, "2018-09-30": 227.299, "2018-06-30": 266.339, "2018-03-31": "-79.79500", "2017-12-31": 396.3968, "2017-09-30": 210.0111, "2017-06-30": 195.35, "2017-03-31": "41.50900", "2016-12-31": 55.588, "2016-09-30": 66.323, "2016-06-30": 211.977, "2016-03-31": "226.84500", "2015-12-31": 205.1339, "2015-09-30": 186.309, "2015-06-30": 23.856, "2015-03-31": "87.24100", "2014-12-31": 81.0531, "2014-09-30": 160.835, "2014-06-30": 220.934, "2014-03-31": "237.56800", "2013-12-31": 260.837, "2013-09-30": 230.788, "2013-06-30": 221.901, "2013-03-31": "116.70500", "2012-12-31": 124.83, "2012-09-30": 150.625, "2012-06-30": 92.295, "2012-03-31": "135.61500", "2011-12-31": 128.229, "2011-09-30": 109.011, "2011-06-30": 76.985, "2011-03-31": "55.37400", "2010-12-31": 47.071, "2010-09-30": 82.585, "2010-06-30": 52.548, "2010-03-31": "61.89500", "2009-12-31": 74.412, "2009-09-30": 78.087, "2009-06-30": 36.8, "2009-03-31": "35.41200", "2008-12-31": 54.755, "2008-09-30": 34.233, "2008-06-30": -63.204, "2008-03-31": "37.80500", "2007-12-31": 39.417, "2007-09-30": 41.121, "2007-06-30": 33.013, "2007-03-31": "32.42000", "2006-12-31": -66.048, "2006-09-30": 26.258, "2006-06-30": 25.061, "2006-03-31": "32.41100", "2005-12-31": -56.48, "2005-09-30": 23.162, "2005-06-30": 22.47, "2005-03-31": "18.99300"}, "Change In Accounts Receivable": {"2020-09-30": -55.622, "2020-06-30": 11.589, "2020-03-31": "43.28400", "2019-12-31": -55.163, "2019-09-30": -4.938, "2019-06-30": 21.931, "2019-03-31": "-25.24800", "2018-12-31": 17.052, "2018-09-30": 4.443, "2018-06-30": -21.257, "2018-03-31": "5.59100", "2017-12-31": 109.961, "2017-09-30": -82.668, "2017-06-30": 9.264, "2017-03-31": "-13.07100", "2016-12-31": 17.52, "2016-09-30": -32.548, "2016-06-30": -4.825, "2016-03-31": "1.81600", "2015-12-31": 43.453, "2015-09-30": -0.927, "2015-06-30": -19.056, "2015-03-31": "-22.99200", "2014-12-31": 26.095, "2014-09-30": -30.279, "2014-06-30": -2.88, "2014-03-31": "-18.57500", "2013-12-31": 18.15, "2013-09-30": -29.365, "2013-06-30": -29.384, "2013-03-31": "-6.97200", "2012-12-31": 1.033, "2012-09-30": 8.238, "2012-06-30": -14.683, "2012-03-31": "-12.87300", "2011-12-31": 10.147, "2011-09-30": 32.304, "2011-06-30": -17.551, "2011-03-31": "-29.64400", "2010-12-31": -19.122, "2010-09-30": 9.834, "2010-06-30": -4.322, "2010-03-31": "-6.92500", "2009-12-31": -25.167, "2009-09-30": -7.494, "2009-06-30": 0.664, "2009-03-31": "-4.07100", "2008-12-31": 0.9, "2008-09-30": -2.94, "2008-06-30": 0.389, "2008-03-31": "-2.04300", "2007-12-31": -2.226, "2007-09-30": 4.358, "2007-06-30": -1.722, "2007-03-31": "2.26600", "2006-12-31": 8.17, "2006-09-30": 0.07, "2006-06-30": -12.815, "2006-03-31": "-1.64500", "2005-12-31": 3.873, "2005-09-30": -1.679, "2005-06-30": 2.805, "2005-03-31": "-1.90100"}, "Change In Inventories": {"2020-09-30": 0, "2020-06-30": 0, "2020-03-31": "", "2019-12-31": 0, "2019-09-30": 0, "2019-06-30": 0, "2019-03-31": "", "2018-12-31": 0, "2018-09-30": 0, "2018-06-30": 0, "2018-03-31": "", "2017-12-31": 0, "2017-09-30": 0, "2017-06-30": 0, "2017-03-31": "", "2016-12-31": 0, "2016-09-30": 0, "2016-06-30": 0, "2016-03-31": "", "2015-12-31": 0, "2015-09-30": 0, "2015-06-30": 0, "2015-03-31": "", "2014-12-31": 0, "2014-09-30": 0, "2014-06-30": 0, "2014-03-31": "", "2013-12-31": 0, "2013-09-30": 0, "2013-06-30": 0, "2013-03-31": "", "2012-12-31": 0, "2012-09-30": 0, "2012-06-30": 0, "2012-03-31": "", "2011-12-31": 0, "2011-09-30": 0, "2011-06-30": 0, "2011-03-31": "", "2010-12-31": 0, "2010-09-30": 0, "2010-06-30": 0, "2010-03-31": "", "2009-12-31": 0, "2009-09-30": 0, "2009-06-30": 0, "2009-03-31": "", "2008-12-31": 0, "2008-09-30": 0, "2008-06-30": 0, "2008-03-31": "", "2007-12-31": 0, "2007-09-30": 0, "2007-06-30": 0, "2007-03-31": "", "2006-12-31": 0, "2006-09-30": 0, "2006-06-30": 0, "2006-03-31": "", "2005-12-31": 0, "2005-09-30": 0, "2005-06-30": 0, "2005-03-31": ""}, "Change In Accounts Payable": {"2020-09-30": 0, "2020-06-30": 0, "2020-03-31": "", "2019-12-31": 0, "2019-09-30": 0, "2019-06-30": 0, "2019-03-31": "", "2018-12-31": 0, "2018-09-30": 0, "2018-06-30": 0, "2018-03-31": "", "2017-12-31": 0, "2017-09-30": 0, "2017-06-30": 0, "2017-03-31": "", "2016-12-31": 0, "2016-09-30": 0, "2016-06-30": 0, "2016-03-31": "", "2015-12-31": 0, "2015-09-30": 0, "2015-06-30": 0, "2015-03-31": "", "2014-12-31": 0, "2014-09-30": 0, "2014-06-30": 0, "2014-03-31": "", "2013-12-31": 0, "2013-09-30": 0, "2013-06-30": 0, "2013-03-31": "", "2012-12-31": 0, "2012-09-30": 0, "2012-06-30": 0, "2012-03-31": "", "2011-12-31": 0, "2011-09-30": 0, "2011-06-30": 0, "2011-03-31": "", "2010-12-31": 0, "2010-09-30": 0, "2010-06-30": 0, "2010-03-31": "", "2009-12-31": 0, "2009-09-30": 0, "2009-06-30": 0, "2009-03-31": "", "2008-12-31": 0, "2008-09-30": 0, "2008-06-30": 0, "2008-03-31": "", "2007-12-31": 0, "2007-09-30": 0, "2007-06-30": 0, "2007-03-31": "", "2006-12-31": 0, "2006-09-30": 0, "2006-06-30": 0, "2006-03-31": "", "2005-12-31": 0, "2005-09-30": 0, "2005-06-30": 0, "2005-03-31": ""}, "Change In Assets/Liabilities": {"2020-09-30": 0, "2020-06-30": 0, "2020-03-31": "", "2019-12-31": 0, "2019-09-30": 0, "2019-06-30": 0, "2019-03-31": "", "2018-12-31": 0, "2018-09-30": 0, "2018-06-30": 0, "2018-03-31": "", "2017-12-31": 0, "2017-09-30": 0, "2017-06-30": 0, "2017-03-31": "", "2016-12-31": 0, "2016-09-30": 0, "2016-06-30": 0, "2016-03-31": "", "2015-12-31": 0, "2015-09-30": 0, "2015-06-30": 0, "2015-03-31": "", "2014-12-31": 0, "2014-09-30": 0, "2014-06-30": 0, "2014-03-31": "", "2013-12-31": 0, "2013-09-30": 0, "2013-06-30": 0, "2013-03-31": "", "2012-12-31": 0, "2012-09-30": 0, "2012-06-30": 0, "2012-03-31": "", "2011-12-31": 0, "2011-09-30": 0, "2011-06-30": 0, "2011-03-31": "", "2010-12-31": 0, "2010-09-30": 0, "2010-06-30": 0, "2010-03-31": "", "2009-12-31": 0, "2009-09-30": 0, "2009-06-30": 0, "2009-03-31": "", "2008-12-31": 0, "2008-09-30": 0, "2008-06-30": 0, "2008-03-31": "", "2007-12-31": 0, "2007-09-30": 0, "2007-06-30": 0, "2007-03-31": "", "2006-12-31": 0, "2006-09-30": 0, "2006-06-30": 0, "2006-03-31": "", "2005-12-31": 0, "2005-09-30": 0, "2005-06-30": 0, "2005-03-31": ""}, "Total Change In Assets/Liabilities": {"2020-09-30": -37.527, "2020-06-30": 63.967, "2020-03-31": "13.25400", "2019-12-31": -85.076, "2019-09-30": -59.508, "2019-06-30": 104.714, "2019-03-31": "-52.61600", "2018-12-31": -15.66, "2018-09-30": 61.199, "2018-06-30": 36.168, "2018-03-31": "-5.11600", "2017-12-31": -34.941, "2017-09-30": 19.04, "2017-06-30": 59.791, "2017-03-31": "6.40700", "2016-12-31": -47.801, "2016-09-30": 3.45, "2016-06-30": 52.322, "2016-03-31": "-11.71000", "2015-12-31": -8.274, "2015-09-30": 31.415, "2015-06-30": 38.85, "2015-03-31": "-70.48100", "2014-12-31": -3.027, "2014-09-30": -54.971, "2014-06-30": 28.085, "2014-03-31": "-44.10700", "2013-12-31": 76.061, "2013-09-30": -45.226, "2013-06-30": -22.153, "2013-03-31": "11.30400", "2012-12-31": 22.829, "2012-09-30": 8.3, "2012-06-30": 7.828, "2012-03-31": "-19.02900", "2011-12-31": 0.019, "2011-09-30": 14.669, "2011-06-30": -35.382, "2011-03-31": "26.60300", "2010-12-31": -16.968, "2010-09-30": 14.421, "2010-06-30": -4.594, "2010-03-31": "-1.10100", "2009-12-31": -20.44, "2009-09-30": 3.343, "2009-06-30": -11.647, "2009-03-31": "-7.63500", "2008-12-31": -5.865, "2008-09-30": 14.192, "2008-06-30": 2.933, "2008-03-31": "2.40900", "2007-12-31": -2.679, "2007-09-30": 10.21, "2007-06-30": -7.373, "2007-03-31": "-0.73500", "2006-12-31": 4.127, "2006-09-30": 4.951, "2006-06-30": -16.652, "2006-03-31": "7.16400", "2005-12-31": 1.741, "2005-09-30": 0.345, "2005-06-30": 7.409, "2005-03-31": "-9.77200"}, "Cash Flow From Operating Activities": {"2020-09-30": 297.968, "2020-06-30": 399.759, "2020-03-31": "411.85700", "2019-12-31": 326.068, "2019-09-30": 355.418, "2019-06-30": 510.587, "2019-03-31": "343.89500", "2018-12-31": 372.796, "2018-09-30": 372.724, "2018-06-30": 469.78, "2018-03-31": "368.64400", "2017-12-31": 271.713, "2017-09-30": 318.355, "2017-06-30": 458.583, "2017-03-31": "385.52600", "2016-12-31": 358.896, "2016-09-30": 424.511, "2016-06-30": 475.048, "2016-03-31": "380.60900", "2015-12-31": 346.275, "2015-09-30": 416.978, "2015-06-30": 393.164, "2015-03-31": "226.18200", "2014-12-31": 284.501, "2014-09-30": 258.635, "2014-06-30": 336.873, "2014-03-31": "258.66100", "2013-12-31": 362.59, "2013-09-30": 219.17, "2013-06-30": 206.929, "2013-03-31": "199.80800", "2012-12-31": 254.663, "2012-09-30": 212.432, "2012-06-30": 176.994, "2012-03-31": "174.04400", "2011-12-31": 170.591, "2011-09-30": 176.035, "2011-06-30": 127.811, "2011-03-31": "113.78700", "2010-12-31": 76.137, "2010-09-30": 97.098, "2010-06-30": 99.018, "2010-03-31": "92.48800", "2009-12-31": 90.81, "2009-09-30": 106.116, "2009-06-30": 89.911, "2009-03-31": "94.42200", "2008-12-31": 76.279, "2008-09-30": 107.745, "2008-06-30": 100.987, "2008-03-31": "75.67200", "2007-12-31": 82.875, "2007-09-30": 82.177, "2007-06-30": 57.577, "2007-03-31": "61.35800", "2006-12-31": -141.302, "2006-09-30": 58.021, "2006-06-30": 36.41, "2006-03-31": "64.55300", "2005-12-31": -106.828, "2005-09-30": 48.803, "2005-06-30": 33.71, "2005-03-31": "32.46000"}, "Net Change In Property, Plant, And Equipment": {"2020-09-30": 1427.401, "2020-06-30": 1099.718, "2020-03-31": "292.43300", "2019-12-31": 2866.5609, "2019-09-30": 1513.3501, "2019-06-30": -2634.369, "2019-03-31": "252.79600", "2018-12-31": 3358.795, "2018-09-30": -2421.126, "2018-06-30": -240.006, "2018-03-31": "417.31800", "2017-12-31": 588.3841, "2017-09-30": -417.831, "2017-06-30": -148.799, "2017-03-31": "873.26900", "2016-12-31": 959.0832, "2016-09-30": -882.113, "2016-06-30": -221.307, "2016-03-31": "-273.24600", "2015-12-31": -851.901, "2015-09-30": -297.176, "2015-06-30": -399.25, "2015-03-31": "-1413.10900", "2014-12-31": -854.461, "2014-09-30": -278.599, "2014-06-30": -361.972, "2014-03-31": "-135.16400", "2013-12-31": -530.101, "2013-09-30": -690.337, "2013-06-30": -722.915, "2013-03-31": "-1555.97100", "2012-12-31": -917.421, "2012-09-30": -815.842, "2012-06-30": -463.961, "2012-03-31": "-537.61600", "2011-12-31": -849.053, "2011-09-30": -646.954, "2011-06-30": -2522.601, "2011-03-31": "-639.30400", "2010-12-31": -1188.907, "2010-09-30": -330.861, "2010-06-30": -211.629, "2010-03-31": "-123.75200", "2009-12-31": -111.081, "2009-09-30": -97.797, "2009-06-30": -67.682, "2009-03-31": "-98.39200", "2008-12-31": -121.612, "2008-09-30": -312.82, "2008-06-30": -182.582, "2008-03-31": "-168.31500", "2007-12-31": -152.932, "2007-09-30": -134.023, "2007-06-30": -95.802, "2007-03-31": "-150.13800", "2006-12-31": -103.988, "2006-09-30": -109.202, "2006-06-30": -70.639, "2006-03-31": "-75.46700", "2005-12-31": -291.781, "2005-09-30": -10.178, "2005-06-30": -179.813, "2005-03-31": "-26.19400"}, "Net Change In Intangible Assets": {"2020-09-30": 0, "2020-06-30": 0, "2020-03-31": "", "2019-12-31": 0, "2019-09-30": 0, "2019-06-30": 0, "2019-03-31": "", "2018-12-31": 0, "2018-09-30": 0, "2018-06-30": 0, "2018-03-31": "", "2017-12-31": 0, "2017-09-30": 0, "2017-06-30": 0, "2017-03-31": "", "2016-12-31": 0, "2016-09-30": 0, "2016-06-30": 0, "2016-03-31": "", "2015-12-31": 0, "2015-09-30": 0, "2015-06-30": 0, "2015-03-31": "", "2014-12-31": 0, "2014-09-30": 0, "2014-06-30": 0, "2014-03-31": "", "2013-12-31": 0, "2013-09-30": 0, "2013-06-30": 0, "2013-03-31": "", "2012-12-31": 0, "2012-09-30": 0, "2012-06-30": 0, "2012-03-31": "", "2011-12-31": 0, "2011-09-30": 0, "2011-06-30": 0, "2011-03-31": "", "2010-12-31": 0, "2010-09-30": 0, "2010-06-30": 0, "2010-03-31": "", "2009-12-31": 0, "2009-09-30": 0, "2009-06-30": 0, "2009-03-31": "", "2008-12-31": 0, "2008-09-30": 0, "2008-06-30": 0, "2008-03-31": "", "2007-12-31": 0, "2007-09-30": 0, "2007-06-30": 0, "2007-03-31": "", "2006-12-31": 0, "2006-09-30": 0, "2006-06-30": 0, "2006-03-31": "", "2005-12-31": 0, "2005-09-30": 0, "2005-06-30": 0, "2005-03-31": ""}, "Net Acquisitions/Divestitures": {"2020-09-30": 0, "2020-06-30": 0, "2020-03-31": "", "2019-12-31": -3959.683, "2019-09-30": 0, "2019-06-30": 0, "2019-03-31": "", "2018-12-31": -3560.36, "2018-09-30": 0, "2018-06-30": 0, "2018-03-31": "", "2017-12-31": -805.264, "2017-09-30": 0, "2017-06-30": 0, "2017-03-31": "", "2016-12-31": 0, "2016-09-30": 0, "2016-06-30": 0, "2016-03-31": "", "2015-12-31": 0, "2015-09-30": 0, "2015-06-30": 0, "2015-03-31": "", "2014-12-31": 0, "2014-09-30": 0, "2014-06-30": 0, "2014-03-31": "", "2013-12-31": 0, "2013-09-30": 0, "2013-06-30": 0, "2013-03-31": "", "2012-12-31": 0, "2012-09-30": 0, "2012-06-30": 0, "2012-03-31": "", "2011-12-31": 0, "2011-09-30": 0, "2011-06-30": 0, "2011-03-31": "", "2010-12-31": 0, "2010-09-30": 0, "2010-06-30": 0, "2010-03-31": "", "2009-12-31": 0, "2009-09-30": 0, "2009-06-30": 0, "2009-03-31": "", "2008-12-31": 0, "2008-09-30": 0, "2008-06-30": 0, "2008-03-31": "", "2007-12-31": 0, "2007-09-30": 0, "2007-06-30": -141.963, "2007-03-31": "", "2006-12-31": -182.571, "2006-09-30": 0, "2006-06-30": 0, "2006-03-31": "", "2005-12-31": 0, "2005-09-30": 0, "2005-06-30": 0, "2005-03-31": ""}, "Net Change In Short-term Investments": {"2020-09-30": 0, "2020-06-30": 0, "2020-03-31": "", "2019-12-31": 0, "2019-09-30": 0, "2019-06-30": 0, "2019-03-31": "", "2018-12-31": 0, "2018-09-30": 0, "2018-06-30": 0, "2018-03-31": "", "2017-12-31": 0, "2017-09-30": 0, "2017-06-30": 0, "2017-03-31": "", "2016-12-31": 21.218, "2016-09-30": -24.56, "2016-06-30": 3.736, "2016-03-31": "-0.39400", "2015-12-31": -10.512, "2015-09-30": -1.91, "2015-06-30": 14.082, "2015-03-31": "-1.66000", "2014-12-31": 39.274, "2014-09-30": -53.028, "2014-06-30": 2.658, "2014-03-31": "5.02400", "2013-12-31": 11.161, "2013-09-30": 151.088, "2013-06-30": 12.548, "2013-03-31": "-94.84000", "2012-12-31": 34.043, "2012-09-30": -60.785, "2012-06-30": 4.855, "2012-03-31": "-13.87900", "2011-12-31": 2.404, "2011-09-30": -14.179, "2011-06-30": -3.774, "2011-03-31": "45.79700", "2010-12-31": -17.845, "2010-09-30": 2.139, "2010-06-30": -41.963, "2010-03-31": "5.54500", "2009-12-31": -5.744, "2009-09-30": 1.34, "2009-06-30": -2.475, "2009-03-31": "137.71200", "2008-12-31": -72.888, "2008-09-30": 66.512, "2008-06-30": -133.905, "2008-03-31": "1.77900", "2007-12-31": 2.163, "2007-09-30": -2.715, "2007-06-30": -7.026, "2007-03-31": "", "2006-12-31": 0.127, "2006-09-30": 0, "2006-06-30": 0, "2006-03-31": "", "2005-12-31": 0, "2005-09-30": 0, "2005-06-30": 0, "2005-03-31": ""}, "Net Change In Long-Term Investments": {"2020-09-30": -195.22, "2020-06-30": -19.308, "2020-03-31": "-0.75300", "2019-12-31": 53.808, "2019-09-30": 24.105, "2019-06-30": -40.163, "2019-03-31": "-38.24200", "2018-12-31": 9.392, "2018-09-30": 132.436, "2018-06-30": -39.402, "2018-03-31": "54.86000", "2017-12-31": 98.5, "2017-09-30": 62.535, "2017-06-30": 13.813, "2017-03-31": "-8.36500", "2016-12-31": 51.577, "2016-09-30": 2.312, "2016-06-30": 107.603, "2016-03-31": "66.52300", "2015-12-31": -89.273, "2015-09-30": 35.51, "2015-06-30": -11.052, "2015-03-31": "-295.71700", "2014-12-31": -53.446, "2014-09-30": 0.94, "2014-06-30": -14.873, "2014-03-31": "-19.06300", "2013-12-31": -90.104, "2013-09-30": 69.257, "2013-06-30": -35.48, "2013-03-31": "35.35100", "2012-12-31": -608.54, "2012-09-30": -9.606, "2012-06-30": 1.084, "2012-03-31": "-6.36000", "2011-12-31": 24.819, "2011-09-30": 2.586, "2011-06-30": 120.7, "2011-03-31": "-10.77100", "2010-12-31": -20.09, "2010-09-30": -1.316, "2010-06-30": -25.879, "2010-03-31": "-6.48500", "2009-12-31": 49.352, "2009-09-30": -6.021, "2009-06-30": -8.137, "2009-03-31": "2.16800", "2008-12-31": -4.111, "2008-09-30": -6.878, "2008-06-30": -48.281, "2008-03-31": "-5.67000", "2007-12-31": -107.268, "2007-09-30": -21.922, "2007-06-30": 8.14, "2007-03-31": "-62.49800", "2006-12-31": 26.923, "2006-09-30": -49.849, "2006-06-30": -0.579, "2006-03-31": "18.77000", "2005-12-31": 41.003, "2005-09-30": 8.601, "2005-06-30": -0.652, "2005-03-31": "9.29900"}, "Net Change In Investments - Total": {"2020-09-30": -195.22, "2020-06-30": -19.308, "2020-03-31": "-0.75300", "2019-12-31": 53.808, "2019-09-30": 24.105, "2019-06-30": -40.163, "2019-03-31": "-38.24200", "2018-12-31": 9.392, "2018-09-30": 132.436, "2018-06-30": -39.402, "2018-03-31": "54.86000", "2017-12-31": 98.5, "2017-09-30": 62.535, "2017-06-30": 13.813, "2017-03-31": "-8.36500", "2016-12-31": 72.795, "2016-09-30": -22.248, "2016-06-30": 111.339, "2016-03-31": "66.12900", "2015-12-31": -99.785, "2015-09-30": 33.6, "2015-06-30": 3.03, "2015-03-31": "-297.37700", "2014-12-31": -14.172, "2014-09-30": -52.088, "2014-06-30": -12.215, "2014-03-31": "-14.03900", "2013-12-31": -78.943, "2013-09-30": 220.345, "2013-06-30": -22.932, "2013-03-31": "-59.48900", "2012-12-31": -574.497, "2012-09-30": -70.391, "2012-06-30": 5.939, "2012-03-31": "-20.23900", "2011-12-31": 27.223, "2011-09-30": -11.593, "2011-06-30": 116.926, "2011-03-31": "35.02600", "2010-12-31": -37.935, "2010-09-30": 0.823, "2010-06-30": -67.842, "2010-03-31": "-0.94000", "2009-12-31": 43.608, "2009-09-30": -4.681, "2009-06-30": -10.612, "2009-03-31": "139.88000", "2008-12-31": -76.999, "2008-09-30": 59.634, "2008-06-30": -182.186, "2008-03-31": "-3.89100", "2007-12-31": -105.105, "2007-09-30": -24.637, "2007-06-30": 1.114, "2007-03-31": "-62.49800", "2006-12-31": 27.05, "2006-09-30": -49.849, "2006-06-30": -0.579, "2006-03-31": "18.77000", "2005-12-31": 41.003, "2005-09-30": 8.601, "2005-06-30": -0.652, "2005-03-31": "9.29900"}, "Investing Activities - Other": {"2020-09-30": -44.616, "2020-06-30": -87.978, "2020-03-31": "-141.93200", "2019-12-31": 48.848, "2019-09-30": -64.416, "2019-06-30": -54.1, "2019-03-31": "-17.28600", "2018-12-31": -61.005, "2018-09-30": 25.146, "2018-06-30": -11.418, "2018-03-31": "-51.10100", "2017-12-31": -127.457, "2017-09-30": -0.926, "2017-06-30": -28.548, "2017-03-31": "55.27000", "2016-12-31": 75.815, "2016-09-30": -25.34, "2016-06-30": -9.503, "2016-03-31": "-34.84700", "2015-12-31": -44.747, "2015-09-30": -19.624, "2015-06-30": -16.454, "2015-03-31": "-99.28200", "2014-12-31": -150.677, "2014-09-30": 22.213, "2014-06-30": -72.844, "2014-03-31": "-202.18800", "2013-12-31": 280.005, "2013-09-30": -29.993, "2013-06-30": 11.981, "2013-03-31": "-353.24300", "2012-12-31": -3.447, "2012-09-30": 16.461, "2012-06-30": -231.983, "2012-03-31": "20.01800", "2011-12-31": -25.664, "2011-09-30": 0.811, "2011-06-30": 2.156, "2011-03-31": "-7.10200", "2010-12-31": -84.947, "2010-09-30": -69.072, "2010-06-30": -29.806, "2010-03-31": "-167.17100", "2009-12-31": -13.468, "2009-09-30": -26.388, "2009-06-30": -2.039, "2009-03-31": "-21.40800", "2008-12-31": -20.192, "2008-09-30": -1.066, "2008-06-30": 6.195, "2008-03-31": "-31.69100", "2007-12-31": -33.939, "2007-09-30": -2.455, "2007-06-30": 0.177, "2007-03-31": "-3.23900", "2006-12-31": -11.375, "2006-09-30": -0.364, "2006-06-30": -1.978, "2006-03-31": "-0.49600", "2005-12-31": 0.387, "2005-09-30": 0.082, "2005-06-30": 0.117, "2005-03-31": "0.06000"}, "Cash Flow From Investing Activities": {"2020-09-30": 1187.565, "2020-06-30": 992.432, "2020-03-31": "149.74800", "2019-12-31": -990.466, "2019-09-30": 1473.039, "2019-06-30": -2728.632, "2019-03-31": "197.26800", "2018-12-31": -253.178, "2018-09-30": -2263.544, "2018-06-30": -290.826, "2018-03-31": "421.07700", "2017-12-31": -245.837, "2017-09-30": -356.222, "2017-06-30": -163.534, "2017-03-31": "920.17400", "2016-12-31": 1107.693, "2016-09-30": -929.701, "2016-06-30": -119.471, "2016-03-31": "-241.96400", "2015-12-31": -996.433, "2015-09-30": -283.2, "2015-06-30": -412.674, "2015-03-31": "-1809.76800", "2014-12-31": -1019.31, "2014-09-30": -308.474, "2014-06-30": -447.031, "2014-03-31": "-351.39100", "2013-12-31": -329.039, "2013-09-30": -499.985, "2013-06-30": -733.866, "2013-03-31": "-1968.70300", "2012-12-31": -1495.365, "2012-09-30": -869.772, "2012-06-30": -690.005, "2012-03-31": "-537.83700", "2011-12-31": -847.494, "2011-09-30": -657.736, "2011-06-30": -2403.519, "2011-03-31": "-611.38000", "2010-12-31": -1311.789, "2010-09-30": -399.11, "2010-06-30": -309.277, "2010-03-31": "-291.86300", "2009-12-31": -80.941, "2009-09-30": -128.866, "2009-06-30": -80.333, "2009-03-31": "20.08000", "2008-12-31": -218.803, "2008-09-30": -254.252, "2008-06-30": -358.573, "2008-03-31": "-203.89700", "2007-12-31": -291.976, "2007-09-30": -161.115, "2007-06-30": -236.474, "2007-03-31": "-215.87500", "2006-12-31": -270.884, "2006-09-30": -159.415, "2006-06-30": -73.196, "2006-03-31": "-57.19300", "2005-12-31": -250.391, "2005-09-30": -1.495, "2005-06-30": -180.348, "2005-03-31": "-16.83500"}, "Net Long-Term Debt": {"2020-09-30": -758.999, "2020-06-30": 429.79, "2020-03-31": "-729.25700", "2019-12-31": 720.6248, "2019-09-30": -1407.9168, "2019-06-30": 2448.1141, "2019-03-31": "-621.69310", "2018-12-31": -289.855, "2018-09-30": 2038.915, "2018-06-30": 217.051, "2018-03-31": "-481.32900", "2017-12-31": 256.846, "2017-09-30": 35.41, "2017-06-30": -185.428, "2017-03-31": "-932.90200", "2016-12-31": -996.2501, "2016-09-30": 445.7021, "2016-06-30": 41.148, "2016-03-31": "43.35300", "2015-12-31": 930.8809, "2015-09-30": 23.3101, "2015-06-30": 298.695, "2015-03-31": "130.01300", "2014-12-31": 412.121, "2014-09-30": -26.362, "2014-06-30": -652.441, "2014-03-31": "313.15000", "2013-12-31": 159.608, "2013-09-30": 128.422, "2013-06-30": -693.289, "2013-03-31": "1188.93100", "2012-12-31": 1061.279, "2012-09-30": -402.881, "2012-06-30": 673.608, "2012-03-31": "-535.61400", "2011-12-31": 214.844, "2011-09-30": 384.796, "2011-06-30": 51.295, "2011-03-31": "1075.18000", "2010-12-31": 778.276, "2010-09-30": 70.1669, "2010-06-30": 299.8531, "2010-03-31": "274.44000", "2009-12-31": -8.101, "2009-09-30": -303.89, "2009-06-30": 106.486, "2009-03-31": "-257.00200", "2008-12-31": 177.456, "2008-09-30": -369.438, "2008-06-30": 298.664, "2008-03-31": "55.39400", "2007-12-31": 150.328, "2007-09-30": 115.257, "2007-06-30": -39.006, "2007-03-31": "154.10600", "2006-12-31": 285.668, "2006-09-30": 129.227, "2006-06-30": -55.768, "2006-03-31": "5.35700", "2005-12-31": 97.607, "2005-09-30": -15.171, "2005-06-30": 173.614, "2005-03-31": "6.17700"}, "Net Current Debt": {"2020-09-30": 0, "2020-06-30": 0, "2020-03-31": "", "2019-12-31": 0, "2019-09-30": 0, "2019-06-30": 0, "2019-03-31": "", "2018-12-31": 0, "2018-09-30": 0, "2018-06-30": 0, "2018-03-31": "", "2017-12-31": 0, "2017-09-30": 0, "2017-06-30": 0, "2017-03-31": "", "2016-12-31": 0, "2016-09-30": 0, "2016-06-30": 0, "2016-03-31": "", "2015-12-31": 0, "2015-09-30": 0, "2015-06-30": 0, "2015-03-31": "", "2014-12-31": 0, "2014-09-30": 0, "2014-06-30": 0, "2014-03-31": "", "2013-12-31": 0, "2013-09-30": 0, "2013-06-30": 0, "2013-03-31": "", "2012-12-31": 0, "2012-09-30": 0, "2012-06-30": 0, "2012-03-31": "", "2011-12-31": 0, "2011-09-30": 0, "2011-06-30": 0, "2011-03-31": "", "2010-12-31": 0, "2010-09-30": 0, "2010-06-30": 0, "2010-03-31": "", "2009-12-31": 0, "2009-09-30": 0, "2009-06-30": 0, "2009-03-31": "", "2008-12-31": 0, "2008-09-30": 0, "2008-06-30": 0, "2008-03-31": "", "2007-12-31": 0, "2007-09-30": 0, "2007-06-30": 0, "2007-03-31": "", "2006-12-31": 0, "2006-09-30": 0, "2006-06-30": 0, "2006-03-31": "", "2005-12-31": 0, "2005-09-30": 0, "2005-06-30": 0, "2005-03-31": ""}, "Debt Issuance/Retirement Net - Total": {"2020-09-30": -758.999, "2020-06-30": 429.79, "2020-03-31": "-729.25700", "2019-12-31": 720.6248, "2019-09-30": -1407.9168, "2019-06-30": 2448.1141, "2019-03-31": "-621.69310", "2018-12-31": -289.855, "2018-09-30": 2038.915, "2018-06-30": 217.051, "2018-03-31": "-481.32900", "2017-12-31": 256.846, "2017-09-30": 35.41, "2017-06-30": -185.428, "2017-03-31": "-932.90200", "2016-12-31": -996.2501, "2016-09-30": 445.7021, "2016-06-30": 41.148, "2016-03-31": "43.35300", "2015-12-31": 930.8809, "2015-09-30": 23.3101, "2015-06-30": 298.695, "2015-03-31": "130.01300", "2014-12-31": 412.121, "2014-09-30": -26.362, "2014-06-30": -652.441, "2014-03-31": "313.15000", "2013-12-31": 159.608, "2013-09-30": 128.422, "2013-06-30": -693.289, "2013-03-31": "1188.93100", "2012-12-31": 1061.279, "2012-09-30": -402.881, "2012-06-30": 673.608, "2012-03-31": "-535.61400", "2011-12-31": 214.844, "2011-09-30": 384.796, "2011-06-30": 51.295, "2011-03-31": "1075.18000", "2010-12-31": 778.276, "2010-09-30": 70.1669, "2010-06-30": 299.8531, "2010-03-31": "274.44000", "2009-12-31": -8.101, "2009-09-30": -303.89, "2009-06-30": 106.486, "2009-03-31": "-257.00200", "2008-12-31": 177.456, "2008-09-30": -369.438, "2008-06-30": 298.664, "2008-03-31": "55.39400", "2007-12-31": 150.328, "2007-09-30": 115.257, "2007-06-30": -39.006, "2007-03-31": "154.10600", "2006-12-31": 285.668, "2006-09-30": 129.227, "2006-06-30": -55.768, "2006-03-31": "5.35700", "2005-12-31": 97.607, "2005-09-30": -15.171, "2005-06-30": 173.614, "2005-03-31": "6.17700"}, "Net Common Equity Issued/Repurchased": {"2020-09-30": 0, "2020-06-30": -3.344, "2020-03-31": "591.00100", "2019-12-31": 370.02, "2019-09-30": 38.949, "2019-06-30": 113.613, "2019-03-31": "533.54300", "2018-12-31": 547.164, "2018-09-30": 232.223, "2018-06-30": 2.974, "2018-03-31": "7.21400", "2017-12-31": 90.995, "2017-09-30": 106.541, "2017-06-30": 304.8, "2017-03-31": "119.65100", "2016-12-31": 14.127, "2016-09-30": 361.035, "2016-06-30": 65.599, "2016-03-31": "93.43300", "2015-12-31": 113.741, "2015-09-30": 79.631, "2015-06-30": 72.803, "2015-03-31": "1489.54700", "2014-12-31": 82.96, "2014-09-30": 1158.939, "2014-06-30": 1038.214, "2014-03-31": "63.75500", "2013-12-31": 62.085, "2013-09-30": 62.317, "2013-06-30": 1684.858, "2013-03-31": "45.37700", "2012-12-31": 45.06, "2012-09-30": 2415.967, "2012-06-30": 32.488, "2012-03-31": "1087.77700", "2011-12-31": 646.913, "2011-09-30": 69.186, "2011-06-30": 33.377, "2011-03-31": "1388.11800", "2010-12-31": 508.873, "2010-09-30": 449.005, "2010-06-30": 19.769, "2010-03-31": "17.79100", "2009-12-31": 20.65, "2009-09-30": 434.687, "2009-06-30": 25.803, "2009-03-31": "223.39300", "2008-12-31": 44.96, "2008-09-30": 580.231, "2008-06-30": 18.84, "2008-03-31": "138.25400", "2007-12-31": 164.174, "2007-09-30": 17.589, "2007-06-30": 285.363, "2007-03-31": "24.46700", "2006-12-31": 16.261, "2006-09-30": 19.518, "2006-06-30": 127.305, "2006-03-31": "18.98500", "2005-12-31": 118.633, "2005-09-30": 19.006, "2005-06-30": 14.022, "2005-03-31": "13.40100"}, "Net Total Equity Issued/Repurchased": {"2020-09-30": 0, "2020-06-30": -3.344, "2020-03-31": "591.00100", "2019-12-31": 370.02, "2019-09-30": 38.949, "2019-06-30": 113.613, "2019-03-31": "533.54300", "2018-12-31": 547.164, "2018-09-30": 232.223, "2018-06-30": 2.974, "2018-03-31": "7.21400", "2017-12-31": 90.995, "2017-09-30": 106.541, "2017-06-30": 304.8, "2017-03-31": "-167.84900", "2016-12-31": 14.127, "2016-09-30": 361.035, "2016-06-30": 65.599, "2016-03-31": "93.43300", "2015-12-31": 113.741, "2015-09-30": 79.631, "2015-06-30": 72.803, "2015-03-31": "1489.54700", "2014-12-31": 82.96, "2014-09-30": 1158.939, "2014-06-30": 1038.214, "2014-03-31": "63.75500", "2013-12-31": 62.085, "2013-09-30": 62.317, "2013-06-30": 1684.858, "2013-03-31": "45.37700", "2012-12-31": 45.06, "2012-09-30": 2415.966, "2012-06-30": -242.725, "2012-03-31": "1365.67800", "2011-12-31": 646.913, "2011-09-30": 69.186, "2011-06-30": 33.073, "2011-03-31": "2084.85900", "2010-12-31": 508.873, "2010-09-30": 449.005, "2010-06-30": 19.769, "2010-03-31": "17.79100", "2009-12-31": 20.65, "2009-09-30": 434.687, "2009-06-30": 25.803, "2009-03-31": "223.39300", "2008-12-31": 44.96, "2008-09-30": 580.231, "2008-06-30": 18.84, "2008-03-31": "138.25400", "2007-12-31": 114.174, "2007-09-30": 17.589, "2007-06-30": 285.363, "2007-03-31": "24.46700", "2006-12-31": 16.261, "2006-09-30": 19.518, "2006-06-30": 127.305, "2006-03-31": "18.98500", "2005-12-31": 118.633, "2005-09-30": 19.006, "2005-06-30": 14.022, "2005-03-31": "13.40100"}, "Total Common And Preferred Stock Dividends Paid": {"2020-09-30": -253.268, "2020-06-30": -256.169, "2020-03-31": "-354.67800", "2019-12-31": -352.744, "2019-09-30": -352.869, "2019-06-30": -352.296, "2019-03-31": "-342.80300", "2018-12-31": -342.589, "2018-09-30": -335.415, "2018-06-30": -335.351, "2018-03-31": "-335.50800", "2017-12-31": -332.996, "2017-09-30": -332.266, "2017-06-30": -330.561, "2017-03-31": "-329.79400", "2016-12-31": -328.489, "2016-09-30": -324.57, "2016-06-30": -323.744, "2016-03-31": "-322.12200", "2015-12-31": -308.515, "2015-09-30": -307.001, "2015-06-30": -305.696, "2015-03-31": "-288.92100", "2014-12-31": -277.089, "2014-09-30": -262.724, "2014-06-30": -248.102, "2014-03-31": "-247.15400", "2013-12-31": -237.478, "2013-09-30": -235.779, "2013-06-30": -216.87, "2013-03-31": "-216.14800", "2012-12-31": -208.987, "2012-09-30": -176.034, "2012-06-30": -175.303, "2012-03-31": "-162.12600", "2011-12-31": -145.329, "2011-09-30": -144.321, "2011-06-30": -143.878, "2011-03-31": "-110.72000", "2010-12-31": -98.666, "2010-09-30": -91.495, "2010-06-30": -90.03, "2010-03-31": "-90.03200", "2009-12-31": -89.322, "2009-09-30": -81.753, "2009-06-30": -81.254, "2009-03-31": "-81.51000", "2008-12-31": -76.12, "2008-09-30": -70.398, "2008-06-30": -67.005, "2008-03-31": "-63.33700", "2007-12-31": -60.06, "2007-09-30": -59.881, "2007-06-30": -59.556, "2007-03-31": "-28.60200", "2006-12-31": -67.558, "2006-09-30": -45.492, "2006-06-30": -45.122, "2006-03-31": "-41.65600", "2005-12-31": -39.295, "2005-09-30": -38.887, "2005-06-30": -38.609, "2005-03-31": "-37.35100"}, "Financial Activities - Other": {"2020-09-30": -149.619, "2020-06-30": -130.291, "2020-03-31": "-51.36100", "2019-12-31": -28.218, "2019-09-30": -131.5, "2019-06-30": -36.422, "2019-03-31": "-21.25200", "2018-12-31": 4.089, "2018-09-30": -35.874, "2018-06-30": -49.615, "2018-03-31": "-25.72600", "2017-12-31": -29.265, "2017-09-30": 23.185, "2017-06-30": -28.162, "2017-03-31": "-62.08100", "2016-12-31": -28.572, "2016-09-30": -13.707, "2016-06-30": -19.169, "2016-03-31": "41.40900", "2015-12-31": -28.734, "2015-09-30": 149.288, "2015-06-30": -33.908, "2015-03-31": "-17.81600", "2014-12-31": -7.31, "2014-09-30": -29.884, "2014-06-30": -4.747, "2014-03-31": "-10.15400", "2013-12-31": -9.857, "2013-09-30": -35.515, "2013-06-30": -5.248, "2013-03-31": "-13.74400", "2012-12-31": -5.138, "2012-09-30": -2.354, "2012-06-30": -6.891, "2012-03-31": "1.59000", "2011-12-31": -12.719, "2011-09-30": -20.042, "2011-06-30": -4.019, "2011-03-31": "-15.30100", "2010-12-31": -2.408, "2010-09-30": 0.059, "2010-06-30": -0.468, "2010-03-31": "-1.74200", "2009-12-31": 0.027, "2009-09-30": -3.446, "2009-06-30": -0.288, "2009-03-31": "-3.57300", "2008-12-31": 1.325, "2008-09-30": -0.693, "2008-06-30": -0.117, "2008-03-31": "-0.07300", "2007-12-31": 3.488, "2007-09-30": -1.059, "2007-06-30": -0.725, "2007-03-31": "-0.37700", "2006-12-31": -0.096, "2006-09-30": -1.569, "2006-06-30": -0.187, "2006-03-31": "-0.52500", "2005-12-31": 3.12, "2005-09-30": -0.204, "2005-06-30": -4.751, "2005-03-31": "-0.18600"}, "Cash Flow From Financial Activities": {"2020-09-30": -1161.886, "2020-06-30": 39.986, "2020-03-31": "-544.29500", "2019-12-31": 709.683, "2019-09-30": -1853.337, "2019-06-30": 2173.009, "2019-03-31": "-452.20500", "2018-12-31": -81.191, "2018-09-30": 1899.849, "2018-06-30": -164.941, "2018-03-31": "-835.34900", "2017-12-31": -14.42, "2017-09-30": -167.13, "2017-06-30": -239.351, "2017-03-31": "-1492.62600", "2016-12-31": -1339.184, "2016-09-30": 468.46, "2016-06-30": -236.166, "2016-03-31": "-143.92700", "2015-12-31": 707.373, "2015-09-30": -54.772, "2015-06-30": 31.894, "2015-03-31": "1312.82300", "2014-12-31": 210.682, "2014-09-30": 839.969, "2014-06-30": 132.924, "2014-03-31": "119.59700", "2013-12-31": -25.642, "2013-09-30": -80.555, "2013-06-30": 769.451, "2013-03-31": "1004.41600", "2012-12-31": 892.214, "2012-09-30": 1834.697, "2012-06-30": 248.689, "2012-03-31": "669.52800", "2011-12-31": 703.709, "2011-09-30": 289.619, "2011-06-30": -63.529, "2011-03-31": "3034.01800", "2010-12-31": 1186.075, "2010-09-30": 427.736, "2010-06-30": 229.124, "2010-03-31": "200.45700", "2009-12-31": -76.746, "2009-09-30": 45.598, "2009-06-30": 50.747, "2009-03-31": "-118.69200", "2008-12-31": 147.621, "2008-09-30": 139.702, "2008-06-30": 250.382, "2008-03-31": "130.23800", "2007-12-31": 207.93, "2007-09-30": 71.906, "2007-06-30": 186.076, "2007-03-31": "149.59400", "2006-12-31": 234.275, "2006-09-30": 101.684, "2006-06-30": 26.228, "2006-03-31": "-17.83900", "2005-12-31": 180.065, "2005-09-30": -35.256, "2005-06-30": 144.276, "2005-03-31": "-17.95900"}, "Net Cash Flow": {"2020-09-30": 329.091, "2020-06-30": 1433.177, "2020-03-31": "7.30000", "2019-12-31": 55.031, "2019-09-30": -28.983, "2019-06-30": -47.721, "2019-03-31": "91.31000", "2018-12-31": 34.844, "2018-09-30": 8.902, "2018-06-30": 8.264, "2018-03-31": "-45.18400", "2017-12-31": 13.992, "2017-09-30": -192.33, "2017-06-30": 64.504, "2017-03-31": "-184.08300", "2016-12-31": 116.821, "2016-09-30": -37.968, "2016-06-30": 110.636, "2016-03-31": "-4.95900", "2015-12-31": 50.951, "2015-09-30": 74.1, "2015-06-30": 15.669, "2015-03-31": "-271.45300", "2014-12-31": -524.952, "2014-09-30": 791.324, "2014-06-30": 21.426, "2014-03-31": "27.14800", "2013-12-31": -6.058, "2013-09-30": -347.634, "2013-06-30": 242.63, "2013-03-31": "-763.92200", "2012-12-31": -348.488, "2012-09-30": 1177.357, "2012-06-30": -264.322, "2012-03-31": "305.73500", "2011-12-31": 26.806, "2011-09-30": -192.082, "2011-06-30": -2339.237, "2011-03-31": "2536.42500", "2010-12-31": -49.577, "2010-09-30": 125.724, "2010-06-30": 18.865, "2010-03-31": "1.08200", "2009-12-31": -66.877, "2009-09-30": 22.848, "2009-06-30": 60.325, "2009-03-31": "-4.19000", "2008-12-31": 5.097, "2008-09-30": -6.805, "2008-06-30": -7.204, "2008-03-31": "2.01300", "2007-12-31": -1.171, "2007-09-30": -7.032, "2007-06-30": 7.179, "2007-03-31": "-4.92300", "2006-12-31": 38.429, "2006-09-30": 0.29, "2006-06-30": -10.558, "2006-03-31": "-10.47900", "2005-12-31": 0.789, "2005-09-30": 12.052, "2005-06-30": -2.362, "2005-03-31": "-2.33400"}, "Stock-Based Compensation": {"2020-09-30": 6.565, "2020-06-30": 7.29, "2020-03-31": "7.08300", "2019-12-31": 4.546, "2019-09-30": 5.309, "2019-06-30": 7.663, "2019-03-31": "7.52900", "2018-12-31": 4.846, "2018-09-30": 6.075, "2018-06-30": 5.168, "2018-03-31": "11.55700", "2017-12-31": 2.643, "2017-09-30": 6.79, "2017-06-30": 4.763, "2017-03-31": "4.90600", "2016-12-31": 8.251, "2016-09-30": 5.401, "2016-06-30": 7.031, "2016-03-31": "8.18600", "2015-12-31": 5.189, "2015-09-30": 5.477, "2015-06-30": 11.124, "2015-03-31": "9.05400", "2014-12-31": 5.967, "2014-09-30": 4.271, "2014-06-30": 14.17, "2014-03-31": "7.66700", "2013-12-31": 3.527, "2013-09-30": 3.956, "2013-06-30": 2.186, "2013-03-31": "10.50800", "2012-12-31": 2.292, "2012-09-30": 2.595, "2012-06-30": 2.311, "2012-03-31": "11.32300", "2011-12-31": 1.745, "2011-09-30": 1.767, "2011-06-30": 1.681, "2011-03-31": "5.59300", "2010-12-31": 2.066, "2010-09-30": 1.01, "2010-06-30": 1.197, "2010-03-31": "7.55000", "2009-12-31": 0.899, "2009-09-30": 1.075, "2009-06-30": 1.08, "2009-03-31": "6.57900", "2008-12-31": 1.804, "2008-09-30": 1.472, "2008-06-30": 1.406, "2008-03-31": "3.84800", "2007-12-31": 1.297, "2007-09-30": 1.3, "2007-06-30": 1.276, "2007-03-31": "3.17700", "2006-12-31": 2.789, "2006-09-30": 0.84, "2006-06-30": 0.837, "2006-03-31": "2.51400", "2005-12-31": 1.999, "2005-09-30": 0.317, "2005-06-30": 0.632, "2005-03-31": ""}, "Common Stock Dividends Paid": {"2020-09-30": -253.268, "2020-06-30": -256.169, "2020-03-31": "-354.67800", "2019-12-31": -352.744, "2019-09-30": -352.869, "2019-06-30": -352.296, "2019-03-31": "-342.80300", "2018-12-31": -342.589, "2018-09-30": -335.415, "2018-06-30": -335.351, "2018-03-31": "-335.50800", "2017-12-31": -332.996, "2017-09-30": -332.266, "2017-06-30": -330.561, "2017-03-31": "-329.79400", "2016-12-31": -328.489, "2016-09-30": -324.57, "2016-06-30": -323.744, "2016-03-31": "-322.12200", "2015-12-31": -308.515, "2015-09-30": -307.001, "2015-06-30": -305.696, "2015-03-31": "-288.92100", "2014-12-31": -277.089, "2014-09-30": -262.724, "2014-06-30": -248.102, "2014-03-31": "-247.15400", "2013-12-31": -237.478, "2013-09-30": -235.779, "2013-06-30": -216.87, "2013-03-31": "-216.14800", "2012-12-31": -208.987, "2012-09-30": -176.034, "2012-06-30": -175.303, "2012-03-31": "-162.12600", "2011-12-31": -145.329, "2011-09-30": -144.321, "2011-06-30": -143.878, "2011-03-31": "-110.72000", "2010-12-31": -98.666, "2010-09-30": -91.495, "2010-06-30": -90.03, "2010-03-31": "-90.03200", "2009-12-31": -89.322, "2009-09-30": -81.753, "2009-06-30": -81.254, "2009-03-31": "-81.51000", "2008-12-31": -76.12, "2008-09-30": -70.398, "2008-06-30": -67.005, "2008-03-31": "-63.33700", "2007-12-31": -60.06, "2007-09-30": -59.881, "2007-06-30": -59.556, "2007-03-31": "-28.60200", "2006-12-31": -67.558, "2006-09-30": -45.492, "2006-06-30": -45.122, "2006-03-31": "-41.65600", "2005-12-31": -39.295, "2005-09-30": -38.887, "2005-06-30": -38.609, "2005-03-31": "-37.35100"}}, "financial ratios": {"Current Ratio": {"2019-12-31": "", "2018-12-31": "", "2017-12-31": "", "2016-12-31": "", "2015-12-31": "", "2014-12-31": "", "2013-12-31": "", "2012-12-31": "", "2011-12-31": "", "2010-12-31": "", "2009-12-31": "", "2008-12-31": "", "2007-12-31": "", "2006-12-31": "", "2005-12-31": ""}, "Long-term Debt / Capital": {"2019-12-31": "0.47470", "2018-12-31": "0.45900", "2017-12-31": "0.44010", "2016-12-31": "0.44710", "2015-12-31": "0.46080", "2014-12-31": "0.44440", "2013-12-31": "0.47540", "2012-12-31": "0.44780", "2011-12-31": "0.49870", "2010-12-31": "0.48570", "2009-12-31": "0.38800", "2008-12-31": "0.46790", "2007-12-31": "0.52940", "2006-12-31": "0.52020", "2005-12-31": "0.51190"}, "Debt/Equity Ratio": {"2019-12-31": "0.90360", "2018-12-31": "0.84860", "2017-12-31": "0.78600", "2016-12-31": "0.80870", "2015-12-31": "0.85450", "2014-12-31": "0.79990", "2013-12-31": "0.90610", "2012-12-31": "0.81100", "2011-12-31": "0.99480", "2010-12-31": "0.94440", "2009-12-31": "0.63400", "2008-12-31": "0.87940", "2007-12-31": "1.12490", "2006-12-31": "1.08440", "2005-12-31": "1.04900"}, "Gross Margin": {"2019-12-31": "", "2018-12-31": "", "2017-12-31": "", "2016-12-31": "", "2015-12-31": "", "2014-12-31": "", "2013-12-31": "", "2012-12-31": "", "2011-12-31": "", "2010-12-31": "", "2009-12-31": "", "2008-12-31": "", "2007-12-31": "", "2006-12-31": "", "2005-12-31": ""}, "Operating Margin": {"2019-12-31": "23.55530", "2018-12-31": "22.92830", "2017-12-31": "21.96720", "2016-12-31": "29.95850", "2015-12-31": "28.67370", "2014-12-31": "26.11940", "2013-12-31": "19.58500", "2012-12-31": "30.18640", "2011-12-31": "30.62830", "2010-12-31": "35.37150", "2009-12-31": "51.05090", "2008-12-31": "54.79770", "2007-12-31": "54.57200", "2006-12-31": "61.91080", "2005-12-31": "65.60040"}, "EBIT Margin": {"2019-12-31": "23.55530", "2018-12-31": "22.92830", "2017-12-31": "21.96720", "2016-12-31": "29.95850", "2015-12-31": "28.67370", "2014-12-31": "26.11940", "2013-12-31": "19.58500", "2012-12-31": "30.18640", "2011-12-31": "30.62830", "2010-12-31": "35.37150", "2009-12-31": "51.05090", "2008-12-31": "54.79770", "2007-12-31": "54.57200", "2006-12-31": "61.91080", "2005-12-31": "65.60040"}, "EBITDA Margin": {"2019-12-31": "43.92560", "2018-12-31": "43.56580", "2017-12-31": "43.71090", "2016-12-31": "51.22340", "2015-12-31": "50.31330", "2014-12-31": "51.59660", "2013-12-31": "50.22150", "2012-12-31": "60.59750", "2011-12-31": "63.97850", "2010-12-31": "72.85280", "2009-12-31": "85.18540", "2008-12-31": "89.86770", "2007-12-31": "91.33660", "2006-12-31": "97.15690", "2005-12-31": "99.14370"}, "Pre-Tax Profit Margin": {"2019-12-31": "10.60070", "2018-12-31": "9.00950", "2017-12-31": "6.94100", "2016-12-31": "16.56680", "2015-12-31": "16.48050", "2014-12-31": "11.49120", "2013-12-31": "3.54940", "2012-12-31": "10.29960", "2011-12-31": "8.54440", "2010-12-31": "6.30860", "2009-12-31": "27.74380", "2008-12-31": "25.74560", "2007-12-31": "24.25900", "2006-12-31": "31.24810", "2005-12-31": "29.18540"}, "Net Profit Margin": {"2019-12-31": "24.06480", "2018-12-31": "16.13130", "2017-12-31": "10.73970", "2016-12-31": "23.64770", "2015-12-31": "21.20160", "2014-12-31": "13.36140", "2013-12-31": "2.73250", "2012-12-31": "12.29240", "2011-12-31": "11.96390", "2010-12-31": "18.47350", "2009-12-31": "32.71430", "2008-12-31": "51.55310", "2007-12-31": "26.36290", "2006-12-31": "28.20100", "2005-12-31": "23.69120"}, "Asset Turnover": {"2019-12-31": "0.15340", "2018-12-31": "0.15490", "2017-12-31": "0.15450", "2016-12-31": "0.14830", "2015-12-31": "0.13300", "2014-12-31": "0.13390", "2013-12-31": "0.12480", "2012-12-31": "0.09230", "2011-12-31": "0.08800", "2010-12-31": "0.06120", "2009-12-31": "0.08220", "2008-12-31": "0.08120", "2007-12-31": "0.08240", "2006-12-31": "0.06730", "2005-12-31": "0.08900"}, "Inventory Turnover Ratio": {"2019-12-31": "", "2018-12-31": "", "2017-12-31": "", "2016-12-31": "", "2015-12-31": "", "2014-12-31": "", "2013-12-31": "", "2012-12-31": "", "2011-12-31": "", "2010-12-31": "", "2009-12-31": "", "2008-12-31": "", "2007-12-31": "", "2006-12-31": "", "2005-12-31": ""}, "Receiveable Turnover": {"2019-12-31": "", "2018-12-31": "", "2017-12-31": "", "2016-12-31": "", "2015-12-31": "", "2014-12-31": "", "2013-12-31": "", "2012-12-31": "", "2011-12-31": "", "2010-12-31": "", "2009-12-31": "", "2008-12-31": "", "2007-12-31": "", "2006-12-31": "", "2005-12-31": ""}, "Days Sales In Receivables": {"2019-12-31": "", "2018-12-31": "", "2017-12-31": "", "2016-12-31": "", "2015-12-31": "", "2014-12-31": "", "2013-12-31": "", "2012-12-31": "", "2011-12-31": "", "2010-12-31": "", "2009-12-31": "", "2008-12-31": "", "2007-12-31": "", "2006-12-31": "", "2005-12-31": ""}, "ROE - Return On Equity": {"2019-12-31": "8.05990", "2018-12-31": "5.58070", "2017-12-31": "3.80530", "2016-12-31": "5.02990", "2015-12-31": "4.29200", "2014-12-31": "2.87210", "2013-12-31": "0.80610", "2012-12-31": "1.90340", "2011-12-31": "1.86000", "2010-12-31": "0.96390", "2009-12-31": "4.12110", "2008-12-31": "4.36130", "2007-12-31": "5.01420", "2006-12-31": "5.48700", "2005-12-31": "6.69320"}, "Return On Tangible Equity": {"2019-12-31": "8.09340", "2018-12-31": "5.34690", "2017-12-31": "3.63870", "2016-12-31": "4.71980", "2015-12-31": "4.02550", "2014-12-31": "2.67110", "2013-12-31": "0.74060", "2012-12-31": "1.72960", "2011-12-31": "1.61690", "2010-12-31": "0.91440", "2009-12-31": "3.80860", "2008-12-31": "3.97080", "2007-12-31": "4.32550", "2006-12-31": "4.54700", "2005-12-31": "5.39790"}, "ROA - Return On Assets": {"2019-12-31": "3.98560", "2018-12-31": "2.73470", "2017-12-31": "1.93460", "2016-12-31": "2.48750", "2015-12-31": "2.09540", "2014-12-31": "1.43430", "2013-12-31": "0.37500", "2012-12-31": "0.92480", "2011-12-31": "0.78120", "2010-12-31": "0.45290", "2009-12-31": "2.27750", "2008-12-31": "2.06900", "2007-12-31": "1.99470", "2006-12-31": "2.10190", "2005-12-31": "2.59850"}, "ROI - Return On Investment": {"2019-12-31": "4.23400", "2018-12-31": "2.87980", "2017-12-31": "2.02800", "2016-12-31": "2.59780", "2015-12-31": "2.16090", "2014-12-31": "1.47650", "2013-12-31": "0.38630", "2012-12-31": "0.94890", "2011-12-31": "0.80300", "2010-12-31": "0.46520", "2009-12-31": "2.33080", "2008-12-31": "2.11280", "2007-12-31": "2.03560", "2006-12-31": "2.18140", "2005-12-31": "2.63450"}, "Book Value Per Share": {"2019-12-31": "40.23490", "2018-12-31": "40.62450", "2017-12-31": "40.15110", "2016-12-31": "42.14390", "2015-12-31": "42.77570", "2014-12-31": "40.97770", "2013-12-31": "40.60010", "2012-12-31": "40.40540", "2011-12-31": "37.85540", "2010-12-31": "32.17670", "2009-12-31": "30.85830", "2008-12-31": "30.92800", "2007-12-31": "28.12240", "2006-12-31": "27.03560", "2005-12-31": "24.61520"}, "Operating Cash Flow Per Share": {"2019-12-31": -0.4173, "2018-12-31": 0.3344, "2017-12-31": -0.6635, "2016-12-31": 0.5933, "2015-12-31": 0.2568, "2014-12-31": 0.154, "2013-12-31": -0.0748, "2012-12-31": 0.248, "2011-12-31": 0.5279, "2010-12-31": -0.4816, "2009-12-31": -0.498, "2008-12-31": 0.2482, "2007-12-31": 0.0898, "2006-12-31": -0.0809, "2005-12-31": 3.5674}, "Free Cash Flow Per Share": {"2019-12-31": 1.5601, "2018-12-31": 0.8801, "2017-12-31": 2.9213, "2016-12-31": 7.9093, "2015-12-31": -2.9212, "2014-12-31": 7.4099, "2013-12-31": -0.5243, "2012-12-31": 14.8524, "2011-12-31": -11.7103, "2010-12-31": -11.6799, "2009-12-31": 4.5577, "2008-12-31": -1.3682, "2007-12-31": -0.8301, "2006-12-31": 3.4489, "2005-12-31": -5.7533}}, "financial ratios, quarterly": {"Current Ratio": {"2020-09-30": "", "2020-06-30": "", "2020-03-31": "", "2019-12-31": "", "2019-09-30": "", "2019-06-30": "", "2019-03-31": "", "2018-12-31": "", "2018-09-30": "", "2018-06-30": "", "2018-03-31": "", "2017-12-31": "", "2017-09-30": "", "2017-06-30": "", "2017-03-31": "", "2016-12-31": "", "2016-09-30": "", "2016-06-30": "", "2016-03-31": "", "2015-12-31": "", "2015-09-30": "", "2015-06-30": "", "2015-03-31": "", "2014-12-31": "", "2014-09-30": "", "2014-06-30": "", "2014-03-31": "", "2013-12-31": "", "2013-09-30": "", "2013-06-30": "", "2013-03-31": "", "2012-12-31": "", "2012-09-30": "", "2012-06-30": "", "2012-03-31": "", "2011-12-31": "", "2011-09-30": "", "2011-06-30": "", "2011-03-31": "", "2010-12-31": "", "2010-09-30": "", "2010-06-30": "", "2010-03-31": "", "2009-12-31": "", "2009-09-30": "", "2009-06-30": "", "2009-03-31": "", "2008-12-31": "", "2008-09-30": "", "2008-06-30": "", "2008-03-31": "", "2007-12-31": "", "2007-09-30": "", "2007-06-30": "", "2007-03-31": "", "2006-12-31": "", "2006-09-30": "", "2006-06-30": "", "2006-03-31": "", "2005-12-31": "", "2005-09-30": "", "2005-06-30": "", "2005-03-31": ""}, "Long-term Debt / Capital": {"2020-09-30": "0.44830", "2020-06-30": "0.46010", "2020-03-31": "0.45000", "2019-12-31": "0.47470", "2019-09-30": "0.45760", "2019-06-30": "0.48680", "2019-03-31": "0.44200", "2018-12-31": "0.45900", "2018-09-30": "0.46930", "2018-06-30": "0.43590", "2018-03-31": "0.42980", "2017-12-31": "0.44010", "2017-09-30": "0.43050", "2017-06-30": "0.42630", "2017-03-31": "0.43120", "2016-12-31": "0.44710", "2016-09-30": "0.46810", "2016-06-30": "0.46600", "2016-03-31": "0.46550", "2015-12-31": "0.46080", "2015-09-30": "0.43100", "2015-06-30": "0.43430", "2015-03-31": "0.42470", "2014-12-31": "0.44440", "2014-09-30": "0.43230", "2014-06-30": "0.45250", "2014-03-31": "0.48490", "2013-12-31": "0.47540", "2013-09-30": "0.46710", "2013-06-30": "0.44210", "2013-03-31": "0.48690", "2012-12-31": "0.44780", "2012-09-30": "0.41020", "2012-06-30": "0.48300", "2012-03-31": "0.44570", "2011-12-31": "0.49870", "2011-09-30": "0.50370", "2011-06-30": "0.48750", "2011-03-31": "0.47590", "2010-12-31": "0.48570", "2010-09-30": "0.45130", "2010-06-30": "0.45780", "2010-03-31": "0.42930", "2009-12-31": "0.38800", "2009-09-30": "0.38690", "2009-06-30": "0.43800", "2009-03-31": "0.42880", "2008-12-31": "0.46790", "2008-09-30": "0.45630", "2008-06-30": "0.53720", "2008-03-31": "0.52370", "2007-12-31": "0.52940", "2007-09-30": "0.52990", "2007-06-30": "0.51470", "2007-03-31": "0.53390", "2006-12-31": "0.52020", "2006-09-30": "0.50890", "2006-06-30": "0.48750", "2006-03-31": "0.51580", "2005-12-31": "0.51190", "2005-09-30": "0.50990", "2005-06-30": "0.51250", "2005-03-31": "0.47510"}, "Debt/Equity Ratio": {"2020-09-30": "0.81250", "2020-06-30": "0.85230", "2020-03-31": "0.81830", "2019-12-31": "0.90360", "2019-09-30": "0.84360", "2019-06-30": "0.94870", "2019-03-31": "0.79210", "2018-12-31": "0.84860", "2018-09-30": "0.88440", "2018-06-30": "0.77260", "2018-03-31": "0.75370", "2017-12-31": "0.78600", "2017-09-30": "0.75580", "2017-06-30": "0.74310", "2017-03-31": "0.75800", "2016-12-31": "0.80870", "2016-09-30": "0.87990", "2016-06-30": "0.87260", "2016-03-31": "0.87090", "2015-12-31": "0.85450", "2015-09-30": "0.75760", "2015-06-30": "0.76780", "2015-03-31": "0.73840", "2014-12-31": "0.79990", "2014-09-30": "0.76140", "2014-06-30": "0.82660", "2014-03-31": "0.94140", "2013-12-31": "0.90610", "2013-09-30": "0.87650", "2013-06-30": "0.79240", "2013-03-31": "0.94900", "2012-12-31": "0.81100", "2012-09-30": "0.69560", "2012-06-30": "0.93410", "2012-03-31": "0.80410", "2011-12-31": "0.99480", "2011-09-30": "1.01490", "2011-06-30": "0.95110", "2011-03-31": "0.90810", "2010-12-31": "0.94440", "2010-09-30": "0.82260", "2010-06-30": "0.84420", "2010-03-31": "0.75230", "2009-12-31": "0.63400", "2009-09-30": "0.63100", "2009-06-30": "0.77940", "2009-03-31": "0.75060", "2008-12-31": "0.87940", "2008-09-30": "0.83910", "2008-06-30": "1.16100", "2008-03-31": "1.09960", "2007-12-31": "1.12490", "2007-09-30": "1.12730", "2007-06-30": "1.06040", "2007-03-31": "1.14530", "2006-12-31": "1.08440", "2006-09-30": "1.03640", "2006-06-30": "0.95120", "2006-03-31": "1.06510", "2005-12-31": "1.04900", "2005-09-30": "1.04050", "2005-06-30": "1.05150", "2005-03-31": "0.90530"}, "Gross Margin": {"2020-09-30": "", "2020-06-30": "", "2020-03-31": "", "2019-12-31": "", "2019-09-30": "", "2019-06-30": "", "2019-03-31": "", "2018-12-31": "", "2018-09-30": "", "2018-06-30": "", "2018-03-31": "", "2017-12-31": "", "2017-09-30": "", "2017-06-30": "", "2017-03-31": "", "2016-12-31": "", "2016-09-30": "", "2016-06-30": "", "2016-03-31": "", "2015-12-31": "", "2015-09-30": "", "2015-06-30": "", "2015-03-31": "", "2014-12-31": "", "2014-09-30": "", "2014-06-30": "", "2014-03-31": "", "2013-12-31": "", "2013-09-30": "", "2013-06-30": "", "2013-03-31": "", "2012-12-31": "", "2012-09-30": "", "2012-06-30": "", "2012-03-31": "", "2011-12-31": "", "2011-09-30": "", "2011-06-30": "", "2011-03-31": "", "2010-12-31": "", "2010-09-30": "", "2010-06-30": "", "2010-03-31": "", "2009-12-31": "", "2009-09-30": "", "2009-06-30": "", "2009-03-31": "", "2008-12-31": "", "2008-09-30": "", "2008-06-30": "", "2008-03-31": "", "2007-12-31": "", "2007-09-30": "", "2007-06-30": "", "2007-03-31": "", "2006-12-31": "", "2006-09-30": "", "2006-06-30": "", "2006-03-31": "", "2005-12-31": "", "2005-09-30": "", "2005-06-30": "", "2005-03-31": ""}, "Operating Margin": {"2020-09-30": "9.76210", "2020-06-30": "17.45470", "2020-03-31": "20.11560", "2019-12-31": "23.36900", "2019-09-30": "23.76490", "2019-06-30": "23.90400", "2019-03-31": "23.16990", "2018-12-31": "24.66580", "2018-09-30": "17.68880", "2018-06-30": "24.69080", "2018-03-31": "25.05840", "2017-12-31": "15.06900", "2017-09-30": "19.04200", "2017-06-30": "27.67130", "2017-03-31": "26.45930", "2016-12-31": "27.26520", "2016-09-30": "30.64700", "2016-06-30": "31.86010", "2016-03-31": "30.06720", "2015-12-31": "24.75840", "2015-09-30": "32.50390", "2015-06-30": "30.13730", "2015-03-31": "27.42130", "2014-12-31": "26.93730", "2014-09-30": "27.93750", "2014-06-30": "25.35470", "2014-03-31": "24.10070", "2013-12-31": "21.07210", "2013-09-30": "18.94240", "2013-06-30": "22.17650", "2013-03-31": "15.72980", "2012-12-31": "32.59590", "2012-09-30": "28.28320", "2012-06-30": "27.51650", "2012-03-31": "32.28690", "2011-12-31": "33.85790", "2011-09-30": "34.90820", "2011-06-30": "34.92160", "2011-03-31": "23.36590", "2010-12-31": "36.84140", "2010-09-30": "22.41700", "2010-06-30": "55.35780", "2010-03-31": "46.55280", "2009-12-31": "36.08440", "2009-09-30": "55.97170", "2009-06-30": "56.54670", "2009-03-31": "51.92660", "2008-12-31": "53.39160", "2008-09-30": "56.23080", "2008-06-30": "56.10250", "2008-03-31": "53.10390", "2007-12-31": "62.29530", "2007-09-30": "51.16430", "2007-06-30": "52.87690", "2007-03-31": "53.82770", "2006-12-31": "57.23510", "2006-09-30": "63.20400", "2006-06-30": "63.36040", "2006-03-31": "62.15920", "2005-12-31": "67.73880", "2005-09-30": "63.67980", "2005-06-30": "62.35220", "2005-03-31": "63.55720"}, "EBIT Margin": {"2020-09-30": "9.76210", "2020-06-30": "17.45470", "2020-03-31": "20.11560", "2019-12-31": "23.36900", "2019-09-30": "23.76490", "2019-06-30": "23.90400", "2019-03-31": "23.16990", "2018-12-31": "24.66580", "2018-09-30": "17.68880", "2018-06-30": "24.69080", "2018-03-31": "25.05840", "2017-12-31": "15.06900", "2017-09-30": "19.04200", "2017-06-30": "27.67130", "2017-03-31": "26.45930", "2016-12-31": "27.26520", "2016-09-30": "30.64700", "2016-06-30": "31.86010", "2016-03-31": "30.06720", "2015-12-31": "24.75840", "2015-09-30": "32.50390", "2015-06-30": "30.13730", "2015-03-31": "27.42130", "2014-12-31": "26.93730", "2014-09-30": "27.93750", "2014-06-30": "25.35470", "2014-03-31": "24.10070", "2013-12-31": "21.07210", "2013-09-30": "18.94240", "2013-06-30": "22.17650", "2013-03-31": "15.72980", "2012-12-31": "32.59590", "2012-09-30": "28.28320", "2012-06-30": "27.51650", "2012-03-31": "32.28690", "2011-12-31": "33.85790", "2011-09-30": "34.90820", "2011-06-30": "34.92160", "2011-03-31": "23.36590", "2010-12-31": "36.84140", "2010-09-30": "22.41700", "2010-06-30": "55.35780", "2010-03-31": "46.55280", "2009-12-31": "36.08430", "2009-09-30": "55.97170", "2009-06-30": "56.54670", "2009-03-31": "51.92660", "2008-12-31": "53.39160", "2008-09-30": "56.23080", "2008-06-30": "56.10250", "2008-03-31": "53.10390", "2007-12-31": "62.29530", "2007-09-30": "51.16430", "2007-06-30": "52.87690", "2007-03-31": "53.82770", "2006-12-31": "57.23510", "2006-09-30": "63.20400", "2006-06-30": "63.36040", "2006-03-31": "62.15920", "2005-12-31": "67.73880", "2005-09-30": "63.67980", "2005-06-30": "62.35220", "2005-03-31": "63.55720"}, "EBITDA Margin": {"2020-09-30": "", "2020-06-30": "", "2020-03-31": "", "2019-12-31": "", "2019-09-30": "", "2019-06-30": "", "2019-03-31": "", "2018-12-31": "", "2018-09-30": "", "2018-06-30": "", "2018-03-31": "", "2017-12-31": "", "2017-09-30": "", "2017-06-30": "", "2017-03-31": "", "2016-12-31": "", "2016-09-30": "", "2016-06-30": "", "2016-03-31": "", "2015-12-31": "", "2015-09-30": "", "2015-06-30": "", "2015-03-31": "", "2014-12-31": "", "2014-09-30": "", "2014-06-30": "", "2014-03-31": "", "2013-12-31": "", "2013-09-30": "", "2013-06-30": "", "2013-03-31": "", "2012-12-31": "", "2012-09-30": "", "2012-06-30": "", "2012-03-31": "", "2011-12-31": "", "2011-09-30": "", "2011-06-30": "", "2011-03-31": "", "2010-12-31": "", "2010-09-30": "", "2010-06-30": "", "2010-03-31": "", "2009-12-31": "", "2009-09-30": "", "2009-06-30": "", "2009-03-31": "", "2008-12-31": "", "2008-09-30": "", "2008-06-30": "", "2008-03-31": "", "2007-12-31": "", "2007-09-30": "", "2007-06-30": "", "2007-03-31": "", "2006-12-31": "", "2006-09-30": "", "2006-06-30": "", "2006-03-31": "", "2005-12-31": "", "2005-09-30": "", "2005-06-30": "", "2005-03-31": ""}, "Pre-Tax Profit Margin": {"2020-09-30": "-7.84490", "2020-06-30": "0.35790", "2020-03-31": "6.01380", "2019-12-31": "13.13090", "2019-09-30": "6.19110", "2019-06-30": "12.29980", "2019-03-31": "10.71450", "2018-12-31": "6.77480", "2018-09-30": "4.92570", "2018-06-30": "14.13170", "2018-03-31": "10.88350", "2017-12-31": "-5.52470", "2017-09-30": "7.78190", "2017-06-30": "14.81350", "2017-03-31": "11.18980", "2016-12-31": "12.72210", "2016-09-30": "17.96200", "2016-06-30": "19.56660", "2016-03-31": "16.00390", "2015-12-31": "12.04300", "2015-09-30": "20.07140", "2015-06-30": "15.74610", "2015-03-31": "18.44390", "2014-12-31": "12.49870", "2014-09-30": "13.63990", "2014-06-30": "10.59910", "2014-03-31": "9.04910", "2013-12-31": "4.90390", "2013-09-30": "4.03590", "2013-06-30": "6.44420", "2013-03-31": "-1.87150", "2012-12-31": "14.53660", "2012-09-30": "8.24580", "2012-06-30": "7.18480", "2012-03-31": "10.90660", "2011-12-31": "12.08000", "2011-09-30": "12.13440", "2011-06-30": "12.87520", "2011-03-31": "0.21200", "2010-12-31": "13.24490", "2010-09-30": "-8.38270", "2010-06-30": "27.70690", "2010-03-31": "14.59240", "2009-12-31": "20.04200", "2009-09-30": "17.46200", "2009-06-30": "37.77000", "2009-03-31": "33.92030", "2008-12-31": "12.24790", "2008-09-30": "31.49430", "2008-06-30": "30.29840", "2008-03-31": "26.43150", "2007-12-31": "23.61410", "2007-09-30": "23.18750", "2007-06-30": "24.76700", "2007-03-31": "25.40710", "2006-12-31": "28.79240", "2006-09-30": "33.64180", "2006-06-30": "34.70260", "2006-03-31": "31.21120", "2005-12-31": "36.93530", "2005-09-30": "34.54600", "2005-06-30": "4.97450", "2005-03-31": "34.87990"}, "Net Profit Margin": {"2020-09-30": "31.40060", "2020-06-30": "15.08200", "2020-03-31": "24.65310", "2019-12-31": "17.76370", "2019-09-30": "46.58880", "2019-06-30": "10.43570", "2019-03-31": "22.04530", "2018-12-31": "8.19850", "2018-09-30": "5.20750", "2018-06-30": "13.71620", "2018-03-31": "39.89840", "2017-12-31": "-10.09870", "2017-09-30": "6.78370", "2017-06-30": "17.79980", "2017-03-31": "29.43040", "2016-12-31": "30.88540", "2016-09-30": "31.03510", "2016-06-30": "18.15560", "2016-03-31": "14.22750", "2015-12-31": "12.91220", "2015-09-30": "18.59490", "2015-06-30": "32.65600", "2015-03-31": "21.33790", "2014-12-31": "21.73840", "2014-09-30": "16.07690", "2014-06-30": "8.69130", "2014-03-31": "6.23870", "2013-12-31": "1.45480", "2013-09-30": "2.64010", "2013-06-30": "-1.25390", "2013-03-31": "8.74320", "2012-12-31": "18.61740", "2012-09-30": "8.06980", "2012-06-30": "12.47610", "2012-03-31": "9.40370", "2011-12-31": "6.69680", "2011-09-30": "9.87430", "2011-06-30": "18.89790", "2011-03-31": "9.51020", "2010-12-31": "20.35810", "2010-09-30": "-2.70090", "2010-06-30": "29.68870", "2010-03-31": "17.75520", "2009-12-31": "30.11710", "2009-09-30": "13.65020", "2009-06-30": "42.60680", "2009-03-31": "44.01930", "2008-12-31": "19.98020", "2008-09-30": "38.45670", "2008-06-30": "120.30040", "2008-03-31": "23.09750", "2007-12-31": "45.25930", "2007-09-30": "20.65690", "2007-06-30": "22.72430", "2007-03-31": "21.18710", "2006-12-31": "19.92780", "2006-09-30": "27.26480", "2006-06-30": "29.09810", "2006-03-31": "25.84600", "2005-12-31": "34.97650", "2005-09-30": "28.32430", "2005-06-30": "-2.45590", "2005-03-31": "27.30610"}, "Asset Turnover": {"2020-09-30": "0.03190", "2020-06-30": "0.03580", "2020-03-31": "0.03820", "2019-12-31": "0.03780", "2019-09-30": "0.03970", "2019-06-30": "0.03980", "2019-03-31": "0.04150", "2018-12-31": "0.04090", "2018-09-30": "0.04090", "2018-06-30": "0.04080", "2018-03-31": "0.03950", "2017-12-31": "0.03950", "2017-09-30": "0.03870", "2017-06-30": "0.03780", "2017-03-31": "0.03830", "2016-12-31": "0.03740", "2016-09-30": "0.03610", "2016-06-30": "0.03720", "2016-03-31": "0.03600", "2015-12-31": "0.03550", "2015-09-30": "0.03570", "2015-06-30": "0.03490", "2015-03-31": "0.03360", "2014-12-31": "0.03480", "2014-09-30": "0.03450", "2014-06-30": "0.03510", "2014-03-31": "0.03450", "2013-12-31": "0.03420", "2013-09-30": "0.03400", "2013-06-30": "0.03060", "2013-03-31": "0.03030", "2012-12-31": "0.02490", "2012-09-30": "0.02530", "2012-06-30": "0.02680", "2012-03-31": "0.02640", "2011-12-31": "0.02730", "2011-09-30": "0.02670", "2011-06-30": "0.02740", "2011-03-31": "0.01850", "2010-12-31": "0.02080", "2010-09-30": "0.02140", "2010-06-30": "0.02170", "2010-03-31": "0.02150", "2009-12-31": "0.01650", "2009-09-30": "0.02200", "2009-06-30": "0.02230", "2009-03-31": "0.02260", "2008-12-31": "0.01760", "2008-09-30": "0.02310", "2008-06-30": "0.02230", "2008-03-31": "0.02350", "2007-12-31": "0.01680", "2007-09-30": "0.02390", "2007-06-30": "0.02340", "2007-03-31": "0.02470", "2006-12-31": "0.02050", "2006-09-30": "0.02460", "2006-06-30": "0.02540", "2006-03-31": "0.02520", "2005-12-31": "0.02560", "2005-09-30": "0.02570", "2005-06-30": "0.02390", "2005-03-31": "0.02550"}, "Inventory Turnover Ratio": {"2020-09-30": "", "2020-06-30": "", "2020-03-31": "", "2019-12-31": "", "2019-09-30": "", "2019-06-30": "", "2019-03-31": "", "2018-12-31": "", "2018-09-30": "", "2018-06-30": "", "2018-03-31": "", "2017-12-31": "", "2017-09-30": "", "2017-06-30": "", "2017-03-31": "", "2016-12-31": "", "2016-09-30": "", "2016-06-30": "", "2016-03-31": "", "2015-12-31": "", "2015-09-30": "", "2015-06-30": "", "2015-03-31": "", "2014-12-31": "", "2014-09-30": "", "2014-06-30": "", "2014-03-31": "", "2013-12-31": "", "2013-09-30": "", "2013-06-30": "", "2013-03-31": "", "2012-12-31": "", "2012-09-30": "", "2012-06-30": "", "2012-03-31": "", "2011-12-31": "", "2011-09-30": "", "2011-06-30": "", "2011-03-31": "", "2010-12-31": "", "2010-09-30": "", "2010-06-30": "", "2010-03-31": "", "2009-12-31": "", "2009-09-30": "", "2009-06-30": "", "2009-03-31": "", "2008-12-31": "", "2008-09-30": "", "2008-06-30": "", "2008-03-31": "", "2007-12-31": "", "2007-09-30": "", "2007-06-30": "", "2007-03-31": "", "2006-12-31": "", "2006-09-30": "", "2006-06-30": "", "2006-03-31": "", "2005-12-31": "", "2005-09-30": "", "2005-06-30": "", "2005-03-31": ""}, "Receiveable Turnover": {"2020-09-30": "", "2020-06-30": "", "2020-03-31": "", "2019-12-31": "", "2019-09-30": "", "2019-06-30": "", "2019-03-31": "", "2018-12-31": "", "2018-09-30": "", "2018-06-30": "", "2018-03-31": "", "2017-12-31": "", "2017-09-30": "", "2017-06-30": "", "2017-03-31": "", "2016-12-31": "", "2016-09-30": "", "2016-06-30": "", "2016-03-31": "", "2015-12-31": "", "2015-09-30": "", "2015-06-30": "", "2015-03-31": "", "2014-12-31": "", "2014-09-30": "", "2014-06-30": "", "2014-03-31": "", "2013-12-31": "", "2013-09-30": "", "2013-06-30": "", "2013-03-31": "", "2012-12-31": "", "2012-09-30": "", "2012-06-30": "", "2012-03-31": "", "2011-12-31": "", "2011-09-30": "", "2011-06-30": "", "2011-03-31": "", "2010-12-31": "", "2010-09-30": "", "2010-06-30": "", "2010-03-31": "", "2009-12-31": "", "2009-09-30": "", "2009-06-30": "", "2009-03-31": "", "2008-12-31": "", "2008-09-30": "", "2008-06-30": "", "2008-03-31": "", "2007-12-31": "", "2007-09-30": "", "2007-06-30": "", "2007-03-31": "", "2006-12-31": "", "2006-09-30": "", "2006-06-30": "", "2006-03-31": "", "2005-12-31": "", "2005-09-30": "", "2005-06-30": "", "2005-03-31": ""}, "Days Sales In Receivables": {"2020-09-30": "", "2020-06-30": "", "2020-03-31": "", "2019-12-31": "", "2019-09-30": "", "2019-06-30": "", "2019-03-31": "", "2018-12-31": "", "2018-09-30": "", "2018-06-30": "", "2018-03-31": "", "2017-12-31": "", "2017-09-30": "", "2017-06-30": "", "2017-03-31": "", "2016-12-31": "", "2016-09-30": "", "2016-06-30": "", "2016-03-31": "", "2015-12-31": "", "2015-09-30": "", "2015-06-30": "", "2015-03-31": "", "2014-12-31": "", "2014-09-30": "", "2014-06-30": "", "2014-03-31": "", "2013-12-31": "", "2013-09-30": "", "2013-06-30": "", "2013-03-31": "", "2012-12-31": "", "2012-09-30": "", "2012-06-30": "", "2012-03-31": "", "2011-12-31": "", "2011-09-30": "", "2011-06-30": "", "2011-03-31": "", "2010-12-31": "", "2010-09-30": "", "2010-06-30": "", "2010-03-31": "", "2009-12-31": "", "2009-09-30": "", "2009-06-30": "", "2009-03-31": "", "2008-12-31": "", "2008-09-30": "", "2008-06-30": "", "2008-03-31": "", "2007-12-31": "", "2007-09-30": "", "2007-06-30": "", "2007-03-31": "", "2006-12-31": "", "2006-09-30": "", "2006-06-30": "", "2006-03-31": "", "2005-12-31": "", "2005-09-30": "", "2005-06-30": "", "2005-03-31": ""}, "ROE - Return On Equity": {"2020-09-30": "2.32870", "2020-06-30": "0.94010", "2020-03-31": "1.93000", "2019-12-31": "1.45480", "2019-09-30": "3.99320", "2019-06-30": "0.93950", "2019-03-31": "1.82140", "2018-12-31": "0.83870", "2018-09-30": "0.57880", "2018-06-30": "1.18790", "2018-03-31": "3.16270", "2017-12-31": "1.39460", "2017-09-30": "0.60360", "2017-06-30": "1.10510", "2017-03-31": "0.64980", "2016-12-31": "1.05740", "2016-09-30": "1.34930", "2016-06-30": "1.50930", "2016-03-31": "1.18250", "2015-12-31": "0.83300", "2015-09-30": "1.39560", "2015-06-30": "0.99970", "2015-03-31": "1.09680", "2014-12-31": "0.76710", "2014-09-30": "0.98540", "2014-06-30": "0.64740", "2014-03-31": "0.60980", "2013-12-31": "0.31270", "2013-09-30": "0.25910", "2013-06-30": "0.33560", "2013-03-31": "-0.13130", "2012-12-31": "0.70640", "2012-09-30": "0.38430", "2012-06-30": "0.43760", "2012-03-31": "0.62910", "2011-12-31": "0.79770", "2011-09-30": "0.81660", "2011-06-30": "0.84480", "2011-03-31": "0.03360", "2010-12-31": "0.63390", "2010-09-30": "-0.31220", "2010-06-30": "1.28200", "2010-03-31": "0.63070", "2009-12-31": "0.59520", "2009-09-30": "0.69140", "2009-06-30": "1.65480", "2009-03-31": "1.48790", "2008-12-31": "0.44970", "2008-09-30": "1.51880", "2008-06-30": "1.67980", "2008-03-31": "1.47620", "2007-12-31": "1.00590", "2007-09-30": "1.42770", "2007-06-30": "1.44320", "2007-03-31": "1.66950", "2006-12-31": "1.54060", "2006-09-30": "2.08680", "2006-06-30": "2.13020", "2006-03-31": "2.04850", "2005-12-31": "2.43320", "2005-09-30": "2.32870", "2005-06-30": "0.31580", "2005-03-31": "2.16450"}, "Return On Tangible Equity": {"2020-09-30": "2.33810", "2020-06-30": "0.94390", "2020-03-31": "1.93780", "2019-12-31": "1.46080", "2019-09-30": "4.01010", "2019-06-30": "0.94360", "2019-03-31": "1.82920", "2018-12-31": "0.80350", "2018-09-30": "0.55410", "2018-06-30": "1.13540", "2018-03-31": "3.02550", "2017-12-31": "1.33360", "2017-09-30": "0.57770", "2017-06-30": "1.05790", "2017-03-31": "0.62170", "2016-12-31": "0.99220", "2016-09-30": "1.26610", "2016-06-30": "1.41360", "2016-03-31": "1.10820", "2015-12-31": "0.78120", "2015-09-30": "1.30870", "2015-06-30": "0.93710", "2015-03-31": "1.02750", "2014-12-31": "0.71340", "2014-09-30": "0.91660", "2014-06-30": "0.59860", "2014-03-31": "0.56030", "2013-12-31": "0.28730", "2013-09-30": "0.23820", "2013-06-30": "0.30890", "2013-03-31": "-0.11910", "2012-12-31": "0.64190", "2012-09-30": "0.34920", "2012-06-30": "0.38640", "2012-03-31": "0.53800", "2011-12-31": "0.69350", "2011-09-30": "0.70050", "2011-06-30": "0.72360", "2011-03-31": "0.02880", "2010-12-31": "0.60140", "2010-09-30": "-0.29180", "2010-06-30": "1.18380", "2010-03-31": "0.58240", "2009-12-31": "0.55010", "2009-09-30": "0.63940", "2009-06-30": "1.51680", "2009-03-31": "1.36340", "2008-12-31": "0.40940", "2008-09-30": "1.37560", "2008-06-30": "1.48480", "2008-03-31": "1.28330", "2007-12-31": "0.86770", "2007-09-30": "1.21360", "2007-06-30": "1.22740", "2007-03-31": "1.38770", "2006-12-31": "1.27670", "2006-09-30": "1.71330", "2006-06-30": "1.74870", "2006-03-31": "1.65330", "2005-12-31": "1.96230", "2005-09-30": "1.83990", "2005-06-30": "0.24760", "2005-03-31": "1.70420"}, "ROA - Return On Assets": {"2020-09-30": "1.21380", "2020-06-30": "0.48010", "2020-03-31": "1.00050", "2019-12-31": "0.71940", "2019-09-30": "2.03340", "2019-06-30": "0.45260", "2019-03-31": "0.95410", "2018-12-31": "0.41100", "2018-09-30": "0.27840", "2018-06-30": "0.60560", "2018-03-31": "1.63460", "2017-12-31": "0.70900", "2017-09-30": "0.31110", "2017-06-30": "0.57650", "2017-03-31": "0.33680", "2016-12-31": "0.52290", "2016-09-30": "0.64440", "2016-06-30": "0.72230", "2016-03-31": "0.56890", "2015-12-31": "0.40670", "2015-09-30": "0.71830", "2015-06-30": "0.51210", "2015-03-31": "0.57300", "2014-12-31": "0.38310", "2014-09-30": "0.50190", "2014-06-30": "0.31610", "2014-03-31": "0.27890", "2013-12-31": "0.14550", "2013-09-30": "0.12240", "2013-06-30": "0.16690", "2013-03-31": "-0.05910", "2012-12-31": "0.34320", "2012-09-30": "0.19970", "2012-06-30": "0.19290", "2012-03-31": "0.28780", "2011-12-31": "0.33500", "2011-09-30": "0.33480", "2011-06-30": "0.35860", "2011-03-31": "0.01460", "2010-12-31": "0.29790", "2010-09-30": "-0.15600", "2010-06-30": "0.62490", "2010-03-31": "0.32320", "2009-12-31": "0.32890", "2009-09-30": "0.38440", "2009-06-30": "0.84020", "2009-03-31": "0.76590", "2008-12-31": "0.21330", "2008-09-30": "0.73130", "2008-06-30": "0.67350", "2008-03-31": "0.59750", "2007-12-31": "0.40010", "2007-09-30": "0.55180", "2007-06-30": "0.57680", "2007-03-31": "0.62510", "2006-12-31": "0.59020", "2006-09-30": "0.82800", "2006-06-30": "0.88290", "2006-03-31": "0.78740", "2005-12-31": "0.94460", "2005-09-30": "0.88720", "2005-06-30": "0.11870", "2005-03-31": "0.88820"}, "ROI - Return On Investment": {"2020-09-30": "1.28480", "2020-06-30": "0.50750", "2020-03-31": "1.06140", "2019-12-31": "0.76420", "2019-09-30": "2.16600", "2019-06-30": "0.48210", "2019-03-31": "1.01640", "2018-12-31": "0.43280", "2018-09-30": "0.29270", "2018-06-30": "0.63760", "2018-03-31": "1.71740", "2017-12-31": "0.74330", "2017-09-30": "0.32760", "2017-06-30": "0.60420", "2017-03-31": "0.35200", "2016-12-31": "0.54610", "2016-09-30": "0.67050", "2016-06-30": "0.75140", "2016-03-31": "0.58970", "2015-12-31": "0.41940", "2015-09-30": "0.74130", "2015-06-30": "0.52770", "2015-03-31": "0.58840", "2014-12-31": "0.39440", "2014-09-30": "0.51780", "2014-06-30": "0.32590", "2014-03-31": "0.28690", "2013-12-31": "0.14990", "2013-09-30": "0.12620", "2013-06-30": "0.17130", "2013-03-31": "-0.06070", "2012-12-31": "0.35220", "2012-09-30": "0.20460", "2012-06-30": "0.19810", "2012-03-31": "0.29580", "2011-12-31": "0.34440", "2011-09-30": "0.34410", "2011-06-30": "0.36800", "2011-03-31": "0.01500", "2010-12-31": "0.30590", "2010-09-30": "-0.16010", "2010-06-30": "0.64190", "2010-03-31": "0.33240", "2009-12-31": "0.33660", "2009-09-30": "0.39200", "2009-06-30": "0.85240", "2009-03-31": "0.77890", "2008-12-31": "0.21780", "2008-09-30": "0.74800", "2008-06-30": "0.68710", "2008-03-31": "0.61120", "2007-12-31": "0.40840", "2007-09-30": "0.57050", "2007-06-30": "0.59570", "2007-03-31": "0.64690", "2006-12-31": "0.61250", "2006-09-30": "0.84130", "2006-06-30": "0.89620", "2006-03-31": "0.80060", "2005-12-31": "0.95770", "2005-09-30": "0.90170", "2005-06-30": "0.12070", "2005-03-31": "0.89450"}, "Book Value Per Share": {"2020-09-30": "40.64440", "2020-06-30": "40.58580", "2020-03-31": "40.88810", "2019-12-31": "40.23490", "2019-09-30": "39.98870", "2019-06-30": "39.40630", "2019-03-31": "39.74790", "2018-12-31": "40.62450", "2018-09-30": "40.65530", "2018-06-30": "39.78310", "2018-03-31": "40.48520", "2017-12-31": "40.15110", "2017-09-30": "41.16380", "2017-06-30": "41.51380", "2017-03-31": "41.44750", "2016-12-31": "42.14390", "2016-09-30": "42.11700", "2016-06-30": "41.56830", "2016-03-31": "42.04300", "2015-12-31": "42.77570", "2015-09-30": "42.88180", "2015-06-30": "42.79410", "2015-03-31": "42.56530", "2014-12-31": "40.97770", "2014-09-30": "41.24680", "2014-06-30": "40.58930", "2014-03-31": "39.92910", "2013-12-31": "40.60010", "2013-09-30": "41.31790", "2013-06-30": "42.29590", "2013-03-31": "39.71630", "2012-12-31": "40.40540", "2012-09-30": "40.54250", "2012-06-30": "38.32390", "2012-03-31": "40.03150", "2011-12-31": "37.85540", "2011-09-30": "37.43820", "2011-06-30": "37.96940", "2011-03-31": "38.33430", "2010-12-31": "32.17670", "2010-09-30": "31.25760", "2010-06-30": "30.01730", "2010-03-31": "30.32610", "2009-12-31": "30.85830", "2009-09-30": "31.21560", "2009-06-30": "30.96230", "2009-03-31": "31.08290", "2008-12-31": "30.92800", "2008-09-30": "31.01320", "2008-06-30": "29.21440", "2008-03-31": "28.13130", "2007-12-31": "28.12240", "2007-09-30": "27.77800", "2007-06-30": "28.03350", "2007-03-31": "27.10700", "2006-12-31": "27.03560", "2006-09-30": "24.52900", "2006-06-30": "24.72670", "2006-03-31": "24.41210", "2005-12-31": "24.61520", "2005-09-30": "24.15610", "2005-06-30": "24.38150", "2005-03-31": "24.95010"}, "Operating Cash Flow Per Share": {"2020-09-30": 0.7118, "2020-06-30": 0.9379, "2020-03-31": "0.99860", "2019-12-31": 0.8302, "2019-09-30": 0.8723, "2019-06-30": 1.2272, "2019-03-31": "0.87400", "2018-12-31": 0.9868, "2018-09-30": 0.9869, "2018-06-30": 1.2597, "2018-03-31": "0.98760", "2017-12-31": 0.7511, "2017-09-30": 0.8427, "2017-06-30": 1.2356, "2017-03-31": "1.05720", "2016-12-31": 1.0063, "2016-09-30": 1.1596, "2016-06-30": 1.3152, "2016-03-31": "1.06900", "2015-12-31": 1.0219, "2015-09-30": 1.1722, "2015-06-30": 1.0932, "2015-03-31": "0.66950", "2014-12-31": 0.9694, "2014-09-30": 0.7321, "2014-06-30": 1.1094, "2014-03-31": "0.88910", "2013-12-31": 1.3729, "2013-09-30": 0.702, "2013-06-30": 0.7027, "2013-03-31": "0.76840", "2012-12-31": 1.1304, "2012-09-30": 0.8587, "2012-06-30": 0.7686, "2012-03-31": "0.86310", "2011-12-31": 0.8053, "2011-09-30": 0.987, "2011-06-30": 0.6294, "2011-03-31": "0.73180", "2010-12-31": 0.3257, "2010-09-30": 0.7629, "2010-06-30": 0.7933, "2010-03-31": "0.74710", "2009-12-31": 0.8072, "2009-09-30": 0.8627, "2009-06-30": 0.7873, "2009-03-31": "0.86930", "2008-12-31": 0.8879, "2008-09-30": 0.9705, "2008-06-30": 1.0924, "2008-03-31": "0.87370", "2007-12-31": 1.0984, "2007-09-30": 0.9827, "2007-06-30": 0.6637, "2007-03-31": "0.83150", "2006-12-31": -2.2556, "2006-09-30": 0.897, "2006-06-30": 0.5291, "2006-03-31": "1.10280", "2005-12-31": -1.9706, "2005-09-30": 0.8766, "2005-06-30": 0.6312, "2005-03-31": "0.60730"}, "Free Cash Flow Per Share": {"2020-09-30": 4.1196, "2020-06-30": 3.5504, "2020-03-31": "1.70770", "2019-12-31": 7.9127, "2019-09-30": 4.5948, "2019-06-30": -5.2717, "2019-03-31": "1.51660", "2018-12-31": 9.9498, "2018-09-30": -5.4801, "2018-06-30": 0.6169, "2018-03-31": "2.10570", "2017-12-31": 2.3496, "2017-09-30": -0.2981, "2017-06-30": 0.8087, "2017-03-31": "3.45200", "2016-12-31": 3.658, "2016-09-30": -1.2733, "2016-06-30": 0.7047, "2016-03-31": "0.30150", "2015-12-31": -1.4791, "2015-09-30": 0.3561, "2015-06-30": 0.1182, "2015-03-31": "-3.51360", "2014-12-31": -1.8479, "2014-09-30": -0.0795, "2014-06-30": -0.0943, "2014-03-31": "0.42450", "2013-12-31": -0.8714, "2013-09-30": -1.3644, "2013-06-30": -1.556, "2013-03-31": "-5.21530", "2012-12-31": -2.9407, "2012-09-30": -2.5183, "2012-06-30": -1.2209, "2012-03-31": "-1.80290", "2011-12-31": -2.75, "2011-09-30": -2.6144, "2011-06-30": -13.0737, "2011-03-31": "-3.37990", "2010-12-31": -7.7287, "2010-09-30": -1.8566, "2010-06-30": -0.9047, "2010-03-31": "-0.25260", "2009-12-31": -0.1755, "2009-09-30": 0.0664, "2009-06-30": 0.2006, "2009-03-31": "-0.03650", "2008-12-31": -0.5862, "2008-09-30": -1.9774, "2008-06-30": -0.8694, "2008-03-31": "-1.06970", "2007-12-31": -0.9309, "2007-09-30": -0.607, "2007-06-30": -0.3935, "2007-03-31": "-1.20310", "2006-12-31": -3.7488, "2006-09-30": -0.8025, "2006-06-30": -0.5432, "2006-03-31": "-0.18650", "2005-12-31": -7.0052, "2005-09-30": 0.7553, "2005-06-30": -2.7344, "2005-03-31": "0.11720"}}, "revenue": {"Welltower Annual Revenue (Millions of US $)": {"2019": "$5,121", "2018": "$4,700", "2017": "$4,317", "2016": "$4,281", "2015": "$3,860", "2014": "$3,344", "2013": "$2,881", "2012": "$1,805", "2011": "$1,313", "2010": "$579", "2009": "$523", "2008": "$505", "2007": "$429", "2006": "$288", "2005": "$265"}, "Welltower Quarterly Revenue (Millions of US $)": {"2020-09-30": "$1,037", "2020-06-30": "$1,188", "2020-03-31": "$1,259", "2019-12-31": "$1,263", "2019-09-30": "$1,266", "2019-06-30": "$1,320", "2019-03-31": "$1,272", "2018-12-31": "$1,241", "2018-09-30": "$1,236", "2018-06-30": "$1,126", "2018-03-31": "$1,097", "2017-12-31": "$1,104", "2017-09-30": "$1,091", "2017-06-30": "$1,059", "2017-03-31": "$1,062", "2016-12-31": "$1,078", "2016-09-30": "$1,079", "2016-06-30": "$1,077", "2016-03-31": "$1,047", "2015-12-31": "$1,029", "2015-09-30": "$979", "2015-06-30": "$957", "2015-03-31": "$894", "2014-12-31": "$868", "2014-09-30": "$848", "2014-06-30": "$826", "2014-03-31": "$802", "2013-12-31": "$789", "2013-09-30": "$784", "2013-06-30": "$679", "2013-03-31": "$630", "2012-12-31": "$486", "2012-09-30": "$462", "2012-06-30": "$439", "2012-03-31": "$418", "2011-12-31": "$407", "2011-09-30": "$371", "2011-06-30": "$370", "2011-03-31": "$246", "2010-12-31": "$196", "2010-09-30": "$169", "2010-06-30": "$154", "2010-03-31": "$145", "2009-12-31": "$105", "2009-09-30": "$140", "2009-06-30": "$139", "2009-03-31": "$139", "2008-12-31": "$109", "2008-09-30": "$139", "2008-06-30": "$129", "2008-03-31": "$127", "2007-12-31": "$88", "2007-09-30": "$119", "2007-06-30": "$113", "2007-03-31": "$110", "2006-12-31": "$88", "2006-09-30": "$79", "2006-06-30": "$78", "2006-03-31": "$76", "2005-12-31": "$76", "2005-09-30": "$70", "2005-06-30": "$65", "2005-03-31": "$65"}}, "gross-profit": {"Welltower Annual Gross Profit (Millions of US $)": {"2019": "$2,413", "2018": "$2,267", "2017": "$2,170", "2016": "$2,394", "2015": "$2,238", "2014": "$1,940", "2013": "$1,672", "2012": "$1,210", "2011": "$936", "2010": "$471", "2009": "$458", "2008": "$462", "2007": "$396", "2006": "$286", "2005": "$261"}, "Welltower Quarterly Gross Profit (Millions of US $)": {"2020-09-30": "$399", "2020-06-30": "$526", "2020-03-31": "$570", "2019-12-31": "$600", "2019-09-30": "$611", "2019-06-30": "$619", "2019-03-31": "$583", "2018-12-31": "$591", "2018-09-30": "$579", "2018-06-30": "$557", "2018-03-31": "$541", "2017-12-31": "$493", "2017-09-30": "$567", "2017-06-30": "$557", "2017-03-31": "$552", "2016-12-31": "$573", "2016-09-30": "$605", "2016-06-30": "$618", "2016-03-31": "$597", "2015-12-31": "$591", "2015-09-30": "$570", "2015-06-30": "$559", "2015-03-31": "$518", "2014-12-31": "$505", "2014-09-30": "$492", "2014-06-30": "$483", "2014-03-31": "$460", "2013-12-31": "$452", "2013-09-30": "$442", "2013-06-30": "$401", "2013-03-31": "$377", "2012-12-31": "$328", "2012-09-30": "$290", "2012-06-30": "$303", "2012-03-31": "$289", "2011-12-31": "$293", "2011-09-30": "$267", "2011-06-30": "$270", "2011-03-31": "$182", "2010-12-31": "$159", "2010-09-30": "$120", "2010-06-30": "$142", "2010-03-31": "$133", "2009-12-31": "$74", "2009-09-30": "$128", "2009-06-30": "$128", "2009-03-31": "$128", "2008-12-31": "$99", "2008-09-30": "$128", "2008-06-30": "$118", "2008-03-31": "$116", "2007-12-31": "$85", "2007-09-30": "$107", "2007-06-30": "$103", "2007-03-31": "$102", "2006-12-31": "$85", "2006-09-30": "$78", "2006-06-30": "$77", "2006-03-31": "$75", "2005-12-31": "$75", "2005-09-30": "$69", "2005-06-30": "$64", "2005-03-31": "$64"}}, "operating-income": {"Welltower Annual Operating Income (Millions of US $)": {"2019": "$1,206", "2018": "$1,078", "2017": "$948", "2016": "$1,283", "2015": "$1,107", "2014": "$873", "2013": "$564", "2012": "$545", "2011": "$402", "2010": "$205", "2009": "$267", "2008": "$276", "2007": "$234", "2006": "$178", "2005": "$174"}, "Welltower Quarterly Operating Income (Millions of US $)": {"2020-09-30": "$101", "2020-06-30": "$207", "2020-03-31": "$253", "2019-12-31": "$295", "2019-09-30": "$301", "2019-06-30": "$316", "2019-03-31": "$295", "2018-12-31": "$306", "2018-09-30": "$219", "2018-06-30": "$278", "2018-03-31": "$275", "2017-12-31": "$166", "2017-09-30": "$208", "2017-06-30": "$293", "2017-03-31": "$281", "2016-12-31": "$294", "2016-09-30": "$331", "2016-06-30": "$343", "2016-03-31": "$315", "2015-12-31": "$255", "2015-09-30": "$318", "2015-06-30": "$288", "2015-03-31": "$245", "2014-12-31": "$234", "2014-09-30": "$237", "2014-06-30": "$210", "2014-03-31": "$193", "2013-12-31": "$166", "2013-09-30": "$148", "2013-06-30": "$150", "2013-03-31": "$99", "2012-12-31": "$159", "2012-09-30": "$131", "2012-06-30": "$121", "2012-03-31": "$135", "2011-12-31": "$138", "2011-09-30": "$129", "2011-06-30": "$129", "2011-03-31": "$57", "2010-12-31": "$72", "2010-09-30": "$38", "2010-06-30": "$85", "2010-03-31": "$68", "2009-12-31": "$38", "2009-09-30": "$78", "2009-06-30": "$79", "2009-03-31": "$72", "2008-12-31": "$58", "2008-09-30": "$78", "2008-06-30": "$72", "2008-03-31": "$67", "2007-12-31": "$55", "2007-09-30": "$61", "2007-06-30": "$60", "2007-03-31": "$59", "2006-12-31": "$50", "2006-09-30": "$50", "2006-06-30": "$49", "2006-03-31": "$47", "2005-12-31": "$51", "2005-09-30": "$45", "2005-06-30": "$41", "2005-03-31": "$41"}}, "ebitda": {"Welltower Annual EBITDA (Millions of US $)": {"2019": "$2,250", "2018": "$2,048", "2017": "$1,887", "2016": "$2,193", "2015": "$1,942", "2014": "$1,725", "2013": "$1,447", "2012": "$1,094", "2011": "$840", "2010": "$422", "2009": "$446", "2008": "$453", "2007": "$392", "2006": "$280", "2005": "$262"}, "Welltower Quarterly EBITDA (Millions of US $)": {"2020-09-30": "$359", "2020-06-30": "$476", "2020-03-31": "$531", "2019-12-31": "$561", "2019-09-30": "$577", "2019-06-30": "$567", "2019-03-31": "$545", "2018-12-31": "$555", "2018-09-30": "$467", "2018-06-30": "$519", "2018-03-31": "$508", "2017-12-31": "$409", "2017-09-30": "$442", "2017-06-30": "$522", "2017-03-31": "$513", "2016-12-31": "$525", "2016-09-30": "$551", "2016-06-30": "$572", "2016-03-31": "$545", "2015-12-31": "$480", "2015-09-30": "$527", "2015-06-30": "$499", "2015-03-31": "$435", "2014-12-31": "$431", "2014-09-30": "$440", "2014-06-30": "$425", "2014-03-31": "$428", "2013-12-31": "$411", "2013-09-30": "$392", "2013-06-30": "$353", "2013-03-31": "$291", "2012-12-31": "$302", "2012-09-30": "$268", "2012-06-30": "$257", "2012-03-31": "$267", "2011-12-31": "$264", "2011-09-30": "$249", "2011-06-30": "$243", "2011-03-31": "$136", "2010-12-31": "$135", "2010-09-30": "$95", "2010-06-30": "$136", "2010-03-31": "$114", "2009-12-31": "$84", "2009-09-30": "$123", "2009-06-30": "$123", "2009-03-31": "$117", "2008-12-31": "$104", "2008-09-30": "$125", "2008-06-30": "$114", "2008-03-31": "$110", "2007-12-31": "$99", "2007-09-30": "$103", "2007-06-30": "$96", "2007-03-31": "$94", "2006-12-31": "$-21", "2006-09-30": "$75", "2006-06-30": "$74", "2006-03-31": "$71", "2005-12-31": "$-11", "2005-09-30": "$67", "2005-06-30": "$63", "2005-03-31": "$63"}}, "net-income": {"Welltower Annual Net Income (Millions of US $)": {"2019": "$1,232", "2018": "$758", "2017": "$464", "2016": "$1,012", "2015": "$818", "2014": "$447", "2013": "$79", "2012": "$222", "2011": "$157", "2010": "$107", "2009": "$171", "2008": "$260", "2007": "$113", "2006": "$81", "2005": "$63"}, "Welltower Quarterly Net Income (Millions of US $)": {"2020-09-30": "$326", "2020-06-30": "$179", "2020-03-31": "$310", "2019-12-31": "$224", "2019-09-30": "$590", "2019-06-30": "$138", "2019-03-31": "$280", "2018-12-31": "$102", "2018-09-30": "$64", "2018-06-30": "$154", "2018-03-31": "$438", "2017-12-31": "$-112", "2017-09-30": "$74", "2017-06-30": "$188", "2017-03-31": "$313", "2016-12-31": "$333", "2016-09-30": "$335", "2016-06-30": "$195", "2016-03-31": "$149", "2015-12-31": "$133", "2015-09-30": "$182", "2015-06-30": "$313", "2015-03-31": "$191", "2014-12-31": "$189", "2014-09-30": "$136", "2014-06-30": "$72", "2014-03-31": "$50", "2013-12-31": "$11", "2013-09-30": "$21", "2013-06-30": "$-9", "2013-03-31": "$55", "2012-12-31": "$91", "2012-09-30": "$37", "2012-06-30": "$55", "2012-03-31": "$39", "2011-12-31": "$27", "2011-09-30": "$37", "2011-06-30": "$70", "2011-03-31": "$23", "2010-12-31": "$40", "2010-09-30": "$-5", "2010-06-30": "$46", "2010-03-31": "$26", "2009-12-31": "$32", "2009-09-30": "$19", "2009-06-30": "$59", "2009-03-31": "$61", "2008-12-31": "$22", "2008-09-30": "$54", "2008-06-30": "$155", "2008-03-31": "$29", "2007-12-31": "$40", "2007-09-30": "$25", "2007-06-30": "$26", "2007-03-31": "$23", "2006-12-31": "$17", "2006-09-30": "$21", "2006-06-30": "$23", "2006-03-31": "$20", "2005-12-31": "$27", "2005-09-30": "$20", "2005-06-30": "$-2", "2005-03-31": "$18"}}, "eps-earnings-per-share-diluted": {"Welltower Annual EPS": {"2019": "$3.05", "2018": "$2.02", "2017": "$1.26", "2016": "$2.81", "2015": "$2.34", "2014": "$1.45", "2013": "$0.28", "2012": "$0.98", "2011": "$0.90", "2010": "$0.83", "2009": "$1.49", "2008": "$2.76", "2007": "$1.43", "2006": "$1.31", "2005": "$1.15"}, "Welltower Quarterly EPS": {"2020-09-30": "$0.77", "2020-06-30": "$0.42", "2020-03-31": "$0.75", "2019-12-31": "$0.55", "2019-09-30": "$1.45", "2019-06-30": "$0.34", "2019-03-31": "$0.71", "2018-12-31": "$0.27", "2018-09-30": "$0.17", "2018-06-30": "$0.41", "2018-03-31": "$1.17", "2017-12-31": "$-0.31", "2017-09-30": "$0.20", "2017-06-30": "$0.51", "2017-03-31": "$0.86", "2016-12-31": "$0.92", "2016-09-30": "$0.93", "2016-06-30": "$0.54", "2016-03-31": "$0.42", "2015-12-31": "$0.37", "2015-09-30": "$0.52", "2015-06-30": "$0.89", "2015-03-31": "$0.56", "2014-12-31": "$0.60", "2014-09-30": "$0.44", "2014-06-30": "$0.24", "2014-03-31": "$0.17", "2013-12-31": "$0.03", "2013-09-30": "$0.07", "2013-06-30": "$-0.03", "2013-03-31": "$0.21", "2012-12-31": "$0.38", "2012-09-30": "$0.16", "2012-06-30": "$0.25", "2012-03-31": "$0.19", "2011-12-31": "$0.15", "2011-09-30": "$0.21", "2011-06-30": "$0.39", "2011-03-31": "$0.15", "2010-12-31": "$0.29", "2010-09-30": "$-0.04", "2010-06-30": "$0.37", "2010-03-31": "$0.21", "2009-12-31": "$0.23", "2009-09-30": "$0.17", "2009-06-30": "$0.53", "2009-03-31": "$0.56", "2008-12-31": "$0.14", "2008-09-30": "$0.55", "2008-06-30": "$1.73", "2008-03-31": "$0.34", "2007-12-31": "$0.49", "2007-09-30": "$0.30", "2007-06-30": "$0.32", "2007-03-31": "$0.32", "2006-12-31": "$0.27", "2006-09-30": "$0.34", "2006-06-30": "$0.37", "2006-03-31": "$0.34", "2005-12-31": "$0.47", "2005-09-30": "$0.37", "2005-06-30": "$-0.03", "2005-03-31": "$0.33"}}, "shares-outstanding": {"Welltower Annual Shares Outstanding (Millions of Shares)": {"2019": "404", "2018": "375", "2017": "369", "2016": "360", "2015": "349", "2014": "308", "2013": "279", "2012": "226", "2011": "174", "2010": "128", "2009": "115", "2008": "94", "2007": "79", "2006": "62", "2005": "54"}, "Welltower Quarterly Shares Outstanding (Millions of Shares)": {"2020-09-30": "419", "2020-06-30": "419", "2020-03-31": "412", "2019-12-31": "404", "2019-09-30": "407", "2019-06-30": "407", "2019-03-31": "393", "2018-12-31": "375", "2018-09-30": "374", "2018-06-30": "373", "2018-03-31": "373", "2017-12-31": "369", "2017-09-30": "371", "2017-06-30": "368", "2017-03-31": "365", "2016-12-31": "360", "2016-09-30": "361", "2016-06-30": "359", "2016-03-31": "356", "2015-12-31": "349", "2015-09-30": "353", "2015-06-30": "351", "2015-03-31": "338", "2014-12-31": "308", "2014-09-30": "313", "2014-06-30": "298", "2014-03-31": "291", "2013-12-31": "279", "2013-09-30": "288", "2013-06-30": "276", "2013-03-31": "260", "2012-12-31": "226", "2012-09-30": "226", "2012-06-30": "215", "2012-03-31": "202", "2011-12-31": "187", "2011-09-30": "178", "2011-06-30": "177", "2011-03-31": "155", "2010-12-31": "139", "2010-09-30": "125", "2010-06-30": "124", "2010-03-31": "124", "2009-12-31": "115", "2009-09-30": "115", "2009-06-30": "111", "2009-03-31": "109", "2008-12-31": "94", "2008-09-30": "97", "2008-06-30": "90", "2008-03-31": "87", "2007-12-31": "79", "2007-09-30": "81", "2007-06-30": "80", "2007-03-31": "74", "2006-12-31": "65", "2006-09-30": "63", "2006-06-30": "62", "2006-03-31": "59", "2005-12-31": "56", "2005-09-30": "54", "2005-06-30": "53", "2005-03-31": "53"}}, "total-assets": {"Welltower Annual Total Assets (Millions of US $)": {"2019": "$33,381", "2018": "$30,342", "2017": "$27,944", "2016": "$28,865", "2015": "$29,024", "2014": "$24,963", "2013": "$23,084", "2012": "$19,549", "2011": "$14,925", "2010": "$9,452", "2009": "$6,367", "2008": "$6,215", "2007": "$5,214", "2006": "$4,281", "2005": "$2,972"}, "Welltower Quarterly Total Assets (Millions of US $)": {"2020-09-30": "$32,542", "2020-06-30": "$33,163", "2020-03-31": "$32,923", "2019-12-31": "$33,381", "2019-09-30": "$31,864", "2019-06-30": "$33,149", "2019-03-31": "$30,637", "2018-12-31": "$30,342", "2018-09-30": "$30,249", "2018-06-30": "$27,619", "2018-03-31": "$27,747", "2017-12-31": "$27,944", "2017-09-30": "$28,180", "2017-06-30": "$27,976", "2017-03-31": "$27,767", "2016-12-31": "$28,865", "2016-09-30": "$29,856", "2016-06-30": "$28,965", "2016-03-31": "$29,088", "2015-12-31": "$29,024", "2015-09-30": "$27,456", "2015-06-30": "$27,407", "2015-03-31": "$26,629", "2014-12-31": "$24,963", "2014-09-30": "$24,542", "2014-06-30": "$23,574", "2014-03-31": "$23,211", "2013-12-31": "$23,084", "2013-09-30": "$23,050", "2013-06-30": "$22,196", "2013-03-31": "$20,789", "2012-12-31": "$19,549", "2012-09-30": "$18,282", "2012-06-30": "$16,347", "2012-03-31": "$15,860", "2011-12-31": "$14,925", "2011-09-30": "$13,861", "2011-06-30": "$13,481", "2011-03-31": "$13,258", "2010-12-31": "$9,452", "2010-09-30": "$7,893", "2010-06-30": "$7,079", "2010-03-31": "$6,774", "2009-12-31": "$6,367", "2009-09-30": "$6,381", "2009-06-30": "$6,248", "2009-03-31": "$6,143", "2008-12-31": "$6,215", "2008-09-30": "$6,022", "2008-06-30": "$5,805", "2008-03-31": "$5,387", "2007-12-31": "$5,214", "2007-09-30": "$4,972", "2007-06-30": "$4,825", "2007-03-31": "$4,459", "2006-12-31": "$4,281", "2006-09-30": "$3,201", "2006-06-30": "$3,062", "2006-03-31": "$3,013", "2005-12-31": "$2,972", "2005-09-30": "$2,737", "2005-06-30": "$2,740", "2005-03-31": "$2,560"}}, "cash-on-hand": {"Welltower Annual Cash on Hand (Millions of US $)": {"2019": "$386", "2018": "$316", "2017": "$309", "2016": "$607", "2015": "$423", "2014": "$553", "2013": "$232", "2012": "$1,141", "2011": "$233", "2010": "$211", "2009": "$59", "2008": "$177", "2007": "$48", "2006": "$36", "2005": "$36"}, "Welltower Quarterly Cash on Hand (Millions of US $)": {"2020-09-30": "$2,155", "2020-06-30": "$1,826", "2020-03-31": "$393", "2019-12-31": "$386", "2019-09-30": "$331", "2019-06-30": "$360", "2019-03-31": "$407", "2018-12-31": "$316", "2018-09-30": "$281", "2018-06-30": "$272", "2018-03-31": "$264", "2017-12-31": "$309", "2017-09-30": "$295", "2017-06-30": "$488", "2017-03-31": "$423", "2016-12-31": "$607", "2016-09-30": "$512", "2016-06-30": "$525", "2016-03-31": "$418", "2015-12-31": "$423", "2015-09-30": "$367", "2015-06-30": "$291", "2015-03-31": "$287", "2014-12-31": "$553", "2014-09-30": "$1,117", "2014-06-30": "$272", "2014-03-31": "$254", "2013-12-31": "$232", "2013-09-30": "$246", "2013-06-30": "$725", "2013-03-31": "$495", "2012-12-31": "$1,141", "2012-09-30": "$1,523", "2012-06-30": "$285", "2012-03-31": "$553", "2011-12-31": "$233", "2011-09-30": "$193", "2011-06-30": "$371", "2011-03-31": "$2,707", "2010-12-31": "$211", "2010-09-30": "$242", "2010-06-30": "$115", "2010-03-31": "$54", "2009-12-31": "$59", "2009-09-30": "$120", "2009-06-30": "$98", "2009-03-31": "$36", "2008-12-31": "$177", "2008-09-30": "$101", "2008-06-30": "$175", "2008-03-31": "$32", "2007-12-31": "$48", "2007-09-30": "$31", "2007-06-30": "$38", "2007-03-31": "$31", "2006-12-31": "$36", "2006-09-30": "$15", "2006-06-30": "$15", "2006-03-31": "$26", "2005-12-31": "$36", "2005-09-30": "$27", "2005-06-30": "$15", "2005-03-31": "$17"}}, "long-term-debt": {"Welltower Annual Long Term Debt (Millions of US $)": {"2019": "$14,915", "2018": "$13,226", "2017": "$11,732", "2016": "$12,358", "2015": "$12,968", "2014": "$10,777", "2013": "$10,652", "2012": "$8,532", "2011": "$7,241", "2010": "$4,470", "2009": "$2,414", "2008": "$2,848", "2007": "$2,705", "2006": "$2,146", "2005": "$1,501"}, "Welltower Quarterly Long Term Debt (Millions of US $)": {"2020-09-30": "$13,781", "2020-06-30": "$14,436", "2020-03-31": "$13,965", "2019-12-31": "$14,915", "2019-09-30": "$13,688", "2019-06-30": "$15,151", "2019-03-31": "$12,712", "2018-12-31": "$13,226", "2018-09-30": "$13,504", "2018-06-30": "$11,436", "2018-03-31": "$11,350", "2017-12-31": "$11,732", "2017-09-30": "$11,522", "2017-06-30": "$11,380", "2017-03-31": "$11,454", "2016-12-31": "$12,358", "2016-09-30": "$13,431", "2016-06-30": "$12,974", "2016-03-31": "$13,063", "2015-12-31": "$12,968", "2015-09-30": "$11,468", "2015-06-30": "$11,552", "2015-03-31": "$11,015", "2014-12-31": "$10,777", "2014-09-30": "$10,283", "2014-06-30": "$10,345", "2014-03-31": "$10,941", "2013-12-31": "$10,652", "2013-09-30": "$10,443", "2013-06-30": "$9,560", "2013-03-31": "$9,854", "2012-12-31": "$8,532", "2012-09-30": "$7,319", "2012-06-30": "$7,686", "2012-03-31": "$6,878", "2011-12-31": "$7,241", "2011-09-30": "$6,793", "2011-06-30": "$6,404", "2011-03-31": "$6,149", "2010-12-31": "$4,470", "2010-09-30": "$3,471", "2010-06-30": "$3,155", "2010-03-31": "$2,828", "2009-12-31": "$2,414", "2009-09-30": "$2,420", "2009-06-30": "$2,697", "2009-03-31": "$2,590", "2008-12-31": "$2,848", "2008-09-30": "$2,686", "2008-06-30": "$3,057", "2008-03-31": "$2,758", "2007-12-31": "$2,705", "2007-09-30": "$2,548", "2007-06-30": "$2,404", "2007-03-31": "$2,300", "2006-12-31": "$2,146", "2006-09-30": "$1,603", "2006-06-30": "$1,471", "2006-03-31": "$1,528", "2005-12-31": "$1,501", "2005-09-30": "$1,373", "2005-06-30": "$1,382", "2005-03-31": "$1,208"}}, "total-liabilities": {"Welltower Annual Total Liabilities (Millions of US $)": {"2019": "$16,874", "2018": "$14,755", "2017": "$13,019", "2016": "$13,584", "2015": "$13,848", "2014": "$11,490", "2013": "$11,328", "2012": "$9,029", "2011": "$7,646", "2010": "$4,719", "2009": "$2,560", "2008": "$2,977", "2007": "$2,810", "2006": "$2,302", "2005": "$1,541"}, "Welltower Quarterly Total Liabilities (Millions of US $)": {"2020-09-30": "$15,581", "2020-06-30": "$16,226", "2020-03-31": "$15,857", "2019-12-31": "$16,874", "2019-09-30": "$15,638", "2019-06-30": "$17,179", "2019-03-31": "$14,590", "2018-12-31": "$14,755", "2018-09-30": "$14,980", "2018-06-30": "$12,819", "2018-03-31": "$12,687", "2017-12-31": "$13,019", "2017-09-30": "$12,936", "2017-06-30": "$12,662", "2017-03-31": "$12,657", "2016-12-31": "$13,584", "2016-09-30": "$14,592", "2016-06-30": "$14,096", "2016-03-31": "$14,089", "2015-12-31": "$13,848", "2015-09-30": "$12,319", "2015-06-30": "$12,362", "2015-03-31": "$11,711", "2014-12-31": "$11,490", "2014-09-30": "$11,036", "2014-06-30": "$11,059", "2014-03-31": "$11,588", "2013-12-31": "$11,328", "2013-09-30": "$11,135", "2013-06-30": "$10,132", "2013-03-31": "$10,406", "2012-12-31": "$9,029", "2012-09-30": "$7,760", "2012-06-30": "$8,120", "2012-03-31": "$7,306", "2011-12-31": "$7,646", "2011-09-30": "$7,168", "2011-06-30": "$6,748", "2011-03-31": "$6,487", "2010-12-31": "$4,719", "2010-09-30": "$3,673", "2010-06-30": "$3,342", "2010-03-31": "$3,014", "2009-12-31": "$2,560", "2009-09-30": "$2,545", "2009-06-30": "$2,787", "2009-03-31": "$2,692", "2008-12-31": "$2,977", "2008-09-30": "$2,820", "2008-06-30": "$3,172", "2008-03-31": "$2,879", "2007-12-31": "$2,810", "2007-09-30": "$2,711", "2007-06-30": "$2,557", "2007-03-31": "$2,450", "2006-12-31": "$2,302", "2006-09-30": "$1,654", "2006-06-30": "$1,516", "2006-03-31": "$1,578", "2005-12-31": "$1,541", "2005-09-30": "$1,417", "2005-06-30": "$1,426", "2005-03-31": "$1,226"}}, "total-share-holder-equity": {"Welltower Annual Share Holder Equity (Millions of US $)": {"2019": "$16,507", "2018": "$15,587", "2017": "$14,925", "2016": "$15,281", "2015": "$15,176", "2014": "$13,473", "2013": "$11,756", "2012": "$10,521", "2011": "$7,279", "2010": "$4,733", "2009": "$3,807", "2008": "$3,238", "2007": "$2,404", "2006": "$1,979", "2005": "$1,431"}, "Welltower Quarterly Share Holder Equity (Millions of US $)": {"2020-09-30": "$16,961", "2020-06-30": "$16,937", "2020-03-31": "$17,066", "2019-12-31": "$16,507", "2019-09-30": "$16,226", "2019-06-30": "$15,970", "2019-03-31": "$16,048", "2018-12-31": "$15,587", "2018-09-30": "$15,269", "2018-06-30": "$14,800", "2018-03-31": "$15,059", "2017-12-31": "$14,925", "2017-09-30": "$15,245", "2017-06-30": "$15,314", "2017-03-31": "$15,110", "2016-12-31": "$15,281", "2016-09-30": "$15,264", "2016-06-30": "$14,869", "2016-03-31": "$15,000", "2015-12-31": "$15,176", "2015-09-30": "$15,137", "2015-06-30": "$15,045", "2015-03-31": "$14,918", "2014-12-31": "$13,473", "2014-09-30": "$13,505", "2014-06-30": "$12,515", "2014-03-31": "$11,623", "2013-12-31": "$11,756", "2013-09-30": "$11,914", "2013-06-30": "$12,064", "2013-03-31": "$10,383", "2012-12-31": "$10,521", "2012-09-30": "$10,522", "2012-06-30": "$8,228", "2012-03-31": "$8,554", "2011-12-31": "$7,279", "2011-09-30": "$6,693", "2011-06-30": "$6,733", "2011-03-31": "$6,771", "2010-12-31": "$4,733", "2010-09-30": "$4,220", "2010-06-30": "$3,737", "2010-03-31": "$3,760", "2009-12-31": "$3,807", "2009-09-30": "$3,836", "2009-06-30": "$3,461", "2009-03-31": "$3,451", "2008-12-31": "$3,238", "2008-09-30": "$3,202", "2008-06-30": "$2,633", "2008-03-31": "$2,509", "2007-12-31": "$2,404", "2007-09-30": "$2,261", "2007-06-30": "$2,267", "2007-03-31": "$2,008", "2006-12-31": "$1,979", "2006-09-30": "$1,547", "2006-06-30": "$1,546", "2006-03-31": "$1,435", "2005-12-31": "$1,431", "2005-09-30": "$1,320", "2005-06-30": "$1,314", "2005-03-31": "$1,334"}}, "profit-margins": {"current": "21.25%"}, "gross margin": {"2020-09-30": "44.13%", "2020-06-30": "46.36%", "2020-03-31": "46.99%", "2019-12-31": "47.12%", "2019-09-30": "47.15%", "2019-06-30": "46.79%", "2019-03-31": "47.38%", "2018-12-31": "48.23%", "2018-09-30": "47.53%", "2018-06-30": "48.82%", "2018-03-31": "49.57%", "2017-12-31": "50.25%", "2017-09-30": "52.42%", "2017-06-30": "53.46%", "2017-03-31": "54.66%", "2016-12-31": "55.90%", "2016-09-30": "56.97%", "2016-06-30": "57.50%", "2016-03-31": "57.75%", "2015-12-31": "57.99%", "2015-09-30": "58.19%", "2015-06-30": "58.14%", "2015-03-31": "58.15%", "2014-12-31": "58.01%", "2014-09-30": "57.79%", "2014-06-30": "57.39%", "2014-03-31": "57.47%", "2013-12-31": "58.02%", "2013-09-30": "60.02%", "2013-06-30": "61.85%", "2013-03-31": "64.35%", "2012-12-31": "67.04%", "2012-09-30": "68.08%", "2012-06-30": "70.46%", "2012-03-31": "71.46%", "2011-12-31": "72.60%", "2011-09-30": "74.22%", "2011-06-30": "74.52%", "2011-03-31": "78.82%", "2010-12-31": "83.43%", "2010-09-30": "81.85%", "2010-06-30": "87.68%", "2010-03-31": "87.52%", "2009-12-31": "87.57%", "2009-09-30": "91.65%", "2009-06-30": "91.83%", "2009-03-31": "91.67%", "2008-12-31": "91.47%", "2008-09-30": "92.55%", "2008-06-30": "92.01%", "2008-03-31": "91.95%", "2007-12-31": "92.33%", "2007-09-30": "92.33%", "2007-06-30": "94.36%", "2007-03-31": "96.34%", "2006-12-31": "98.13%", "2006-09-30": "98.71%", "2006-06-30": "98.67%", "2006-03-31": "98.61%", "2005-12-31": "98.55%"}, "operating margin": {"2020-09-30": "18.03%", "2020-06-30": "21.22%", "2020-03-31": "22.81%", "2019-12-31": "23.57%", "2019-09-30": "23.89%", "2019-06-30": "22.41%", "2019-03-31": "22.52%", "2018-12-31": "22.94%", "2018-09-30": "20.56%", "2018-06-30": "20.98%", "2018-03-31": "21.65%", "2017-12-31": "21.96%", "2017-09-30": "25.08%", "2017-06-30": "28.03%", "2017-03-31": "29.07%", "2016-12-31": "29.97%", "2016-09-30": "29.40%", "2016-06-30": "29.79%", "2016-03-31": "29.31%", "2015-12-31": "28.66%", "2015-09-30": "29.34%", "2015-06-30": "28.15%", "2015-03-31": "26.95%", "2014-12-31": "26.14%", "2014-09-30": "24.69%", "2014-06-30": "22.40%", "2014-03-31": "21.51%", "2013-12-31": "19.54%", "2013-09-30": "21.56%", "2013-06-30": "23.88%", "2013-03-31": "25.29%", "2012-12-31": "30.25%", "2012-09-30": "30.42%", "2012-06-30": "31.99%", "2012-03-31": "33.91%", "2011-12-31": "32.50%", "2011-09-30": "32.71%", "2011-06-30": "30.17%", "2011-03-31": "32.94%", "2010-12-31": "39.61%", "2010-09-30": "39.97%", "2010-06-30": "49.45%", "2010-03-31": "49.72%", "2009-12-31": "51.05%", "2009-09-30": "54.46%", "2009-06-30": "54.56%", "2009-03-31": "54.26%", "2008-12-31": "54.56%", "2008-09-30": "56.31%", "2008-06-30": "55.08%", "2008-03-31": "54.36%", "2007-12-31": "54.65%", "2007-09-30": "53.49%", "2007-06-30": "56.15%", "2007-03-31": "58.59%", "2006-12-31": "61.06%", "2006-09-30": "63.75%", "2006-06-30": "64.00%", "2006-03-31": "64.11%", "2005-12-31": "64.49%"}, "ebitda margin": {"2020-09-30": "40.59%", "2020-06-30": "43.11%", "2020-03-31": "43.77%", "2019-12-31": "43.94%", "2019-09-30": "44.01%", "2019-06-30": "42.10%", "2019-03-31": "42.79%", "2018-12-31": "43.60%", "2018-09-30": "41.71%", "2018-06-30": "42.51%", "2018-03-31": "43.23%", "2017-12-31": "43.70%", "2017-09-30": "46.67%", "2017-06-30": "49.35%", "2017-03-31": "50.30%", "2016-12-31": "51.23%", "2016-09-30": "50.76%", "2016-06-30": "51.40%", "2016-03-31": "51.12%", "2015-12-31": "50.30%", "2015-09-30": "51.16%", "2015-06-30": "50.60%", "2015-03-31": "50.38%", "2014-12-31": "51.56%", "2014-09-30": "52.19%", "2014-06-30": "51.73%", "2014-03-31": "51.87%", "2013-12-31": "50.21%", "2013-09-30": "51.88%", "2013-06-30": "53.79%", "2013-03-31": "55.43%", "2012-12-31": "60.61%", "2012-09-30": "61.18%", "2012-06-30": "63.43%", "2012-03-31": "65.33%", "2011-12-31": "63.99%", "2011-09-30": "64.50%", "2011-06-30": "62.08%", "2011-03-31": "65.62%", "2010-12-31": "72.29%", "2010-09-30": "74.87%", "2010-06-30": "84.01%", "2010-03-31": "83.93%", "2009-12-31": "85.47%", "2009-09-30": "88.61%", "2009-06-30": "89.16%", "2009-03-31": "89.15%", "2008-12-31": "89.88%", "2008-09-30": "92.75%", "2008-06-30": "92.01%", "2008-03-31": "91.28%", "2007-12-31": "91.16%", "2007-09-30": "63.26%", "2007-06-30": "62.56%", "2007-03-31": "62.54%", "2006-12-31": "61.99%", "2006-09-30": "67.64%", "2006-06-30": "67.00%", "2006-03-31": "66.20%", "2005-12-31": "65.94%"}, "pre tax profit margin": {"2020-09-30": "3.48%", "2020-06-30": "6.51%", "2020-03-31": "9.44%", "2019-12-31": "10.58%", "2019-09-30": "9.02%", "2019-06-30": "8.74%", "2019-03-31": "9.03%", "2018-12-31": "9.00%", "2018-09-30": "6.09%", "2018-06-30": "6.84%", "2018-03-31": "6.89%", "2017-12-31": "6.95%", "2017-09-30": "11.61%", "2017-06-30": "14.19%", "2017-03-31": "15.39%", "2016-12-31": "16.58%", "2016-09-30": "16.47%", "2016-06-30": "16.92%", "2016-03-31": "15.93%", "2015-12-31": "16.48%", "2015-09-30": "16.77%", "2015-06-30": "15.14%", "2015-03-31": "13.88%", "2014-12-31": "11.51%", "2014-09-30": "9.68%", "2014-06-30": "7.25%", "2014-03-31": "6.16%", "2013-12-31": "3.57%", "2013-09-30": "5.23%", "2013-06-30": "6.25%", "2013-03-31": "6.40%", "2012-12-31": "10.36%", "2012-09-30": "9.56%", "2012-06-30": "10.52%", "2012-03-31": "12.01%", "2011-12-31": "10.26%", "2011-09-30": "10.14%", "2011-06-30": "6.22%", "2011-03-31": "7.32%", "2010-12-31": "11.45%", "2010-09-30": "12.39%", "2010-06-30": "20.04%", "2010-03-31": "22.50%", "2009-12-31": "27.72%", "2009-09-30": "26.00%", "2009-06-30": "29.85%", "2009-03-31": "27.71%", "2008-12-31": "25.60%", "2008-09-30": "28.36%", "2008-06-30": "26.13%", "2008-03-31": "24.61%", "2007-12-31": "24.42%", "2007-09-30": "25.35%", "2007-06-30": "27.69%", "2007-03-31": "30.14%", "2006-12-31": "32.09%", "2006-09-30": "34.30%", "2006-06-30": "34.33%", "2006-03-31": "27.53%", "2005-12-31": "28.26%"}, "net profit margin": {"2020-09-30": "21.89%", "2020-06-30": "26.19%", "2020-03-31": "24.71%", "2019-12-31": "24.06%", "2019-09-30": "21.77%", "2019-06-30": "11.52%", "2019-03-31": "12.31%", "2018-12-31": "16.13%", "2018-09-30": "11.92%", "2018-06-30": "12.54%", "2018-03-31": "13.51%", "2017-12-31": "10.73%", "2017-09-30": "21.17%", "2017-06-30": "27.33%", "2017-03-31": "27.37%", "2016-12-31": "23.64%", "2016-09-30": "19.19%", "2016-06-30": "15.95%", "2016-03-31": "19.37%", "2015-12-31": "21.22%", "2015-09-30": "23.66%", "2015-06-30": "23.24%", "2015-03-31": "17.11%", "2014-12-31": "13.37%", "2014-09-30": "8.24%", "2014-06-30": "4.81%", "2014-03-31": "2.39%", "2013-12-31": "2.71%", "2013-09-30": "6.13%", "2013-06-30": "7.71%", "2013-03-31": "11.80%", "2012-12-31": "12.30%", "2012-09-30": "9.15%", "2012-06-30": "9.66%", "2012-03-31": "11.05%", "2011-12-31": "11.26%", "2011-09-30": "14.37%", "2011-06-30": "13.05%", "2011-03-31": "13.59%", "2010-12-31": "16.11%", "2010-09-30": "17.28%", "2010-06-30": "22.61%", "2010-03-31": "25.71%", "2009-12-31": "32.70%", "2009-09-30": "30.55%", "2009-06-30": "37.26%", "2009-03-31": "56.59%", "2008-12-31": "51.59%", "2008-09-30": "57.56%", "2008-06-30": "53.78%", "2008-03-31": "26.85%", "2007-12-31": "26.51%", "2007-09-30": "21.16%", "2007-06-30": "22.31%", "2007-03-31": "23.66%", "2006-12-31": "25.23%", "2006-09-30": "29.45%", "2006-06-30": "30.00%", "2006-03-31": "22.65%", "2005-12-31": "22.83%"}, "pe ratio": {"current": "17.76", "2021-02-11": "26.68", "2020-09-30": "21.92", "2020-06-30": "16.00", "2020-03-31": "14.33", "2019-12-31": "25.68", "2019-09-30": "31.01", "2019-06-30": "51.33", "2019-03-31": "46.15", "2018-12-31": "31.51", "2018-09-30": "40.17", "2018-06-30": "37.84", "2018-03-31": "30.30", "2017-12-31": "43.47", "2017-09-30": "24.22", "2017-06-30": "19.69", "2017-03-31": "18.23", "2016-12-31": "19.68", "2016-09-30": "26.88", "2016-06-30": "33.08", "2016-03-31": "25.03", "2015-12-31": "22.78", "2015-09-30": "20.61", "2015-06-30": "20.38", "2015-03-31": "32.27", "2014-12-31": "39.81", "2014-09-30": "51.77", "2014-06-30": "87.93", "2014-03-31": "171.80", "2013-12-31": "131.27", "2013-09-30": "72.97", "2013-06-30": "67.37", "2013-03-31": "48.06", "2012-12-31": "43.75", "2012-09-30": "51.57", "2012-06-30": "48.23", "2012-03-31": "38.19", "2011-12-31": "39.07", "2011-09-30": "29.75", "2011-06-30": "41.02", "2011-03-31": "41.50", "2010-12-31": "34.52", "2010-09-30": "33.44", "2010-06-30": "24.67", "2010-03-31": "22.49", "2009-12-31": "16.68", "2009-09-30": "15.84", "2009-06-30": "10.05", "2009-03-31": "5.37", "2008-12-31": "7.80", "2008-09-30": "8.76", "2008-06-30": "7.89", "2008-03-31": "15.42", "2007-12-31": "15.35", "2007-09-30": "18.06", "2007-06-30": "15.66", "2007-03-31": "16.14", "2006-12-31": "15.48"}, "price sales": {"2021-02-11": "5.78", "2020-09-30": "4.75", "2020-06-30": "4.18", "2020-03-31": "3.53", "2019-12-31": "6.16", "2019-09-30": "6.66", "2019-06-30": "5.84", "2019-03-31": "5.60", "2018-12-31": "5.07", "2018-09-30": "4.75", "2018-06-30": "4.71", "2018-03-31": "4.07", "2017-12-31": "4.71", "2017-09-30": "5.12", "2017-06-30": "5.37", "2017-03-31": "4.97", "2016-12-31": "4.62", "2016-09-30": "5.12", "2016-06-30": "5.25", "2016-03-31": "4.84", "2015-12-31": "4.81", "2015-09-30": "4.77", "2015-06-30": "4.60", "2015-03-31": "5.33", "2014-12-31": "5.11", "2014-09-30": "4.16", "2014-06-30": "4.13", "2014-03-31": "3.99", "2013-12-31": "3.65", "2013-09-30": "4.49", "2013-06-30": "5.13", "2013-03-31": "5.39", "2012-12-31": "5.00", "2012-09-30": "4.64", "2012-06-30": "4.60", "2012-03-31": "4.26", "2011-12-31": "4.43", "2011-09-30": "4.15", "2011-06-30": "5.11", "2011-03-31": "5.80", "2010-12-31": "5.60", "2010-09-30": "6.08", "2010-06-30": "5.48", "2010-03-31": "5.77", "2009-12-31": "5.44", "2009-09-30": "4.78", "2009-06-30": "3.69", "2009-03-31": "3.12", "2008-12-31": "4.09", "2008-09-30": "5.12", "2008-06-30": "4.20", "2008-03-31": "4.22", "2007-12-31": "4.09", "2007-09-30": "3.81", "2007-06-30": "3.55", "2007-03-31": "3.91", "2006-12-31": "3.95"}, "price book": {"current": "1.56", "2021-02-11": "1.63", "2020-09-30": "1.34", "2020-06-30": "1.25", "2020-03-31": "1.08", "2019-12-31": "1.95", "2019-09-30": "2.15", "2019-06-30": "1.94", "2019-03-31": "1.81", "2018-12-31": "1.57", "2018-09-30": "1.43", "2018-06-30": "1.41", "2018-03-31": "1.18", "2017-12-31": "1.37", "2017-09-30": "1.46", "2017-06-30": "1.52", "2017-03-31": "1.43", "2016-12-31": "1.31", "2016-09-30": "1.44", "2016-06-30": "1.47", "2016-03-31": "1.31", "2015-12-31": "1.25", "2015-09-30": "1.22", "2015-06-30": "1.17", "2015-03-31": "1.37", "2014-12-31": "1.38", "2014-09-30": "1.12", "2014-06-30": "1.13", "2014-03-31": "1.08", "2013-12-31": "0.94", "2013-09-30": "1.06", "2013-06-30": "1.10", "2013-03-31": "1.17", "2012-12-31": "1.03", "2012-09-30": "0.95", "2012-06-30": "1.01", "2012-03-31": "0.90", "2011-12-31": "0.93", "2011-09-30": "0.79", "2011-06-30": "0.86", "2011-03-31": "0.84", "2010-12-31": "0.90", "2010-09-30": "0.91", "2010-06-30": "0.83", "2010-03-31": "0.87", "2009-12-31": "0.82", "2009-09-30": "0.75", "2009-06-30": "0.61", "2009-03-31": "0.53", "2008-12-31": "0.73", "2008-09-30": "0.90", "2008-06-30": "0.79", "2008-03-31": "0.82", "2007-12-31": "0.80", "2007-09-30": "0.79", "2007-06-30": "0.70", "2007-03-31": "0.77", "2006-12-31": "0.76", "2006-09-30": "0.76", "2006-06-30": "0.65", "2006-03-31": "0.70"}, "price fcf": {"2021-02-11": "", "2020-09-30": "$17.29", "2020-06-30": "$17.77", "2020-03-31": "$8.94", "2019-12-31": "$8.75", "2019-09-30": "$10.79", "2019-06-30": "$0.71", "2019-03-31": "$6.60", "2018-12-31": "$7.19", "2018-09-30": "$-0.41", "2018-06-30": "$4.77", "2018-03-31": "$4.97", "2017-12-31": "$6.31", "2017-09-30": "$7.62", "2017-06-30": "$6.65", "2017-03-31": "$6.54", "2016-12-31": "$3.39", "2016-09-30": "$-1.75", "2016-06-30": "$-0.12", "2016-03-31": "$-0.70", "2015-12-31": "$-4.52", "2015-09-30": "$-4.89", "2015-06-30": "$-5.32", "2015-03-31": "$-5.54", "2014-12-31": "$-1.60", "2014-09-30": "$-0.62", "2014-06-30": "$-1.91", "2014-03-31": "$-3.37", "2013-12-31": "$-9.01", "2013-09-30": "$-11.08", "2013-06-30": "$-12.23", "2013-03-31": "$-11.90", "2012-12-31": "$-8.48", "2012-09-30": "$-8.29", "2012-06-30": "$-8.39", "2012-03-31": "$-20.24", "2011-12-31": "$-21.82", "2011-09-30": "$-26.80", "2011-06-30": "$-26.04", "2011-03-31": "$-13.87", "2010-12-31": "$-10.74", "2010-09-30": "$-3.19", "2010-06-30": "$-1.27", "2010-03-31": "$-0.16", "2009-12-31": "$0.06", "2009-09-30": "$-0.36", "2009-06-30": "$-2.40", "2009-03-31": "$-3.47", "2008-12-31": "$-4.50", "2008-09-30": "$-4.85", "2008-06-30": "$-3.48", "2008-03-31": "$-3.00", "2007-12-31": "$-3.13", "2007-09-30": "$-5.95", "2007-06-30": "$-6.15", "2007-03-31": "$-6.30", "2006-12-31": "$-5.28"}, "net worth": {"value": "$26.39B"}, "current ratio": {"2020-09-30": "3.57", "2020-06-30": "3.32", "2020-03-31": "2.00", "2019-12-31": "1.86", "2019-09-30": "1.85", "2019-06-30": "1.73", "2019-03-31": "1.84", "2018-12-31": "1.64", "2018-09-30": "1.55", "2018-06-30": "1.77", "2018-03-31": "1.76", "2017-12-31": "1.85", "2017-09-30": "1.76", "2017-06-30": "2.25", "2017-03-31": "2.51", "2016-12-31": "2.89", "2016-09-30": "3.14", "2016-06-30": "3.17", "2016-03-31": "3.40", "2015-12-31": "3.36", "2015-09-30": "3.16", "2015-06-30": "3.07", "2015-03-31": "3.28", "2014-12-31": "2.68", "2014-09-30": "3.11", "2014-06-30": "1.79", "2014-03-31": "1.86", "2013-12-31": "1.74", "2013-09-30": "1.72", "2013-06-30": "3.03", "2013-03-31": "2.44", "2012-12-31": "5.30", "2012-09-30": "5.42", "2012-06-30": "2.48", "2012-03-31": "3.14", "2011-12-31": "2.44", "2011-09-30": "2.48", "2011-06-30": "3.19", "2011-03-31": "10.40", "2010-12-31": "3.99", "2010-09-30": "4.52", "2010-06-30": "4.21", "2010-03-31": "3.69", "2009-12-31": "4.67", "2009-09-30": "6.13", "2009-06-30": "7.97", "2009-03-31": "6.38", "2008-12-31": "6.29", "2008-09-30": "5.86", "2008-06-30": "7.44", "2008-03-31": "5.28", "2007-12-31": "5.71", "2007-09-30": "3.91", "2007-06-30": "3.97", "2007-03-31": "3.97", "2006-12-31": "3.14", "2006-09-30": "5.90", "2006-06-30": "5.66", "2006-03-31": "5.24", "2005-12-31": "7.27", "2005-09-30": "7.67", "2005-06-30": "7.57", "2005-03-31": "18.55"}, "quick ratio": {"2020-09-30": "0.00", "2020-06-30": "0.00", "2020-03-31": "0.00", "2019-12-31": "0.00", "2019-09-30": "0.00", "2019-06-30": "0.00", "2019-03-31": "0.00", "2018-12-31": "0.00", "2018-09-30": "0.00", "2018-06-30": "0.00", "2018-03-31": "0.00", "2017-12-31": "0.00", "2017-09-30": "0.00", "2017-06-30": "0.00", "2017-03-31": "0.00", "2016-12-31": "0.00", "2016-09-30": "0.00", "2016-06-30": "0.00", "2016-03-31": "0.00", "2015-12-31": "0.00", "2015-09-30": "0.00", "2015-06-30": "0.00", "2015-03-31": "0.00", "2014-12-31": "0.00", "2014-09-30": "0.00", "2014-06-30": "0.00", "2014-03-31": "0.00", "2013-12-31": "0.00", "2013-09-30": "0.00", "2013-06-30": "0.00", "2013-03-31": "0.00", "2012-12-31": "0.00", "2012-09-30": "0.00", "2012-06-30": "0.00", "2012-03-31": "0.00", "2011-12-31": "0.00", "2011-09-30": "0.00", "2011-06-30": "0.00", "2011-03-31": "0.00", "2010-12-31": "0.00", "2010-09-30": "0.00", "2010-06-30": "0.00", "2010-03-31": "0.00", "2009-12-31": "0.00", "2009-09-30": "0.00", "2009-06-30": "0.00", "2009-03-31": "0.00", "2008-12-31": "0.00", "2008-09-30": "0.00", "2008-06-30": "0.00", "2008-03-31": "0.00", "2007-12-31": "0.00", "2007-09-30": "0.00", "2007-06-30": "0.00", "2007-03-31": "0.00", "2006-12-31": "0.00", "2006-09-30": "0.00", "2006-06-30": "0.00", "2006-03-31": "0.00", "2005-12-31": "0.00", "2005-09-30": "0.00", "2005-06-30": "0.00", "2005-03-31": "0.00"}, "debt equity ratio": {"current": "0.81", "2020-09-30": "0.92", "2020-06-30": "0.96", "2020-03-31": "0.93", "2019-12-31": "1.02", "2019-09-30": "0.96", "2019-06-30": "1.08", "2019-03-31": "0.91", "2018-12-31": "0.95", "2018-09-30": "0.98", "2018-06-30": "0.87", "2018-03-31": "0.84", "2017-12-31": "0.87", "2017-09-30": "0.85", "2017-06-30": "0.83", "2017-03-31": "0.84", "2016-12-31": "0.89", "2016-09-30": "0.96", "2016-06-30": "0.95", "2016-03-31": "0.94", "2015-12-31": "0.91", "2015-09-30": "0.81", "2015-06-30": "0.82", "2015-03-31": "0.79", "2014-12-31": "0.85", "2014-09-30": "0.82", "2014-06-30": "0.88", "2014-03-31": "1.00", "2013-12-31": "0.96", "2013-09-30": "0.94", "2013-06-30": "0.84", "2013-03-31": "1.00", "2012-12-31": "0.86", "2012-09-30": "0.74", "2012-06-30": "0.99", "2012-03-31": "0.85", "2011-12-31": "1.05", "2011-09-30": "1.07", "2011-06-30": "1.00", "2011-03-31": "0.96", "2010-12-31": "1.00", "2010-09-30": "0.87", "2010-06-30": "0.89", "2010-03-31": "0.80", "2009-12-31": "0.67", "2009-09-30": "0.66", "2009-06-30": "0.81", "2009-03-31": "0.78", "2008-12-31": "0.92", "2008-09-30": "0.88", "2008-06-30": "1.21", "2008-03-31": "1.15", "2007-12-31": "1.17", "2007-09-30": "1.20", "2007-06-30": "1.13", "2007-03-31": "1.22", "2006-12-31": "1.16", "2006-09-30": "1.07", "2006-06-30": "0.98", "2006-03-31": "1.10", "2005-12-31": "1.08", "2005-09-30": "1.07", "2005-06-30": "1.09", "2005-03-31": "0.92"}, "return on equity": {"2020-09-30": "6.16%", "2020-06-30": "7.81%", "2020-03-31": "7.68%", "2019-12-31": "7.61%", "2019-09-30": "6.96%", "2019-06-30": "3.72%", "2019-03-31": "3.89%", "2018-12-31": "4.99%", "2018-09-30": "3.62%", "2018-06-30": "3.69%", "2018-03-31": "3.88%", "2017-12-31": "3.06%", "2017-09-30": "5.96%", "2017-06-30": "7.67%", "2017-03-31": "7.77%", "2016-12-31": "6.70%", "2016-09-30": "5.39%", "2016-06-30": "4.38%", "2016-03-31": "5.15%", "2015-12-31": "5.43%", "2015-09-30": "5.98%", "2015-06-30": "5.82%", "2015-03-31": "4.32%", "2014-12-31": "3.50%", "2014-09-30": "2.18%", "2014-06-30": "1.29%", "2014-03-31": "0.62%", "2013-12-31": "0.68%", "2013-09-30": "1.41%", "2013-06-30": "1.60%", "2013-03-31": "2.40%", "2012-12-31": "2.35%", "2012-09-30": "1.83%", "2012-06-30": "2.06%", "2012-03-31": "2.37%", "2011-12-31": "2.29%", "2011-09-30": "2.73%", "2011-06-30": "2.28%", "2011-03-31": "2.14%", "2010-12-31": "2.60%", "2010-09-30": "2.55%", "2010-06-30": "3.25%", "2010-03-31": "3.66%", "2009-12-31": "4.70%", "2009-09-30": "4.60%", "2009-06-30": "5.87%", "2009-03-31": "9.33%", "2008-12-31": "8.98%", "2008-09-30": "10.35%", "2008-06-30": "10.16%", "2008-03-31": "5.08%", "2007-12-31": "5.10%", "2007-09-30": "4.27%", "2007-06-30": "4.46%", "2007-03-31": "4.75%", "2006-12-31": "4.98%", "2006-09-30": "6.11%", "2006-06-30": "6.28%", "2006-03-31": "4.73%", "2005-12-31": "4.67%"}, "return on assets": {"2020-09-30": "3.15%", "2020-06-30": "3.97%", "2020-03-31": "3.84%", "2019-12-31": "3.82%", "2019-09-30": "3.52%", "2019-06-30": "1.88%", "2019-03-31": "2.02%", "2018-12-31": "2.61%", "2018-09-30": "1.92%", "2018-06-30": "1.99%", "2018-03-31": "2.10%", "2017-12-31": "1.66%", "2017-09-30": "3.22%", "2017-06-30": "4.09%", "2017-03-31": "4.07%", "2016-12-31": "3.47%", "2016-09-30": "2.78%", "2016-06-30": "2.30%", "2016-03-31": "2.75%", "2015-12-31": "2.96%", "2015-09-30": "3.29%", "2015-06-30": "3.20%", "2015-03-31": "2.36%", "2014-12-31": "1.86%", "2014-09-30": "1.14%", "2014-06-30": "0.66%", "2014-03-31": "0.32%", "2013-12-31": "0.35%", "2013-09-30": "0.74%", "2013-06-30": "0.86%", "2013-03-31": "1.27%", "2012-12-31": "1.27%", "2012-09-30": "0.97%", "2012-06-30": "1.04%", "2012-03-31": "1.19%", "2011-12-31": "1.13%", "2011-09-30": "1.36%", "2011-06-30": "1.16%", "2011-03-31": "1.10%", "2010-12-31": "1.37%", "2010-09-30": "1.41%", "2010-06-30": "1.85%", "2010-03-31": "2.11%", "2009-12-31": "2.72%", "2009-09-30": "2.58%", "2009-06-30": "3.18%", "2009-03-31": "4.83%", "2008-12-31": "4.44%", "2008-09-30": "4.96%", "2008-06-30": "4.66%", "2008-03-31": "2.35%", "2007-12-31": "2.34%", "2007-09-30": "1.96%", "2007-06-30": "2.08%", "2007-03-31": "2.24%", "2006-12-31": "2.39%", "2006-09-30": "2.97%", "2006-06-30": "3.05%", "2006-03-31": "2.27%", "2005-12-31": "2.29%"}, "return on investments": {"2020-09-30": "2.75%", "2020-06-30": "3.41%", "2020-03-31": "3.77%", "2019-12-31": "3.98%", "2019-09-30": "4.11%", "2019-06-30": "3.87%", "2019-03-31": "3.90%", "2018-12-31": "3.91%", "2018-09-30": "3.47%", "2018-06-30": "3.50%", "2018-03-31": "3.54%", "2017-12-31": "3.55%", "2017-09-30": "4.00%", "2017-06-30": "4.38%", "2017-03-31": "4.51%", "2016-12-31": "4.57%", "2016-09-30": "4.41%", "2016-06-30": "4.45%", "2016-03-31": "4.30%", "2015-12-31": "4.12%", "2015-09-30": "4.20%", "2015-06-30": "3.99%", "2015-03-31": "3.83%", "2014-12-31": "3.74%", "2014-09-30": "3.52%", "2014-06-30": "3.18%", "2014-03-31": "2.95%", "2013-12-31": "2.60%", "2013-09-30": "2.67%", "2013-06-30": "2.74%", "2013-03-31": "2.79%", "2012-12-31": "3.20%", "2012-09-30": "3.30%", "2012-06-30": "3.52%", "2012-03-31": "3.75%", "2011-12-31": "3.35%", "2011-09-30": "3.18%", "2011-06-30": "2.76%", "2011-03-31": "2.75%", "2010-12-31": "3.46%", "2010-09-30": "3.34%", "2010-06-30": "4.15%", "2010-03-31": "4.17%", "2009-12-31": "4.33%", "2009-09-30": "4.68%", "2009-06-30": "4.75%", "2009-03-31": "4.72%", "2008-12-31": "4.80%", "2008-09-30": "4.96%", "2008-06-30": "4.89%", "2008-03-31": "4.89%", "2007-12-31": "4.97%", "2007-09-30": "5.14%", "2007-06-30": "5.39%", "2007-03-31": "5.70%", "2006-12-31": "5.92%", "2006-09-30": "6.53%", "2006-06-30": "6.62%", "2006-03-31": "6.52%", "2005-12-31": "6.55%"}, "return on tangible equity": {"2020-09-30": "6.18%", "2020-06-30": "7.84%", "2020-03-31": "7.71%", "2019-12-31": "7.64%", "2019-09-30": "6.99%", "2019-06-30": "3.73%", "2019-03-31": "3.91%", "2018-12-31": "5.02%", "2018-09-30": "3.64%", "2018-06-30": "3.71%", "2018-03-31": "3.90%", "2017-12-31": "3.07%", "2017-09-30": "5.99%", "2017-06-30": "7.70%", "2017-03-31": "7.81%", "2016-12-31": "6.73%", "2016-09-30": "5.41%", "2016-06-30": "4.40%", "2016-03-31": "5.17%", "2015-12-31": "5.46%", "2015-09-30": "6.00%", "2015-06-30": "5.85%", "2015-03-31": "4.34%", "2014-12-31": "3.52%", "2014-09-30": "2.19%", "2014-06-30": "1.30%", "2014-03-31": "0.62%", "2013-12-31": "0.68%", "2013-09-30": "1.42%", "2013-06-30": "1.61%", "2013-03-31": "2.42%", "2012-12-31": "2.36%", "2012-09-30": "1.84%", "2012-06-30": "2.07%", "2012-03-31": "2.39%", "2011-12-31": "2.31%", "2011-09-30": "2.75%", "2011-06-30": "2.30%", "2011-03-31": "2.15%", "2010-12-31": "2.61%", "2010-09-30": "2.55%", "2010-06-30": "3.25%", "2010-03-31": "3.66%", "2009-12-31": "4.70%", "2009-09-30": "4.60%", "2009-06-30": "5.87%", "2009-03-31": "9.33%", "2008-12-31": "8.98%", "2008-09-30": "10.35%", "2008-06-30": "10.16%", "2008-03-31": "5.08%", "2007-12-31": "5.10%", "2007-09-30": "4.27%", "2007-06-30": "4.46%", "2007-03-31": "4.75%", "2006-12-31": "4.98%", "2006-09-30": "6.11%", "2006-06-30": "6.28%", "2006-03-31": "4.73%", "2005-12-31": "4.67%"}, "dividend yield history": {"last payout": "$2.44", "last yield": "3.86%"}}