{"ticker": "WFC", "price": {"title": "Wells Fargo Historical Annual Stock Price Data", "value": 32.56, "historical": {"2021": {"Average Stock Price": "32.0142", "Year Open": "29.7000", "Year High": "34.7500", "Year Low": "29.7000", "Year Close": "32.5600", "Annual % Change": "7.89%"}, "2020": {"Average Stock Price": "30.0134", "Year Open": "53.7500", "Year High": "53.7500", "Year Low": "21.1400", "Year Close": "30.1800", "Annual % Change": "-43.90%"}, "2019": {"Average Stock Price": "48.8625", "Year Open": "46.9400", "Year High": "54.4600", "Year Low": "43.3800", "Year Close": "53.8000", "Annual % Change": "16.75%"}, "2018": {"Average Stock Price": "55.2839", "Year Open": "61.0900", "Year High": "65.9300", "Year Low": "43.6000", "Year Close": "46.0800", "Annual % Change": "-24.05%"}, "2017": {"Average Stock Price": "54.9799", "Year Open": "56.0000", "Year High": "61.6100", "Year Low": "49.5800", "Year Close": "60.6700", "Annual % Change": "10.09%"}, "2016": {"Average Stock Price": "48.9574", "Year Open": "52.9100", "Year High": "57.2900", "Year Low": "43.7500", "Year Close": "55.1100", "Annual % Change": "1.38%"}, "2015": {"Average Stock Price": "54.7756", "Year Open": "54.7000", "Year High": "58.5200", "Year Low": "50.0200", "Year Close": "54.3600", "Annual % Change": "-0.84%"}, "2014": {"Average Stock Price": "50.3510", "Year Open": "45.0200", "Year High": "55.7100", "Year Low": "44.2300", "Year Close": "54.8200", "Annual % Change": "20.75%"}, "2013": {"Average Stock Price": "40.1935", "Year Open": "35.0500", "Year High": "45.5400", "Year Low": "34.6600", "Year Close": "45.4000", "Annual % Change": "32.83%"}, "2012": {"Average Stock Price": "32.8793", "Year Open": "28.4300", "Year High": "36.1300", "Year Low": "28.4300", "Year Close": "34.1800", "Annual % Change": "24.02%"}, "2011": {"Average Stock Price": "28.0228", "Year Open": "31.5800", "Year High": "34.1000", "Year Low": "22.8800", "Year Close": "27.5600", "Annual % Change": "-11.07%"}, "2010": {"Average Stock Price": "28.1738", "Year Open": "27.3200", "Year High": "33.8800", "Year Low": "23.2500", "Year Close": "30.9900", "Annual % Change": "14.82%"}, "2009": {"Average Stock Price": "23.4271", "Year Open": "30.0000", "Year High": "31.3800", "Year Low": "8.1200", "Year Close": "26.9900", "Annual % Change": "-8.45%"}, "2008": {"Average Stock Price": "29.3463", "Year Open": "29.1000", "Year High": "39.8000", "Year Low": "20.5100", "Year Close": "29.4800", "Annual % Change": "-2.35%"}, "2007": {"Average Stock Price": "34.7297", "Year Open": "35.7400", "Year High": "37.4700", "Year Low": "29.4900", "Year Close": "30.1900", "Annual % Change": "-15.10%"}, "2006": {"Average Stock Price": "34.0724", "Year Open": "31.9000", "Year High": "36.8100", "Year Low": "30.5200", "Year Close": "35.5600", "Annual % Change": "13.19%"}, "2005": {"Average Stock Price": "30.3208", "Year Open": "30.9550", "Year High": "32.1700", "Year Low": "28.8900", "Year Close": "31.4150", "Annual % Change": "1.09%"}, "2004": {"Average Stock Price": "29.2743", "Year Open": "29.0850", "Year High": "31.6250", "Year Low": "27.3950", "Year Close": "31.0750", "Annual % Change": "5.54%"}, "2003": {"Average Stock Price": "25.2784", "Year Open": "24.2850", "Year High": "29.4700", "Year Low": "22.0750", "Year Close": "29.4450", "Annual % Change": "25.65%"}, "2002": {"Average Stock Price": "24.3371", "Year Open": "21.7200", "Year High": "26.6050", "Year Low": "21.3150", "Year Close": "23.4350", "Annual % Change": "7.82%"}, "2001": {"Average Stock Price": "23.0112", "Year Open": "26.9700", "Year High": "26.9700", "Year Low": "19.4250", "Year Close": "21.7350", "Annual % Change": "-21.94%"}, "2000": {"Average Stock Price": "21.2928", "Year Open": "19.5600", "Year High": "27.8750", "Year Low": "15.5000", "Year Close": "27.8450", "Annual % Change": "37.71%"}, "1999": {"Average Stock Price": "20.3650", "Year Open": "19.9400", "Year High": "24.5300", "Year Low": "16.3750", "Year Close": "20.2200", "Annual % Change": "1.25%"}, "1998": {"Average Stock Price": "18.6115", "Year Open": "19.0950", "Year High": "21.7200", "Year Low": "14.0950", "Year Close": "19.9700", "Annual % Change": "3.07%"}, "1997": {"Average Stock Price": "14.3961", "Year Open": "10.8125", "Year High": "19.4400", "Year Low": "10.8125", "Year Close": "19.3750", "Annual % Change": "78.16%"}, "1996": {"Average Stock Price": "9.4243", "Year Open": "8.2200", "Year High": "11.6875", "Year Low": "7.7500", "Year Close": "10.8750", "Annual % Change": "31.82%"}, "1995": {"Average Stock Price": "7.1186", "Year Open": "5.8125", "Year High": "8.6550", "Year Low": "5.7200", "Year Close": "8.2500", "Annual % Change": "41.15%"}, "1994": {"Average Stock Price": "6.2596", "Year Open": "5.9700", "Year High": "7.0000", "Year Low": "5.2800", "Year Close": "5.8450", "Annual % Change": "-4.10%"}, "1993": {"Average Stock Price": "6.2535", "Year Open": "5.3900", "Year High": "7.1550", "Year Low": "5.2188", "Year Close": "6.0950", "Annual % Change": "13.08%"}, "1992": {"Average Stock Price": "4.7703", "Year Open": "4.5625", "Year High": "5.5000", "Year Low": "4.2350", "Year Close": "5.3900", "Annual % Change": "18.14%"}, "1991": {"Average Stock Price": "3.5945", "Year Open": "2.5475", "Year High": "4.5625", "Year Low": "2.3750", "Year Close": "4.5625", "Annual % Change": "75.90%"}, "1990": {"Average Stock Price": "2.3966", "Year Open": "2.8275", "Year High": "2.9225", "Year Low": "1.7650", "Year Close": "2.5938", "Annual % Change": "-7.78%"}, "1989": {"Average Stock Price": "2.5259", "Year Open": "2.0000", "Year High": "2.9850", "Year Low": "2.0000", "Year Close": "2.8125", "Annual % Change": "40.10%"}, "1988": {"Average Stock Price": "1.9108", "Year Open": "1.6250", "Year High": "2.2031", "Year Low": "1.5521", "Year Close": "2.0075", "Annual % Change": "30.21%"}, "1987": {"Average Stock Price": "1.7006", "Year Open": "1.5313", "Year High": "2.0000", "Year Low": "1.3229", "Year Close": "1.5417", "Annual % Change": "1.74%"}, "1986": {"Average Stock Price": "1.5093", "Year Open": "1.3071", "Year High": "1.7133", "Year Low": "1.1821", "Year Close": "1.5154", "Annual % Change": "16.38%"}, "1985": {"Average Stock Price": "1.0945", "Year Open": "0.9583", "Year High": "1.3021", "Year Low": "0.9529", "Year Close": "1.3021", "Annual % Change": "35.88%"}, "1984": {"Average Stock Price": "1.1461", "Year Open": "1.3696", "Year High": "1.3904", "Year Low": "0.9221", "Year Close": "0.9583", "Annual % Change": "-31.59%"}, "1983": {"Average Stock Price": "1.3396", "Year Open": "1.0104", "Year High": "1.5992", "Year Low": "0.9479", "Year Close": "1.4008", "Annual % Change": "35.83%"}, "1982": {"Average Stock Price": "0.9204", "Year Open": "1.0000", "Year High": "1.1979", "Year Low": "0.7292", "Year Close": "1.0313", "Annual % Change": "4.21%"}, "1981": {"Average Stock Price": "1.1607", "Year Open": "1.1875", "Year High": "1.3383", "Year Low": "0.9792", "Year Close": "0.9896", "Annual % Change": "-17.39%"}, "1980": {"Average Stock Price": "1.0046", "Year Open": "1.0679", "Year High": "1.2604", "Year Low": "0.7708", "Year Close": "1.1979", "Annual % Change": "12.74%"}, "1979": {"Average Stock Price": "1.0696", "Year Open": "1.0521", "Year High": "1.2083", "Year Low": "0.9583", "Year Close": "1.0625", "Annual % Change": "0.99%"}, "1978": {"Average Stock Price": "1.0289", "Year Open": "0.9792", "Year High": "1.1821", "Year Low": "0.8904", "Year Close": "1.0521", "Annual % Change": "8.60%"}, "1977": {"Average Stock Price": "1.0377", "Year Open": "1.1798", "Year High": "1.1798", "Year Low": "0.9117", "Year Close": "0.9688", "Annual % Change": "-18.59%"}, "1976": {"Average Stock Price": "1.0489", "Year Open": "0.9088", "Year High": "1.1900", "Year Low": "0.9088", "Year Close": "1.1900", "Annual % Change": "30.94%"}, "1975": {"Average Stock Price": "0.8449", "Year Open": "0.7500", "Year High": "1.0000", "Year Low": "0.7500", "Year Close": "0.9088", "Annual % Change": "29.75%"}, "1974": {"Average Stock Price": "0.9136", "Year Open": "1.2604", "Year High": "1.3594", "Year Low": "0.4896", "Year Close": "0.7004", "Annual % Change": "-44.43%"}, "1973": {"Average Stock Price": "1.2247", "Year Open": "1.3073", "Year High": "1.4010", "Year Low": "1.1067", "Year Close": "1.2604", "Annual % Change": "-1.22%"}}}, "market cap": {"value": "$134.62B"}, "income statement": {"Revenue": {"2020-12-31": "80303.00000", "2019-12-31": "103915.00000", "2018-12-31": "101060.00000", "2017-12-31": "97741.00000", "2016-12-31": "94176.00000", "2015-12-31": "90033.00000", "2014-12-31": "88372.00000", "2013-12-31": "88069.00000", "2012-12-31": "91247.00000", "2011-12-31": "87597.00000", "2010-12-31": "93249.00000", "2009-12-31": "98636.00000", "2008-12-31": "51632.00000", "2007-12-31": "53723.00000", "2006-12-31": "47979.00000", "2005-12-31": "40407.00000"}, "Cost Of Goods Sold": {"2020-12-31": "7963.00000", "2019-12-31": "18852.00000", "2018-12-31": "14652.00000", "2017-12-31": "9352.00000", "2016-12-31": "5909.00000", "2015-12-31": "3976.00000", "2014-12-31": "4025.00000", "2013-12-31": "4289.00000", "2012-12-31": "5161.00000", "2011-12-31": "6649.00000", "2010-12-31": "8039.00000", "2009-12-31": "9950.00000", "2008-12-31": "9755.00000", "2007-12-31": "14203.00000", "2006-12-31": "12288.00000", "2005-12-31": "7458.00000"}, "Gross Profit": {"2020-12-31": "72340.00000", "2019-12-31": "85063.00000", "2018-12-31": "86408.00000", "2017-12-31": "88389.00000", "2016-12-31": "88267.00000", "2015-12-31": "86057.00000", "2014-12-31": "84347.00000", "2013-12-31": "83780.00000", "2012-12-31": "86086.00000", "2011-12-31": "80948.00000", "2010-12-31": "85210.00000", "2009-12-31": "88686.00000", "2008-12-31": "41877.00000", "2007-12-31": "39520.00000", "2006-12-31": "35691.00000", "2005-12-31": "32949.00000"}, "Research And Development Expenses": {"2020-12-31": "", "2019-12-31": "", "2018-12-31": "", "2017-12-31": "", "2016-12-31": "", "2015-12-31": "", "2014-12-31": "", "2013-12-31": "", "2012-12-31": "", "2011-12-31": "", "2010-12-31": "", "2009-12-31": "", "2008-12-31": "", "2007-12-31": "", "2006-12-31": "", "2005-12-31": ""}, "SG&A Expenses": {"2020-12-31": "70260.00000", "2019-12-31": "60757.00000", "2018-12-31": "56812.00000", "2017-12-31": "59860.00000", "2016-12-31": "54955.00000", "2015-12-31": "51170.00000", "2014-12-31": "49062.00000", "2013-12-31": "49647.00000", "2012-12-31": "55941.00000", "2011-12-31": "55412.00000", "2010-12-31": "64010.00000", "2009-12-31": "68111.00000", "2008-12-31": "38391.00000", "2007-12-31": "27527.00000", "2006-12-31": "23041.00000", "2005-12-31": "21401.00000"}, "Other Operating Income Or Expenses": {"2020-12-31": "", "2019-12-31": "", "2018-12-31": "", "2017-12-31": "", "2016-12-31": "", "2015-12-31": "", "2014-12-31": "", "2013-12-31": "", "2012-12-31": "", "2011-12-31": "", "2010-12-31": "", "2009-12-31": "", "2008-12-31": "", "2007-12-31": "", "2006-12-31": "", "2005-12-31": ""}, "Operating Expenses": {"2020-12-31": "78223.00000", "2019-12-31": "79717.00000", "2018-12-31": "72522.00000", "2017-12-31": "70364.00000", "2016-12-31": "62056.00000", "2015-12-31": "56392.00000", "2014-12-31": "54457.00000", "2013-12-31": "55440.00000", "2012-12-31": "62776.00000", "2011-12-31": "63941.00000", "2010-12-31": "74248.00000", "2009-12-31": "80638.00000", "2008-12-31": "48332.00000", "2007-12-31": "41888.00000", "2006-12-31": "35329.00000", "2005-12-31": "28859.00000"}, "Operating Income": {"2020-12-31": "2080.00000", "2019-12-31": "24198.00000", "2018-12-31": "28538.00000", "2017-12-31": "27377.00000", "2016-12-31": "32120.00000", "2015-12-31": "33641.00000", "2014-12-31": "33915.00000", "2013-12-31": "32629.00000", "2012-12-31": "28471.00000", "2011-12-31": "23656.00000", "2010-12-31": "19001.00000", "2009-12-31": "17998.00000", "2008-12-31": "3300.00000", "2007-12-31": "11835.00000", "2006-12-31": "12650.00000", "2005-12-31": "11548.00000"}, "Total Non-Operating Income/Expense": {"2020-12-31": "-1499.00000", "2019-12-31": "", "2018-12-31": "", "2017-12-31": "", "2016-12-31": "", "2015-12-31": "", "2014-12-31": "", "2013-12-31": "", "2012-12-31": "", "2011-12-31": "", "2010-12-31": "", "2009-12-31": "", "2008-12-31": "", "2007-12-31": "", "2006-12-31": "", "2005-12-31": ""}, "Pre-Tax Income": {"2020-12-31": "581.00000", "2019-12-31": "24198.00000", "2018-12-31": "28538.00000", "2017-12-31": "27377.00000", "2016-12-31": "32120.00000", "2015-12-31": "33641.00000", "2014-12-31": "33915.00000", "2013-12-31": "32629.00000", "2012-12-31": "28471.00000", "2011-12-31": "23656.00000", "2010-12-31": "19001.00000", "2009-12-31": "17998.00000", "2008-12-31": "3300.00000", "2007-12-31": "11835.00000", "2006-12-31": "12650.00000", "2005-12-31": "11548.00000"}, "Income Taxes": {"2020-12-31": "-3005.00000", "2019-12-31": "4157.00000", "2018-12-31": "5662.00000", "2017-12-31": "4917.00000", "2016-12-31": "10075.00000", "2015-12-31": "10365.00000", "2014-12-31": "10307.00000", "2013-12-31": "10405.00000", "2012-12-31": "9103.00000", "2011-12-31": "7445.00000", "2010-12-31": "6338.00000", "2009-12-31": "5331.00000", "2008-12-31": "602.00000", "2007-12-31": "3570.00000", "2006-12-31": "4230.00000", "2005-12-31": "3877.00000"}, "Income After Taxes": {"2020-12-31": "3586.00000", "2019-12-31": "20041.00000", "2018-12-31": "22876.00000", "2017-12-31": "22460.00000", "2016-12-31": "22045.00000", "2015-12-31": "23276.00000", "2014-12-31": "23608.00000", "2013-12-31": "22224.00000", "2012-12-31": "19368.00000", "2011-12-31": "16211.00000", "2010-12-31": "12663.00000", "2009-12-31": "12667.00000", "2008-12-31": "2698.00000", "2007-12-31": "8265.00000", "2006-12-31": "8420.00000", "2005-12-31": "7671.00000"}, "Other Income": {"2020-12-31": "", "2019-12-31": "", "2018-12-31": "", "2017-12-31": "", "2016-12-31": "", "2015-12-31": "", "2014-12-31": "", "2013-12-31": "", "2012-12-31": "", "2011-12-31": "", "2010-12-31": "", "2009-12-31": "", "2008-12-31": "", "2007-12-31": "", "2006-12-31": "", "2005-12-31": ""}, "Income From Continuous Operations": {"2020-12-31": "3586.00000", "2019-12-31": "20041.00000", "2018-12-31": "22876.00000", "2017-12-31": "22460.00000", "2016-12-31": "22045.00000", "2015-12-31": "23276.00000", "2014-12-31": "23608.00000", "2013-12-31": "22224.00000", "2012-12-31": "19368.00000", "2011-12-31": "16211.00000", "2010-12-31": "12663.00000", "2009-12-31": "12667.00000", "2008-12-31": "2698.00000", "2007-12-31": "8265.00000", "2006-12-31": "8420.00000", "2005-12-31": "7671.00000"}, "Income From Discontinued Operations": {"2020-12-31": "", "2019-12-31": "", "2018-12-31": "", "2017-12-31": "", "2016-12-31": "", "2015-12-31": "", "2014-12-31": "", "2013-12-31": "", "2012-12-31": "", "2011-12-31": "", "2010-12-31": "", "2009-12-31": "", "2008-12-31": "", "2007-12-31": "", "2006-12-31": "", "2005-12-31": ""}, "Net Income": {"2020-12-31": "1710.00000", "2019-12-31": "17938.00000", "2018-12-31": "20689.00000", "2017-12-31": "20554.00000", "2016-12-31": "20373.00000", "2015-12-31": "21470.00000", "2014-12-31": "21821.00000", "2013-12-31": "20889.00000", "2012-12-31": "17999.00000", "2011-12-31": "15025.00000", "2010-12-31": "11632.00000", "2009-12-31": "7990.00000", "2008-12-31": "2369.00000", "2007-12-31": "8057.00000", "2006-12-31": "8420.00000", "2005-12-31": "7671.00000"}, "EBITDA": {"2020-12-31": "", "2019-12-31": "", "2018-12-31": "", "2017-12-31": "", "2016-12-31": "", "2015-12-31": "", "2014-12-31": "", "2013-12-31": "", "2012-12-31": "", "2011-12-31": "", "2010-12-31": "", "2009-12-31": "", "2008-12-31": "", "2007-12-31": "", "2006-12-31": "", "2005-12-31": ""}, "EBIT": {"2020-12-31": "", "2019-12-31": "", "2018-12-31": "", "2017-12-31": "", "2016-12-31": "", "2015-12-31": "", "2014-12-31": "", "2013-12-31": "", "2012-12-31": "", "2011-12-31": "", "2010-12-31": "", "2009-12-31": "", "2008-12-31": "", "2007-12-31": "", "2006-12-31": "", "2005-12-31": ""}, "Basic Shares Outstanding": {"2020-12-31": "4118.00000", "2019-12-31": "4393.10000", "2018-12-31": "4799.70000", "2017-12-31": "4964.60000", "2016-12-31": "5052.80000", "2015-12-31": "5136.50000", "2014-12-31": "5237.20000", "2013-12-31": "5287.30000", "2012-12-31": "5287.60000", "2011-12-31": "5278.10000", "2010-12-31": "5226.80000", "2009-12-31": "4545.20000", "2008-12-31": "3378.10000", "2007-12-31": "3348.50000", "2006-12-31": "3368.30000", "2005-12-31": "3372.50000"}, "Shares Outstanding": {"2020-12-31": "4134.20000", "2019-12-31": "4425.40000", "2018-12-31": "4838.40000", "2017-12-31": "5017.30000", "2016-12-31": "5108.30000", "2015-12-31": "5209.80000", "2014-12-31": "5324.40000", "2013-12-31": "5371.20000", "2012-12-31": "5351.50000", "2011-12-31": "5323.40000", "2010-12-31": "5263.10000", "2009-12-31": "4562.70000", "2008-12-31": "3391.30000", "2007-12-31": "3382.80000", "2006-12-31": "3410.10000", "2005-12-31": "3410.90000"}, "Basic EPS": {"2020-12-31": "0.42000", "2019-12-31": "4.08000", "2018-12-31": "4.31000", "2017-12-31": "4.14000", "2016-12-31": "4.03000", "2015-12-31": "4.18000", "2014-12-31": "4.17000", "2013-12-31": "3.95000", "2012-12-31": "3.40000", "2011-12-31": "2.85000", "2010-12-31": "2.23000", "2009-12-31": "1.76000", "2008-12-31": "0.70000", "2007-12-31": "2.41000", "2006-12-31": "2.50000", "2005-12-31": "2.27000"}, "EPS - Earnings Per Share": {"2020-12-31": "0.41000", "2019-12-31": "4.05000", "2018-12-31": "4.28000", "2017-12-31": "4.10000", "2016-12-31": "3.99000", "2015-12-31": "4.12000", "2014-12-31": "4.10000", "2013-12-31": "3.89000", "2012-12-31": "3.36000", "2011-12-31": "2.82000", "2010-12-31": "2.21000", "2009-12-31": "1.75000", "2008-12-31": "0.70000", "2007-12-31": "2.38000", "2006-12-31": "2.47000", "2005-12-31": "2.25000"}}, "income statement, quarterly": {"Revenue": {"2020-12-31": "19120.00000", "2020-09-30": "20294.00000", "2020-06-30": "19757.00000", "2020-03-31": "21132.00000", "2019-12-31": "24255.00000", "2019-09-30": "26884.00000", "2019-06-30": "26475.00000", "2019-03-31": "26301.00000", "2018-12-31": "25257.00000", "2018-09-30": "25733.00000", "2018-06-30": "25027.00000", "2018-03-31": "25043.00000", "2017-12-31": "24695.00000", "2017-09-30": "24444.00000", "2017-06-30": "24458.00000", "2017-03-31": "24144.00000", "2016-12-31": "23238.00000", "2016-09-30": "23863.00000", "2016-06-30": "23575.00000", "2016-03-31": "23500.00000", "2015-12-31": "22641.00000", "2015-09-30": "22863.00000", "2015-06-30": "22274.00000", "2015-03-31": "22255.00000", "2014-12-31": "22446.00000", "2014-09-30": "22236.00000", "2014-06-30": "22068.00000", "2014-03-31": "21622.00000", "2013-12-31": "21698.00000", "2013-09-30": "21506.00000", "2013-06-30": "22455.00000", "2013-03-31": "22410.00000", "2012-12-31": "23162.00000", "2012-09-30": "22476.00000", "2012-06-30": "22606.00000", "2012-03-31": "23003.00000", "2011-12-31": "22091.00000", "2011-09-30": "21264.00000", "2011-06-30": "22092.00000", "2011-03-31": "22150.00000", "2010-12-31": "23400.00000", "2010-09-30": "22906.00000", "2010-06-30": "23417.00000", "2010-03-31": "23526.00000", "2009-12-31": "24888.00000", "2009-09-30": "24750.00000", "2009-06-30": "25044.00000", "2009-03-31": "23954.00000", "2008-12-31": "11481.00000", "2008-09-30": "12770.00000", "2008-06-30": "13729.00000", "2008-03-31": "13652.00000", "2007-12-31": "14089.00000", "2007-09-30": "13796.00000", "2007-06-30": "13268.00000", "2007-03-31": "12570.00000", "2006-12-31": "12594.00000", "2006-09-30": "12286.00000", "2006-06-30": "11882.00000", "2006-03-31": "11217.00000", "2005-12-31": "10897.00000", "2005-09-30": "10472.00000", "2005-06-30": "9529.00000", "2005-03-31": "9509.00000"}, "Cost Of Goods Sold": {"2020-12-31": "1195.00000", "2020-09-30": "1432.00000", "2020-06-30": "1921.00000", "2020-03-31": "3415.00000", "2019-12-31": "4395.00000", "2019-09-30": "4874.00000", "2019-06-30": "4891.00000", "2019-03-31": "4692.00000", "2018-12-31": "4277.00000", "2018-09-30": "3792.00000", "2018-06-30": "3474.00000", "2018-03-31": "3109.00000", "2017-12-31": "2645.00000", "2017-09-30": "2595.00000", "2017-06-30": "2223.00000", "2017-03-31": "1889.00000", "2016-12-31": "1656.00000", "2016-09-30": "1535.00000", "2016-06-30": "1413.00000", "2016-03-31": "1305.00000", "2015-12-31": "1055.00000", "2015-09-30": "988.00000", "2015-06-30": "956.00000", "2015-03-31": "977.00000", "2014-12-31": "1003.00000", "2014-09-30": "1023.00000", "2014-06-30": "1002.00000", "2014-03-31": "997.00000", "2013-12-31": "1033.00000", "2013-09-30": "1028.00000", "2013-06-30": "1077.00000", "2013-03-31": "1151.00000", "2012-12-31": "1214.00000", "2012-09-30": "1263.00000", "2012-06-30": "1317.00000", "2012-03-31": "1367.00000", "2011-12-31": "1486.00000", "2011-09-30": "1636.00000", "2011-06-30": "1706.00000", "2011-03-31": "1821.00000", "2010-12-31": "1906.00000", "2010-09-30": "2032.00000", "2010-06-30": "2023.00000", "2010-03-31": "2078.00000", "2009-12-31": "2192.00000", "2009-09-30": "2284.00000", "2009-06-30": "2537.00000", "2009-03-31": "2937.00000", "2008-12-31": "2004.00000", "2008-09-30": "2393.00000", "2008-06-30": "2269.00000", "2008-03-31": "3089.00000", "2007-12-31": "3754.00000", "2007-09-30": "3943.00000", "2007-06-30": "3377.00000", "2007-03-31": "3129.00000", "2006-12-31": "3181.00000", "2006-09-30": "3352.00000", "2006-06-30": "3093.00000", "2006-03-31": "2662.00000", "2005-12-31": "2405.00000", "2005-09-30": "1969.00000", "2005-06-30": "1664.00000", "2005-03-31": "1420.00000"}, "Gross Profit": {"2020-12-31": "17925.00000", "2020-09-30": "18862.00000", "2020-06-30": "17836.00000", "2020-03-31": "17717.00000", "2019-12-31": "19860.00000", "2019-09-30": "22010.00000", "2019-06-30": "21584.00000", "2019-03-31": "21609.00000", "2018-12-31": "20980.00000", "2018-09-30": "21941.00000", "2018-06-30": "21553.00000", "2018-03-31": "21934.00000", "2017-12-31": "22050.00000", "2017-09-30": "21849.00000", "2017-06-30": "22235.00000", "2017-03-31": "22255.00000", "2016-12-31": "21582.00000", "2016-09-30": "22328.00000", "2016-06-30": "22162.00000", "2016-03-31": "22195.00000", "2015-12-31": "21586.00000", "2015-09-30": "21875.00000", "2015-06-30": "21318.00000", "2015-03-31": "21278.00000", "2014-12-31": "21443.00000", "2014-09-30": "21213.00000", "2014-06-30": "21066.00000", "2014-03-31": "20625.00000", "2013-12-31": "20665.00000", "2013-09-30": "20478.00000", "2013-06-30": "21378.00000", "2013-03-31": "21259.00000", "2012-12-31": "21948.00000", "2012-09-30": "21213.00000", "2012-06-30": "21289.00000", "2012-03-31": "21636.00000", "2011-12-31": "20605.00000", "2011-09-30": "19628.00000", "2011-06-30": "20386.00000", "2011-03-31": "20329.00000", "2010-12-31": "21494.00000", "2010-09-30": "20874.00000", "2010-06-30": "21394.00000", "2010-03-31": "21448.00000", "2009-12-31": "22696.00000", "2009-09-30": "22466.00000", "2009-06-30": "22507.00000", "2009-03-31": "21017.00000", "2008-12-31": "9477.00000", "2008-09-30": "10377.00000", "2008-06-30": "11460.00000", "2008-03-31": "10563.00000", "2007-12-31": "10335.00000", "2007-09-30": "9853.00000", "2007-06-30": "9891.00000", "2007-03-31": "9441.00000", "2006-12-31": "9413.00000", "2006-09-30": "8934.00000", "2006-06-30": "8789.00000", "2006-03-31": "8555.00000", "2005-12-31": "8492.00000", "2005-09-30": "8503.00000", "2005-06-30": "7865.00000", "2005-03-31": "8089.00000"}, "Research And Development Expenses": {"2020-12-31": "", "2020-09-30": "", "2020-06-30": "", "2020-03-31": "", "2019-12-31": "", "2019-09-30": "", "2019-06-30": "", "2019-03-31": "", "2018-12-31": "", "2018-09-30": "", "2018-06-30": "", "2018-03-31": "", "2017-12-31": "", "2017-09-30": "", "2017-06-30": "", "2017-03-31": "", "2016-12-31": "", "2016-09-30": "", "2016-06-30": "", "2016-03-31": "", "2015-12-31": "", "2015-09-30": "", "2015-06-30": "", "2015-03-31": "", "2014-12-31": "", "2014-09-30": "", "2014-06-30": "", "2014-03-31": "", "2013-12-31": "", "2013-09-30": "", "2013-06-30": "", "2013-03-31": "", "2012-12-31": "", "2012-09-30": "", "2012-06-30": "", "2012-03-31": "", "2011-12-31": "", "2011-09-30": "", "2011-06-30": "", "2011-03-31": "", "2010-12-31": "", "2010-09-30": "", "2010-06-30": "", "2010-03-31": "", "2009-12-31": "", "2009-09-30": "", "2009-06-30": "", "2009-03-31": "", "2008-12-31": "", "2008-09-30": "", "2008-06-30": "", "2008-03-31": "", "2007-12-31": "", "2007-09-30": "", "2007-06-30": "", "2007-03-31": "", "2006-12-31": "", "2006-09-30": "", "2006-06-30": "", "2006-03-31": "", "2005-12-31": "", "2005-09-30": "", "2005-06-30": "", "2005-03-31": ""}, "SG&A Expenses": {"2020-12-31": "13842.00000", "2020-09-30": "15280.00000", "2020-06-30": "24063.00000", "2020-03-31": "17030.00000", "2019-12-31": "16205.00000", "2019-09-30": "15894.00000", "2019-06-30": "13925.00000", "2019-03-31": "14733.00000", "2018-12-31": "13596.00000", "2018-09-30": "14079.00000", "2018-06-30": "14169.00000", "2018-03-31": "14968.00000", "2017-12-31": "17163.00000", "2017-09-30": "14780.00000", "2017-06-30": "13809.00000", "2017-03-31": "14108.00000", "2016-12-31": "13719.00000", "2016-09-30": "13774.00000", "2016-06-30": "13641.00000", "2016-03-31": "13821.00000", "2015-12-31": "13119.00000", "2015-09-30": "12791.00000", "2015-06-30": "12457.00000", "2015-03-31": "12803.00000", "2014-12-31": "12794.00000", "2014-09-30": "12274.00000", "2014-06-30": "12062.00000", "2014-03-31": "11932.00000", "2013-12-31": "12073.00000", "2013-09-30": "11802.00000", "2013-06-30": "12530.00000", "2013-03-31": "13242.00000", "2012-12-31": "14309.00000", "2012-09-30": "13284.00000", "2012-06-30": "13779.00000", "2012-03-31": "14569.00000", "2011-12-31": "14081.00000", "2011-09-30": "13022.00000", "2011-06-30": "13849.00000", "2011-03-31": "14460.00000", "2010-12-31": "15780.00000", "2010-09-30": "15150.00000", "2010-06-30": "16182.00000", "2010-03-31": "16898.00000", "2009-12-31": "18092.00000", "2009-09-30": "17153.00000", "2009-06-30": "17137.00000", "2009-03-31": "15729.00000", "2008-12-31": "14207.00000", "2008-09-30": "7949.00000", "2008-06-30": "8811.00000", "2008-03-31": "7424.00000", "2007-12-31": "8242.00000", "2007-09-30": "6563.00000", "2007-06-30": "6447.00000", "2007-03-31": "6241.00000", "2006-12-31": "6232.00000", "2006-09-30": "5694.00000", "2006-06-30": "5608.00000", "2006-03-31": "5507.00000", "2005-12-31": "5586.00000", "2005-09-30": "5530.00000", "2005-06-30": "5008.00000", "2005-03-31": "5277.00000"}, "Other Operating Income Or Expenses": {"2020-12-31": "", "2020-09-30": "", "2020-06-30": "", "2020-03-31": "", "2019-12-31": "", "2019-09-30": "", "2019-06-30": "", "2019-03-31": "", "2018-12-31": "", "2018-09-30": "", "2018-06-30": "", "2018-03-31": "", "2017-12-31": "", "2017-09-30": "", "2017-06-30": "", "2017-03-31": "", "2016-12-31": "", "2016-09-30": "", "2016-06-30": "", "2016-03-31": "", "2015-12-31": "", "2015-09-30": "", "2015-06-30": "", "2015-03-31": "", "2014-12-31": "", "2014-09-30": "", "2014-06-30": "", "2014-03-31": "", "2013-12-31": "", "2013-09-30": "", "2013-06-30": "", "2013-03-31": "", "2012-12-31": "", "2012-09-30": "", "2012-06-30": "", "2012-03-31": "", "2011-12-31": "", "2011-09-30": "", "2011-06-30": "", "2011-03-31": "", "2010-12-31": "", "2010-09-30": "", "2010-06-30": "", "2010-03-31": "", "2009-12-31": "", "2009-09-30": "", "2009-06-30": "", "2009-03-31": "", "2008-12-31": "", "2008-09-30": "", "2008-06-30": "", "2008-03-31": "", "2007-12-31": "", "2007-09-30": "", "2007-06-30": "", "2007-03-31": "", "2006-12-31": "", "2006-09-30": "", "2006-06-30": "", "2006-03-31": "", "2005-12-31": "", "2005-09-30": "", "2005-06-30": "", "2005-03-31": ""}, "Operating Expenses": {"2020-12-31": "15037.00000", "2020-09-30": "16712.00000", "2020-06-30": "26006.00000", "2020-03-31": "20468.00000", "2019-12-31": "20653.00000", "2019-09-30": "20768.00000", "2019-06-30": "18843.00000", "2019-03-31": "19453.00000", "2018-12-31": "18137.00000", "2018-09-30": "18135.00000", "2018-06-30": "17908.00000", "2018-03-31": "18342.00000", "2017-12-31": "20096.00000", "2017-09-30": "17663.00000", "2017-06-30": "16319.00000", "2017-03-31": "16286.00000", "2016-12-31": "15676.00000", "2016-09-30": "15608.00000", "2016-06-30": "15353.00000", "2016-03-31": "15419.00000", "2015-12-31": "14485.00000", "2015-09-30": "14090.00000", "2015-06-30": "13725.00000", "2015-03-31": "14092.00000", "2014-12-31": "14135.00000", "2014-09-30": "13639.00000", "2014-06-30": "13413.00000", "2014-03-31": "13270.00000", "2013-12-31": "13481.00000", "2013-09-30": "13205.00000", "2013-06-30": "13984.00000", "2013-03-31": "14770.00000", "2012-12-31": "15941.00000", "2012-09-30": "14966.00000", "2012-06-30": "15514.00000", "2012-03-31": "16355.00000", "2011-12-31": "16034.00000", "2011-09-30": "15124.00000", "2011-06-30": "16019.00000", "2011-03-31": "16764.00000", "2010-12-31": "18235.00000", "2010-09-30": "17730.00000", "2010-06-30": "18758.00000", "2010-03-31": "19525.00000", "2009-12-31": "20926.00000", "2009-09-30": "20079.00000", "2009-06-30": "20320.00000", "2009-03-31": "19313.00000", "2008-12-31": "16258.00000", "2008-09-30": "10389.00000", "2008-06-30": "11126.00000", "2008-03-31": "10559.00000", "2007-12-31": "11996.00000", "2007-09-30": "10506.00000", "2007-06-30": "9824.00000", "2007-03-31": "9370.00000", "2006-12-31": "9413.00000", "2006-09-30": "9046.00000", "2006-06-30": "8701.00000", "2006-03-31": "8169.00000", "2005-12-31": "7991.00000", "2005-09-30": "7499.00000", "2005-06-30": "6672.00000", "2005-03-31": "6697.00000"}, "Operating Income": {"2020-12-31": "4083.00000", "2020-09-30": "3582.00000", "2020-06-30": "-6249.00000", "2020-03-31": "664.00000", "2019-12-31": "3602.00000", "2019-09-30": "6116.00000", "2019-06-30": "7632.00000", "2019-03-31": "6848.00000", "2018-12-31": "7120.00000", "2018-09-30": "7598.00000", "2018-06-30": "7119.00000", "2018-03-31": "6701.00000", "2017-12-31": "4599.00000", "2017-09-30": "6781.00000", "2017-06-30": "8139.00000", "2017-03-31": "7858.00000", "2016-12-31": "7562.00000", "2016-09-30": "8255.00000", "2016-06-30": "8222.00000", "2016-03-31": "8081.00000", "2015-12-31": "8156.00000", "2015-09-30": "8773.00000", "2015-06-30": "8549.00000", "2015-03-31": "8163.00000", "2014-12-31": "8311.00000", "2014-09-30": "8597.00000", "2014-06-30": "8655.00000", "2014-03-31": "8352.00000", "2013-12-31": "8217.00000", "2013-09-30": "8301.00000", "2013-06-30": "8471.00000", "2013-03-31": "7640.00000", "2012-12-31": "7221.00000", "2012-09-30": "7510.00000", "2012-06-30": "7092.00000", "2012-03-31": "6648.00000", "2011-12-31": "6057.00000", "2011-09-30": "6140.00000", "2011-06-30": "6073.00000", "2011-03-31": "5386.00000", "2010-12-31": "5165.00000", "2010-09-30": "5176.00000", "2010-06-30": "4659.00000", "2010-03-31": "4001.00000", "2009-12-31": "3962.00000", "2009-09-30": "4671.00000", "2009-06-30": "4724.00000", "2009-03-31": "4641.00000", "2008-12-31": "-4777.00000", "2008-09-30": "2381.00000", "2008-06-30": "2603.00000", "2008-03-31": "3093.00000", "2007-12-31": "2093.00000", "2007-09-30": "3290.00000", "2007-06-30": "3444.00000", "2007-03-31": "3200.00000", "2006-12-31": "3181.00000", "2006-09-30": "3240.00000", "2006-06-30": "3181.00000", "2006-03-31": "3048.00000", "2005-12-31": "2906.00000", "2005-09-30": "2973.00000", "2005-06-30": "2857.00000", "2005-03-31": "2812.00000"}, "Total Non-Operating Income/Expense": {"2020-12-31": "-781.00000", "2020-09-30": "-718.00000", "2020-06-30": "", "2020-03-31": "", "2019-12-31": "", "2019-09-30": "", "2019-06-30": "", "2019-03-31": "", "2018-12-31": "", "2018-09-30": "", "2018-06-30": "", "2018-03-31": "", "2017-12-31": "", "2017-09-30": "", "2017-06-30": "", "2017-03-31": "", "2016-12-31": "", "2016-09-30": "", "2016-06-30": "", "2016-03-31": "", "2015-12-31": "", "2015-09-30": "", "2015-06-30": "", "2015-03-31": "", "2014-12-31": "", "2014-09-30": "", "2014-06-30": "", "2014-03-31": "", "2013-12-31": "", "2013-09-30": "", "2013-06-30": "", "2013-03-31": "", "2012-12-31": "", "2012-09-30": "", "2012-06-30": "", "2012-03-31": "", "2011-12-31": "", "2011-09-30": "", "2011-06-30": "", "2011-03-31": "", "2010-12-31": "", "2010-09-30": "", "2010-06-30": "", "2010-03-31": "", "2009-12-31": "", "2009-09-30": "", "2009-06-30": "", "2009-03-31": "", "2008-12-31": "", "2008-09-30": "", "2008-06-30": "", "2008-03-31": "", "2007-12-31": "", "2007-09-30": "", "2007-06-30": "", "2007-03-31": "", "2006-12-31": "", "2006-09-30": "", "2006-06-30": "", "2006-03-31": "", "2005-12-31": "", "2005-09-30": "", "2005-06-30": "", "2005-03-31": ""}, "Pre-Tax Income": {"2020-12-31": "3302.00000", "2020-09-30": "2864.00000", "2020-06-30": "-6249.00000", "2020-03-31": "664.00000", "2019-12-31": "3602.00000", "2019-09-30": "6116.00000", "2019-06-30": "7632.00000", "2019-03-31": "6848.00000", "2018-12-31": "7120.00000", "2018-09-30": "7598.00000", "2018-06-30": "7119.00000", "2018-03-31": "6701.00000", "2017-12-31": "4599.00000", "2017-09-30": "6781.00000", "2017-06-30": "8139.00000", "2017-03-31": "7858.00000", "2016-12-31": "7562.00000", "2016-09-30": "8255.00000", "2016-06-30": "8222.00000", "2016-03-31": "8081.00000", "2015-12-31": "8156.00000", "2015-09-30": "8773.00000", "2015-06-30": "8549.00000", "2015-03-31": "8163.00000", "2014-12-31": "8311.00000", "2014-09-30": "8597.00000", "2014-06-30": "8655.00000", "2014-03-31": "8352.00000", "2013-12-31": "8217.00000", "2013-09-30": "8301.00000", "2013-06-30": "8471.00000", "2013-03-31": "7640.00000", "2012-12-31": "7221.00000", "2012-09-30": "7510.00000", "2012-06-30": "7092.00000", "2012-03-31": "6648.00000", "2011-12-31": "6057.00000", "2011-09-30": "6140.00000", "2011-06-30": "6073.00000", "2011-03-31": "5386.00000", "2010-12-31": "5165.00000", "2010-09-30": "5176.00000", "2010-06-30": "4659.00000", "2010-03-31": "4001.00000", "2009-12-31": "3962.00000", "2009-09-30": "4671.00000", "2009-06-30": "4724.00000", "2009-03-31": "4641.00000", "2008-12-31": "-4777.00000", "2008-09-30": "2381.00000", "2008-06-30": "2603.00000", "2008-03-31": "3093.00000", "2007-12-31": "1901.00000", "2007-09-30": "3290.00000", "2007-06-30": "3444.00000", "2007-03-31": "3200.00000", "2006-12-31": "3181.00000", "2006-09-30": "3240.00000", "2006-06-30": "3181.00000", "2006-03-31": "3048.00000", "2005-12-31": "2906.00000", "2005-09-30": "2973.00000", "2005-06-30": "2857.00000", "2005-03-31": "2812.00000"}, "Income Taxes": {"2020-12-31": "108.00000", "2020-09-30": "645.00000", "2020-06-30": "-3917.00000", "2020-03-31": "159.00000", "2019-12-31": "678.00000", "2019-09-30": "1304.00000", "2019-06-30": "1294.00000", "2019-03-31": "881.00000", "2018-12-31": "966.00000", "2018-09-30": "1512.00000", "2018-06-30": "1810.00000", "2018-03-31": "1374.00000", "2017-12-31": "-1642.00000", "2017-09-30": "2181.00000", "2017-06-30": "2245.00000", "2017-03-31": "2133.00000", "2016-12-31": "2258.00000", "2016-09-30": "2601.00000", "2016-06-30": "2649.00000", "2016-03-31": "2567.00000", "2015-12-31": "2533.00000", "2015-09-30": "2790.00000", "2015-06-30": "2763.00000", "2015-03-31": "2279.00000", "2014-12-31": "2519.00000", "2014-09-30": "2642.00000", "2014-06-30": "2869.00000", "2014-03-31": "2277.00000", "2013-12-31": "2504.00000", "2013-09-30": "2618.00000", "2013-06-30": "2863.00000", "2013-03-31": "2420.00000", "2012-12-31": "1924.00000", "2012-09-30": "2480.00000", "2012-06-30": "2371.00000", "2012-03-31": "2328.00000", "2011-12-31": "1874.00000", "2011-09-30": "1998.00000", "2011-06-30": "2001.00000", "2011-03-31": "1572.00000", "2010-12-31": "1672.00000", "2010-09-30": "1751.00000", "2010-06-30": "1514.00000", "2010-03-31": "1401.00000", "2009-12-31": "949.00000", "2009-09-30": "1355.00000", "2009-06-30": "1475.00000", "2009-03-31": "1552.00000", "2008-12-31": "-2036.00000", "2008-09-30": "730.00000", "2008-06-30": "834.00000", "2008-03-31": "1074.00000", "2007-12-31": "332.00000", "2007-09-30": "1117.00000", "2007-06-30": "1165.00000", "2007-03-31": "956.00000", "2006-12-31": "1062.00000", "2006-09-30": "1046.00000", "2006-06-30": "1092.00000", "2006-03-31": "1030.00000", "2005-12-31": "976.00000", "2005-09-30": "998.00000", "2005-06-30": "947.00000", "2005-03-31": "956.00000"}, "Income After Taxes": {"2020-12-31": "3194.00000", "2020-09-30": "2219.00000", "2020-06-30": "-2332.00000", "2020-03-31": "505.00000", "2019-12-31": "2924.00000", "2019-09-30": "4812.00000", "2019-06-30": "6338.00000", "2019-03-31": "5967.00000", "2018-12-31": "6154.00000", "2018-09-30": "6086.00000", "2018-06-30": "5309.00000", "2018-03-31": "5327.00000", "2017-12-31": "6241.00000", "2017-09-30": "4600.00000", "2017-06-30": "5894.00000", "2017-03-31": "5725.00000", "2016-12-31": "5304.00000", "2016-09-30": "5654.00000", "2016-06-30": "5573.00000", "2016-03-31": "5514.00000", "2015-12-31": "5623.00000", "2015-09-30": "5983.00000", "2015-06-30": "5786.00000", "2015-03-31": "5884.00000", "2014-12-31": "5792.00000", "2014-09-30": "5955.00000", "2014-06-30": "5786.00000", "2014-03-31": "6075.00000", "2013-12-31": "5713.00000", "2013-09-30": "5683.00000", "2013-06-30": "5608.00000", "2013-03-31": "5220.00000", "2012-12-31": "5297.00000", "2012-09-30": "5030.00000", "2012-06-30": "4721.00000", "2012-03-31": "4320.00000", "2011-12-31": "4183.00000", "2011-09-30": "4142.00000", "2011-06-30": "4072.00000", "2011-03-31": "3814.00000", "2010-12-31": "3493.00000", "2010-09-30": "3425.00000", "2010-06-30": "3145.00000", "2010-03-31": "2600.00000", "2009-12-31": "3013.00000", "2009-09-30": "3316.00000", "2009-06-30": "3249.00000", "2009-03-31": "3089.00000", "2008-12-31": "-2741.00000", "2008-09-30": "1651.00000", "2008-06-30": "1769.00000", "2008-03-31": "2019.00000", "2007-12-31": "1569.00000", "2007-09-30": "2173.00000", "2007-06-30": "2279.00000", "2007-03-31": "2244.00000", "2006-12-31": "2119.00000", "2006-09-30": "2194.00000", "2006-06-30": "2089.00000", "2006-03-31": "2018.00000", "2005-12-31": "1930.00000", "2005-09-30": "1975.00000", "2005-06-30": "1910.00000", "2005-03-31": "1856.00000"}, "Other Income": {"2020-12-31": "", "2020-09-30": "", "2020-06-30": "", "2020-03-31": "", "2019-12-31": "", "2019-09-30": "", "2019-06-30": "", "2019-03-31": "", "2018-12-31": "", "2018-09-30": "", "2018-06-30": "", "2018-03-31": "", "2017-12-31": "", "2017-09-30": "", "2017-06-30": "", "2017-03-31": "", "2016-12-31": "", "2016-09-30": "", "2016-06-30": "", "2016-03-31": "", "2015-12-31": "", "2015-09-30": "", "2015-06-30": "", "2015-03-31": "", "2014-12-31": "", "2014-09-30": "", "2014-06-30": "", "2014-03-31": "", "2013-12-31": "", "2013-09-30": "", "2013-06-30": "", "2013-03-31": "", "2012-12-31": "", "2012-09-30": "", "2012-06-30": "", "2012-03-31": "", "2011-12-31": "", "2011-09-30": "", "2011-06-30": "", "2011-03-31": "", "2010-12-31": "", "2010-09-30": "", "2010-06-30": "", "2010-03-31": "", "2009-12-31": "", "2009-09-30": "", "2009-06-30": "", "2009-03-31": "", "2008-12-31": "", "2008-09-30": "", "2008-06-30": "", "2008-03-31": "", "2007-12-31": "", "2007-09-30": "", "2007-06-30": "", "2007-03-31": "", "2006-12-31": "", "2006-09-30": "", "2006-06-30": "", "2006-03-31": "", "2005-12-31": "", "2005-09-30": "", "2005-06-30": "", "2005-03-31": ""}, "Income From Continuous Operations": {"2020-12-31": "3194.00000", "2020-09-30": "2219.00000", "2020-06-30": "-2332.00000", "2020-03-31": "505.00000", "2019-12-31": "2924.00000", "2019-09-30": "4812.00000", "2019-06-30": "6338.00000", "2019-03-31": "5967.00000", "2018-12-31": "6154.00000", "2018-09-30": "6086.00000", "2018-06-30": "5309.00000", "2018-03-31": "5327.00000", "2017-12-31": "6241.00000", "2017-09-30": "4600.00000", "2017-06-30": "5894.00000", "2017-03-31": "5725.00000", "2016-12-31": "5304.00000", "2016-09-30": "5654.00000", "2016-06-30": "5573.00000", "2016-03-31": "5514.00000", "2015-12-31": "5623.00000", "2015-09-30": "5983.00000", "2015-06-30": "5786.00000", "2015-03-31": "5884.00000", "2014-12-31": "5792.00000", "2014-09-30": "5955.00000", "2014-06-30": "5786.00000", "2014-03-31": "6075.00000", "2013-12-31": "5713.00000", "2013-09-30": "5683.00000", "2013-06-30": "5608.00000", "2013-03-31": "5220.00000", "2012-12-31": "5297.00000", "2012-09-30": "5030.00000", "2012-06-30": "4721.00000", "2012-03-31": "4320.00000", "2011-12-31": "4183.00000", "2011-09-30": "4142.00000", "2011-06-30": "4072.00000", "2011-03-31": "3814.00000", "2010-12-31": "3493.00000", "2010-09-30": "3425.00000", "2010-06-30": "3145.00000", "2010-03-31": "2600.00000", "2009-12-31": "3013.00000", "2009-09-30": "3316.00000", "2009-06-30": "3249.00000", "2009-03-31": "3089.00000", "2008-12-31": "-2741.00000", "2008-09-30": "1651.00000", "2008-06-30": "1769.00000", "2008-03-31": "2019.00000", "2007-12-31": "1569.00000", "2007-09-30": "2173.00000", "2007-06-30": "2279.00000", "2007-03-31": "2244.00000", "2006-12-31": "2119.00000", "2006-09-30": "2194.00000", "2006-06-30": "2089.00000", "2006-03-31": "2018.00000", "2005-12-31": "1930.00000", "2005-09-30": "1975.00000", "2005-06-30": "1910.00000", "2005-03-31": "1856.00000"}, "Income From Discontinued Operations": {"2020-12-31": "", "2020-09-30": "", "2020-06-30": "", "2020-03-31": "", "2019-12-31": "", "2019-09-30": "", "2019-06-30": "", "2019-03-31": "", "2018-12-31": "", "2018-09-30": "", "2018-06-30": "", "2018-03-31": "", "2017-12-31": "", "2017-09-30": "", "2017-06-30": "", "2017-03-31": "", "2016-12-31": "", "2016-09-30": "", "2016-06-30": "", "2016-03-31": "", "2015-12-31": "", "2015-09-30": "", "2015-06-30": "", "2015-03-31": "", "2014-12-31": "", "2014-09-30": "", "2014-06-30": "", "2014-03-31": "", "2013-12-31": "", "2013-09-30": "", "2013-06-30": "", "2013-03-31": "", "2012-12-31": "", "2012-09-30": "", "2012-06-30": "", "2012-03-31": "", "2011-12-31": "", "2011-09-30": "", "2011-06-30": "", "2011-03-31": "", "2010-12-31": "", "2010-09-30": "", "2010-06-30": "", "2010-03-31": "", "2009-12-31": "", "2009-09-30": "", "2009-06-30": "", "2009-03-31": "", "2008-12-31": "", "2008-09-30": "", "2008-06-30": "", "2008-03-31": "", "2007-12-31": "", "2007-09-30": "", "2007-06-30": "", "2007-03-31": "", "2006-12-31": "", "2006-09-30": "", "2006-06-30": "", "2006-03-31": "", "2005-12-31": "", "2005-09-30": "", "2005-06-30": "", "2005-03-31": ""}, "Net Income": {"2020-12-31": "2642.00000", "2020-09-30": "1720.00000", "2020-06-30": "-2694.00000", "2020-03-31": "42.00000", "2019-12-31": "2546.00000", "2019-09-30": "4037.00000", "2019-06-30": "5848.00000", "2019-03-31": "5507.00000", "2018-12-31": "5711.00000", "2018-09-30": "5453.00000", "2018-06-30": "4792.00000", "2018-03-31": "4733.00000", "2017-12-31": "5740.00000", "2017-09-30": "4131.00000", "2017-06-30": "5450.00000", "2017-03-31": "5233.00000", "2016-12-31": "4872.00000", "2016-09-30": "5243.00000", "2016-06-30": "5173.00000", "2016-03-31": "5085.00000", "2015-12-31": "5203.00000", "2015-09-30": "5443.00000", "2015-06-30": "5363.00000", "2015-03-31": "5461.00000", "2014-12-31": "5382.00000", "2014-09-30": "5408.00000", "2014-06-30": "5424.00000", "2014-03-31": "5607.00000", "2013-12-31": "5369.00000", "2013-09-30": "5317.00000", "2013-06-30": "5272.00000", "2013-03-31": "4931.00000", "2012-12-31": "4857.00000", "2012-09-30": "4717.00000", "2012-06-30": "4403.00000", "2012-03-31": "4022.00000", "2011-12-31": "3888.00000", "2011-09-30": "3839.00000", "2011-06-30": "3728.00000", "2011-03-31": "3570.00000", "2010-12-31": "3232.00000", "2010-09-30": "3150.00000", "2010-06-30": "2878.00000", "2010-03-31": "2372.00000", "2009-12-31": "394.00000", "2009-09-30": "2637.00000", "2009-06-30": "2575.00000", "2009-03-31": "2384.00000", "2008-12-31": "-3020.00000", "2008-09-30": "1637.00000", "2008-06-30": "1753.00000", "2008-03-31": "1999.00000", "2007-12-31": "1361.00000", "2007-09-30": "2173.00000", "2007-06-30": "2279.00000", "2007-03-31": "2244.00000", "2006-12-31": "2119.00000", "2006-09-30": "2194.00000", "2006-06-30": "2089.00000", "2006-03-31": "2018.00000", "2005-12-31": "1930.00000", "2005-09-30": "1975.00000", "2005-06-30": "1910.00000", "2005-03-31": "1856.00000"}, "EBITDA": {"2020-12-31": "", "2020-09-30": "", "2020-06-30": "", "2020-03-31": "", "2019-12-31": "", "2019-09-30": "", "2019-06-30": "", "2019-03-31": "", "2018-12-31": "", "2018-09-30": "", "2018-06-30": "", "2018-03-31": "", "2017-12-31": "", "2017-09-30": "", "2017-06-30": "", "2017-03-31": "", "2016-12-31": "", "2016-09-30": "", "2016-06-30": "", "2016-03-31": "", "2015-12-31": "", "2015-09-30": "", "2015-06-30": "", "2015-03-31": "", "2014-12-31": "", "2014-09-30": "", "2014-06-30": "", "2014-03-31": "", "2013-12-31": "", "2013-09-30": "", "2013-06-30": "", "2013-03-31": "", "2012-12-31": "", "2012-09-30": "", "2012-06-30": "", "2012-03-31": "", "2011-12-31": "", "2011-09-30": "", "2011-06-30": "", "2011-03-31": "", "2010-12-31": "", "2010-09-30": "", "2010-06-30": "", "2010-03-31": "", "2009-12-31": "", "2009-09-30": "", "2009-06-30": "", "2009-03-31": "", "2008-12-31": "", "2008-09-30": "", "2008-06-30": "", "2008-03-31": "", "2007-12-31": "", "2007-09-30": "", "2007-06-30": "", "2007-03-31": "", "2006-12-31": "", "2006-09-30": "", "2006-06-30": "", "2006-03-31": "", "2005-12-31": "", "2005-09-30": "", "2005-06-30": "", "2005-03-31": ""}, "EBIT": {"2020-12-31": "", "2020-09-30": "", "2020-06-30": "", "2020-03-31": "", "2019-12-31": "", "2019-09-30": "", "2019-06-30": "", "2019-03-31": "", "2018-12-31": "", "2018-09-30": "", "2018-06-30": "", "2018-03-31": "", "2017-12-31": "", "2017-09-30": "", "2017-06-30": "", "2017-03-31": "", "2016-12-31": "", "2016-09-30": "", "2016-06-30": "", "2016-03-31": "", "2015-12-31": "", "2015-09-30": "", "2015-06-30": "", "2015-03-31": "", "2014-12-31": "", "2014-09-30": "", "2014-06-30": "", "2014-03-31": "", "2013-12-31": "", "2013-09-30": "", "2013-06-30": "", "2013-03-31": "", "2012-12-31": "", "2012-09-30": "", "2012-06-30": "", "2012-03-31": "", "2011-12-31": "", "2011-09-30": "", "2011-06-30": "", "2011-03-31": "", "2010-12-31": "", "2010-09-30": "", "2010-06-30": "", "2010-03-31": "", "2009-12-31": "", "2009-09-30": "", "2009-06-30": "", "2009-03-31": "", "2008-12-31": "", "2008-09-30": "", "2008-06-30": "", "2008-03-31": "", "2007-12-31": "", "2007-09-30": "", "2007-06-30": "", "2007-03-31": "", "2006-12-31": "", "2006-09-30": "", "2006-06-30": "", "2006-03-31": "", "2005-12-31": "", "2005-09-30": "", "2005-06-30": "", "2005-03-31": ""}, "Basic Shares Outstanding": {"2020-12-31": "4137.60000", "2020-09-30": "4123.80000", "2020-06-30": "4105.50000", "2020-03-31": "4104.80000", "2019-12-31": "4393.10000", "2019-09-30": "4358.50000", "2019-06-30": "4469.40000", "2019-03-31": "4551.50000", "2018-12-31": "4799.70000", "2018-09-30": "4784.00000", "2018-06-30": "4865.80000", "2018-03-31": "4885.70000", "2017-12-31": "4964.60000", "2017-09-30": "4948.60000", "2017-06-30": "4989.90000", "2017-03-31": "5008.60000", "2016-12-31": "5052.80000", "2016-09-30": "5043.40000", "2016-06-30": "5066.90000", "2016-03-31": "5075.70000", "2015-12-31": "5136.50000", "2015-09-30": "5125.80000", "2015-06-30": "5151.90000", "2015-03-31": "5160.40000", "2014-12-31": "5237.20000", "2014-09-30": "5225.90000", "2014-06-30": "5268.40000", "2014-03-31": "5262.80000", "2013-12-31": "5287.30000", "2013-09-30": "5295.30000", "2013-06-30": "5304.70000", "2013-03-31": "5279.00000", "2012-12-31": "5287.60000", "2012-09-30": "5288.10000", "2012-06-30": "5306.90000", "2012-03-31": "5282.60000", "2011-12-31": "5278.10000", "2011-09-30": "5275.50000", "2011-06-30": "5286.50000", "2011-03-31": "5278.80000", "2010-12-31": "5226.80000", "2010-09-30": "5240.10000", "2010-06-30": "5219.70000", "2010-03-31": "5190.40000", "2009-12-31": "4545.20000", "2009-09-30": "4678.30000", "2009-06-30": "4483.10000", "2009-03-31": "4247.40000", "2008-12-31": "3378.10000", "2008-09-30": "3316.40000", "2008-06-30": "3309.80000", "2008-03-31": "3302.40000", "2007-12-31": "3348.50000", "2007-09-30": "3339.60000", "2007-06-30": "3351.20000", "2007-03-31": "3376.00000", "2006-12-31": "3368.30000", "2006-09-30": "3371.90000", "2006-06-30": "3363.80000", "2006-03-31": "3358.30000", "2005-12-31": "3372.50000", "2005-09-30": "3373.50000", "2005-06-30": "3375.40000", "2005-03-31": "3390.80000"}, "Shares Outstanding": {"2020-12-31": "4151.30000", "2020-09-30": "4132.20000", "2020-06-30": "4105.50000", "2020-03-31": "4135.30000", "2019-12-31": "4425.40000", "2019-09-30": "4389.60000", "2019-06-30": "4495.00000", "2019-03-31": "4584.00000", "2018-12-31": "4838.40000", "2018-09-30": "4823.20000", "2018-06-30": "4899.80000", "2018-03-31": "4930.70000", "2017-12-31": "5017.30000", "2017-09-30": "4996.80000", "2017-06-30": "5037.70000", "2017-03-31": "5070.40000", "2016-12-31": "5108.30000", "2016-09-30": "5094.60000", "2016-06-30": "5118.10000", "2016-03-31": "5139.40000", "2015-12-31": "5209.80000", "2015-09-30": "5193.80000", "2015-06-30": "5220.50000", "2015-03-31": "5243.60000", "2014-12-31": "5324.40000", "2014-09-30": "5310.40000", "2014-06-30": "5350.80000", "2014-03-31": "5353.30000", "2013-12-31": "5371.20000", "2013-09-30": "5381.70000", "2013-06-30": "5384.60000", "2013-03-31": "5353.50000", "2012-12-31": "5351.50000", "2012-09-30": "5355.60000", "2012-06-30": "5369.90000", "2012-03-31": "5337.80000", "2011-12-31": "5323.40000", "2011-09-30": "5319.20000", "2011-06-30": "5331.70000", "2011-03-31": "5333.10000", "2010-12-31": "5263.10000", "2010-09-30": "5273.20000", "2010-06-30": "5260.80000", "2010-03-31": "5225.20000", "2009-12-31": "4562.70000", "2009-09-30": "4706.40000", "2009-06-30": "4501.60000", "2009-03-31": "4249.30000", "2008-12-31": "3391.30000", "2008-09-30": "3331.00000", "2008-06-30": "3321.40000", "2008-03-31": "3317.90000", "2007-12-31": "3382.80000", "2007-09-30": "3374.00000", "2007-06-30": "3389.30000", "2007-03-31": "3416.10000", "2006-12-31": "3410.10000", "2006-09-30": "3416.00000", "2006-06-30": "3404.40000", "2006-03-31": "3395.70000", "2005-12-31": "3410.90000", "2005-09-30": "3410.60000", "2005-06-30": "3414.40000", "2005-03-31": "3431.40000"}, "Basic EPS": {"2020-12-31": "0.64000", "2020-09-30": "0.42000", "2020-06-30": "-0.66000", "2020-03-31": "0.01000", "2019-12-31": "0.63000", "2019-09-30": "0.93000", "2019-06-30": "1.31000", "2019-03-31": "1.21000", "2018-12-31": "1.22000", "2018-09-30": "1.14000", "2018-06-30": "0.98000", "2018-03-31": "0.97000", "2017-12-31": "1.17000", "2017-09-30": "0.83000", "2017-06-30": "1.09000", "2017-03-31": "1.05000", "2016-12-31": "0.97000", "2016-09-30": "1.04000", "2016-06-30": "1.02000", "2016-03-31": "1.00000", "2015-12-31": "1.02000", "2015-09-30": "1.06000", "2015-06-30": "1.04000", "2015-03-31": "1.06000", "2014-12-31": "1.04000", "2014-09-30": "1.04000", "2014-06-30": "1.02000", "2014-03-31": "1.07000", "2013-12-31": "1.02000", "2013-09-30": "1.00000", "2013-06-30": "1.00000", "2013-03-31": "0.93000", "2012-12-31": "0.92000", "2012-09-30": "0.89000", "2012-06-30": "0.83000", "2012-03-31": "0.76000", "2011-12-31": "0.74000", "2011-09-30": "0.73000", "2011-06-30": "0.70000", "2011-03-31": "0.68000", "2010-12-31": "0.62000", "2010-09-30": "0.60000", "2010-06-30": "0.55000", "2010-03-31": "0.46000", "2009-12-31": "0.06000", "2009-09-30": "0.56000", "2009-06-30": "0.58000", "2009-03-31": "0.56000", "2008-12-31": "-0.93000", "2008-09-30": "0.49000", "2008-06-30": "0.53000", "2008-03-31": "0.61000", "2007-12-31": "0.42000", "2007-09-30": "0.65000", "2007-06-30": "0.68000", "2007-03-31": "0.66000", "2006-12-31": "0.63000", "2006-09-30": "0.65000", "2006-06-30": "0.62000", "2006-03-31": "0.60000", "2005-12-31": "0.56500", "2005-09-30": "0.59000", "2005-06-30": "0.57000", "2005-03-31": "0.54500"}, "EPS - Earnings Per Share": {"2020-12-31": "0.64000", "2020-09-30": "0.42000", "2020-06-30": "-0.66000", "2020-03-31": "0.01000", "2019-12-31": "0.63000", "2019-09-30": "0.92000", "2019-06-30": "1.30000", "2019-03-31": "1.20000", "2018-12-31": "1.21000", "2018-09-30": "1.13000", "2018-06-30": "0.98000", "2018-03-31": "0.96000", "2017-12-31": "1.16000", "2017-09-30": "0.83000", "2017-06-30": "1.08000", "2017-03-31": "1.03000", "2016-12-31": "0.96000", "2016-09-30": "1.03000", "2016-06-30": "1.01000", "2016-03-31": "0.99000", "2015-12-31": "1.00000", "2015-09-30": "1.05000", "2015-06-30": "1.03000", "2015-03-31": "1.04000", "2014-12-31": "1.02000", "2014-09-30": "1.02000", "2014-06-30": "1.01000", "2014-03-31": "1.05000", "2013-12-31": "1.00000", "2013-09-30": "0.99000", "2013-06-30": "0.98000", "2013-03-31": "0.92000", "2012-12-31": "0.91000", "2012-09-30": "0.88000", "2012-06-30": "0.82000", "2012-03-31": "0.75000", "2011-12-31": "0.73000", "2011-09-30": "0.72000", "2011-06-30": "0.70000", "2011-03-31": "0.67000", "2010-12-31": "0.61000", "2010-09-30": "0.60000", "2010-06-30": "0.55000", "2010-03-31": "0.45000", "2009-12-31": "0.06000", "2009-09-30": "0.56000", "2009-06-30": "0.57000", "2009-03-31": "0.56000", "2008-12-31": "-0.92000", "2008-09-30": "0.49000", "2008-06-30": "0.53000", "2008-03-31": "0.60000", "2007-12-31": "0.41000", "2007-09-30": "0.64000", "2007-06-30": "0.67000", "2007-03-31": "0.66000", "2006-12-31": "0.62000", "2006-09-30": "0.64000", "2006-06-30": "0.61000", "2006-03-31": "0.60000", "2005-12-31": "0.57000", "2005-09-30": "0.58000", "2005-06-30": "0.56000", "2005-03-31": "0.54000"}}, "balance sheet": {"Cash On Hand": {"2020-12-31": "405379.00000", "2019-12-31": "323123.00000", "2018-12-31": "323483.00000", "2017-12-31": "353596.00000", "2016-12-31": "361164.00000", "2015-12-31": "354056.00000", "2014-12-31": "356255.00000", "2013-12-31": "296525.00000", "2012-12-31": "216655.00000", "2011-12-31": "141621.00000", "2010-12-31": "148095.00000", "2009-12-31": "111004.00000", "2008-12-31": "128080.00000", "2007-12-31": "25238.00000", "2006-12-31": "26713.00000", "2005-12-31": "31608.00000"}, "Receivables": {"2020-12-31": "", "2019-12-31": "", "2018-12-31": "", "2017-12-31": "", "2016-12-31": "", "2015-12-31": "", "2014-12-31": "", "2013-12-31": "", "2012-12-31": "", "2011-12-31": "", "2010-12-31": "", "2009-12-31": "", "2008-12-31": "", "2007-12-31": "", "2006-12-31": "", "2005-12-31": ""}, "Inventory": {"2020-12-31": "", "2019-12-31": "", "2018-12-31": "", "2017-12-31": "", "2016-12-31": "", "2015-12-31": "", "2014-12-31": "", "2013-12-31": "", "2012-12-31": "", "2011-12-31": "", "2010-12-31": "", "2009-12-31": "", "2008-12-31": "", "2007-12-31": "", "2006-12-31": "", "2005-12-31": ""}, "Pre-Paid Expenses": {"2020-12-31": "", "2019-12-31": "", "2018-12-31": "", "2017-12-31": "", "2016-12-31": "", "2015-12-31": "", "2014-12-31": "", "2013-12-31": "", "2012-12-31": "", "2011-12-31": "", "2010-12-31": "", "2009-12-31": "", "2008-12-31": "", "2007-12-31": "", "2006-12-31": "", "2005-12-31": ""}, "Other Current Assets": {"2020-12-31": "", "2019-12-31": "", "2018-12-31": "", "2017-12-31": "", "2016-12-31": "", "2015-12-31": "", "2014-12-31": "", "2013-12-31": "", "2012-12-31": "", "2011-12-31": "", "2010-12-31": "", "2009-12-31": "", "2008-12-31": "", "2007-12-31": "", "2006-12-31": "", "2005-12-31": ""}, "Total Current Assets": {"2020-12-31": "1310884.00000", "2019-12-31": "1300156.00000", "2018-12-31": "1283985.00000", "2017-12-31": "1320563.00000", "2016-12-31": "1343738.00000", "2015-12-31": "1278952.00000", "2014-12-31": "1226745.00000", "2013-12-31": "1121205.00000", "2012-12-31": "1046428.00000", "2011-12-31": "941575.00000", "2010-12-31": "935393.00000", "2009-12-31": "914085.00000", "2008-12-31": "998213.00000", "2007-12-31": "429889.00000", "2006-12-31": "375883.00000", "2005-12-31": "379720.00000"}, "Property, Plant, And Equipment": {"2020-12-31": "8895.00000", "2019-12-31": "9309.00000", "2018-12-31": "8920.00000", "2017-12-31": "8847.00000", "2016-12-31": "8333.00000", "2015-12-31": "8704.00000", "2014-12-31": "8743.00000", "2013-12-31": "9156.00000", "2012-12-31": "9428.00000", "2011-12-31": "9531.00000", "2010-12-31": "9644.00000", "2009-12-31": "10736.00000", "2008-12-31": "11269.00000", "2007-12-31": "5122.00000", "2006-12-31": "4698.00000", "2005-12-31": "4417.00000"}, "Long-Term Investments": {"2020-12-31": "488372.00000", "2019-12-31": "485633.00000", "2018-12-31": "469848.00000", "2017-12-31": "478239.00000", "2016-12-31": "407947.00000", "2015-12-31": "347555.00000", "2014-12-31": "312925.00000", "2013-12-31": "264353.00000", "2012-12-31": "235199.00000", "2011-12-31": "222613.00000", "2010-12-31": "172654.00000", "2009-12-31": "172710.00000", "2008-12-31": "151569.00000", "2007-12-31": "72951.00000", "2006-12-31": "42629.00000", "2005-12-31": "41834.00000"}, "Goodwill And Intangible Assets": {"2020-12-31": "33829.00000", "2019-12-31": "39337.00000", "2018-12-31": "42510.00000", "2017-12-31": "41636.00000", "2016-12-31": "41058.00000", "2015-12-31": "39252.00000", "2014-12-31": "39685.00000", "2013-12-31": "42446.00000", "2012-12-31": "38335.00000", "2011-12-31": "39126.00000", "2010-12-31": "40656.00000", "2009-12-31": "41935.00000", "2008-12-31": "38787.00000", "2007-12-31": "30335.00000", "2006-12-31": "29243.00000", "2005-12-31": "23298.00000"}, "Other Long-Term Assets": {"2020-12-31": "113183.00000", "2019-12-31": "93120.00000", "2018-12-31": "90620.00000", "2017-12-31": "102472.00000", "2016-12-31": "129039.00000", "2015-12-31": "113169.00000", "2014-12-31": "99057.00000", "2013-12-31": "86342.00000", "2012-12-31": "93578.00000", "2011-12-31": "101022.00000", "2010-12-31": "99781.00000", "2009-12-31": "104180.00000", "2008-12-31": "109801.00000", "2007-12-31": "37145.00000", "2006-12-31": "29543.00000", "2005-12-31": "32472.00000"}, "Total Long-Term Assets": {"2020-12-31": "644279.00000", "2019-12-31": "627399.00000", "2018-12-31": "611898.00000", "2017-12-31": "631194.00000", "2016-12-31": "586377.00000", "2015-12-31": "508680.00000", "2014-12-31": "460410.00000", "2013-12-31": "402297.00000", "2012-12-31": "376540.00000", "2011-12-31": "372292.00000", "2010-12-31": "322735.00000", "2009-12-31": "329561.00000", "2008-12-31": "311426.00000", "2007-12-31": "145553.00000", "2006-12-31": "106113.00000", "2005-12-31": "102021.00000"}, "Total Assets": {"2020-12-31": "1955163.00000", "2019-12-31": "1927555.00000", "2018-12-31": "1895883.00000", "2017-12-31": "1951757.00000", "2016-12-31": "1930115.00000", "2015-12-31": "1787632.00000", "2014-12-31": "1687155.00000", "2013-12-31": "1523502.00000", "2012-12-31": "1422968.00000", "2011-12-31": "1313867.00000", "2010-12-31": "1258128.00000", "2009-12-31": "1243646.00000", "2008-12-31": "1309639.00000", "2007-12-31": "575442.00000", "2006-12-31": "481996.00000", "2005-12-31": "481741.00000"}, "Total Current Liabilities": {"2020-12-31": "1539784.00000", "2019-12-31": "1502301.00000", "2018-12-31": "1461274.00000", "2017-12-31": "1509862.00000", "2016-12-31": "1460049.00000", "2015-12-31": "1380285.00000", "2014-12-31": "1317950.00000", "2013-12-31": "1199496.00000", "2012-12-31": "1136678.00000", "2011-12-31": "1046826.00000", "2010-12-31": "973256.00000", "2009-12-31": "925426.00000", "2008-12-31": "940165.00000", "2007-12-31": "428421.00000", "2006-12-31": "349037.00000", "2005-12-31": "361413.00000"}, "Long Term Debt": {"2020-12-31": "212950.00000", "2019-12-31": "228191.00000", "2018-12-31": "229044.00000", "2017-12-31": "225020.00000", "2016-12-31": "255077.00000", "2015-12-31": "199536.00000", "2014-12-31": "183943.00000", "2013-12-31": "152998.00000", "2012-12-31": "127379.00000", "2011-12-31": "125354.00000", "2010-12-31": "156983.00000", "2009-12-31": "203861.00000", "2008-12-31": "267158.00000", "2007-12-31": "99393.00000", "2006-12-31": "87145.00000", "2005-12-31": "79668.00000"}, "Other Non-Current Liabilities": {"2020-12-31": "16509.00000", "2019-12-31": "9079.00000", "2018-12-31": "8499.00000", "2017-12-31": "8796.00000", "2016-12-31": "14492.00000", "2015-12-31": "13920.00000", "2014-12-31": "", "2013-12-31": "", "2012-12-31": "", "2011-12-31": "", "2010-12-31": "", "2009-12-31": "", "2008-12-31": "", "2007-12-31": "", "2006-12-31": "", "2005-12-31": ""}, "Total Long Term Liabilities": {"2020-12-31": "229459.00000", "2019-12-31": "237270.00000", "2018-12-31": "237543.00000", "2017-12-31": "233816.00000", "2016-12-31": "269569.00000", "2015-12-31": "213456.00000", "2014-12-31": "183943.00000", "2013-12-31": "152998.00000", "2012-12-31": "127379.00000", "2011-12-31": "125354.00000", "2010-12-31": "156983.00000", "2009-12-31": "203861.00000", "2008-12-31": "267158.00000", "2007-12-31": "99393.00000", "2006-12-31": "87145.00000", "2005-12-31": "79668.00000"}, "Total Liabilities": {"2020-12-31": "1769243.00000", "2019-12-31": "1739571.00000", "2018-12-31": "1698817.00000", "2017-12-31": "1743678.00000", "2016-12-31": "1729618.00000", "2015-12-31": "1593741.00000", "2014-12-31": "1501893.00000", "2013-12-31": "1352494.00000", "2012-12-31": "1264057.00000", "2011-12-31": "1172180.00000", "2010-12-31": "1130239.00000", "2009-12-31": "1129287.00000", "2008-12-31": "1207323.00000", "2007-12-31": "527814.00000", "2006-12-31": "436182.00000", "2005-12-31": "441081.00000"}, "Common Stock Net": {"2020-12-31": "9136.00000", "2019-12-31": "9136.00000", "2018-12-31": "9136.00000", "2017-12-31": "9136.00000", "2016-12-31": "9136.00000", "2015-12-31": "9136.00000", "2014-12-31": "9136.00000", "2013-12-31": "9136.00000", "2012-12-31": "9136.00000", "2011-12-31": "8931.00000", "2010-12-31": "8787.00000", "2009-12-31": "8743.00000", "2008-12-31": "7273.00000", "2007-12-31": "5788.00000", "2006-12-31": "5788.00000", "2005-12-31": "5788.00000"}, "Retained Earnings (Accumulated Deficit)": {"2020-12-31": "162890.00000", "2019-12-31": "166697.00000", "2018-12-31": "158163.00000", "2017-12-31": "145263.00000", "2016-12-31": "133075.00000", "2015-12-31": "120866.00000", "2014-12-31": "107040.00000", "2013-12-31": "92361.00000", "2012-12-31": "77679.00000", "2011-12-31": "64385.00000", "2010-12-31": "51918.00000", "2009-12-31": "41563.00000", "2008-12-31": "36543.00000", "2007-12-31": "38970.00000", "2006-12-31": "35215.00000", "2005-12-31": "30580.00000"}, "Comprehensive Income": {"2020-12-31": "194.00000", "2019-12-31": "-1311.00000", "2018-12-31": "-6336.00000", "2017-12-31": "-2144.00000", "2016-12-31": "-3137.00000", "2015-12-31": "297.00000", "2014-12-31": "3518.00000", "2013-12-31": "1386.00000", "2012-12-31": "5650.00000", "2011-12-31": "3207.00000", "2010-12-31": "4738.00000", "2009-12-31": "3009.00000", "2008-12-31": "-6869.00000", "2007-12-31": "725.00000", "2006-12-31": "302.00000", "2005-12-31": "665.00000"}, "Other Share Holders Equity": {"2020-12-31": "", "2019-12-31": "", "2018-12-31": "", "2017-12-31": "", "2016-12-31": "", "2015-12-31": "", "2014-12-31": "", "2013-12-31": "", "2012-12-31": "", "2011-12-31": "", "2010-12-31": "", "2009-12-31": "", "2008-12-31": "", "2007-12-31": "", "2006-12-31": "", "2005-12-31": ""}, "Share Holder Equity": {"2020-12-31": "185920.00000", "2019-12-31": "187984.00000", "2018-12-31": "197066.00000", "2017-12-31": "208079.00000", "2016-12-31": "200497.00000", "2015-12-31": "193891.00000", "2014-12-31": "185262.00000", "2013-12-31": "171008.00000", "2012-12-31": "158911.00000", "2011-12-31": "141687.00000", "2010-12-31": "127889.00000", "2009-12-31": "114359.00000", "2008-12-31": "102316.00000", "2007-12-31": "47628.00000", "2006-12-31": "45814.00000", "2005-12-31": "40660.00000"}, "Total Liabilities And Share Holders Equity": {"2020-12-31": "1955163.00000", "2019-12-31": "1927555.00000", "2018-12-31": "1895883.00000", "2017-12-31": "1951757.00000", "2016-12-31": "1930115.00000", "2015-12-31": "1787632.00000", "2014-12-31": "1687155.00000", "2013-12-31": "1523502.00000", "2012-12-31": "1422968.00000", "2011-12-31": "1313867.00000", "2010-12-31": "1258128.00000", "2009-12-31": "1243646.00000", "2008-12-31": "1309639.00000", "2007-12-31": "575442.00000", "2006-12-31": "481996.00000", "2005-12-31": "481741.00000"}}, "balance sheet, quarterly": {"Cash On Hand": {"2020-12-31": "405379.00000", "2020-09-30": "389327.00000", "2020-06-30": "416471.00000", "2020-03-31": "317699.00000", "2019-12-31": "323123.00000", "2019-09-30": "330895.00000", "2019-06-30": "346754.00000", "2019-03-31": "317967.00000", "2018-12-31": "323483.00000", "2018-09-30": "308182.00000", "2018-06-30": "309235.00000", "2018-03-31": "335811.00000", "2017-12-31": "353596.00000", "2017-09-30": "380715.00000", "2017-06-30": "368561.00000", "2017-03-31": "408771.00000", "2016-12-31": "361164.00000", "2016-09-30": "403558.00000", "2016-06-30": "396021.00000", "2016-03-31": "392789.00000", "2015-12-31": "354056.00000", "2015-09-30": "346100.00000", "2015-06-30": "332170.00000", "2015-03-31": "390388.00000", "2014-12-31": "356255.00000", "2014-09-30": "347719.00000", "2014-06-30": "331028.00000", "2014-03-31": "306265.00000", "2013-12-31": "296525.00000", "2013-09-30": "261167.00000", "2013-06-30": "225223.00000", "2013-03-31": "222295.00000", "2012-12-31": "216655.00000", "2012-09-30": "178020.00000", "2012-06-30": "155865.00000", "2012-03-31": "166839.00000", "2011-12-31": "141621.00000", "2011-09-30": "165904.00000", "2011-06-30": "167235.00000", "2011-03-31": "167909.00000", "2010-12-31": "148095.00000", "2010-09-30": "121821.00000", "2010-06-30": "138601.00000", "2010-03-31": "117521.00000", "2009-12-31": "111004.00000", "2009-09-30": "77922.00000", "2009-06-30": "76718.00000", "2009-03-31": "87308.00000", "2008-12-31": "128080.00000", "2008-09-30": "30051.00000", "2008-06-30": "27379.00000", "2008-03-31": "26210.00000", "2007-12-31": "25238.00000", "2007-09-30": "24044.00000", "2007-06-30": "25166.00000", "2007-03-31": "23678.00000", "2006-12-31": "26713.00000", "2006-09-30": "21970.00000", "2006-06-30": "26780.00000", "2006-03-31": "28108.00000", "2005-12-31": "31608.00000", "2005-09-30": "28269.00000", "2005-06-30": "27642.00000", "2005-03-31": "26738.00000"}, "Receivables": {"2020-12-31": "", "2020-09-30": "", "2020-06-30": "", "2020-03-31": "", "2019-12-31": "", "2019-09-30": "", "2019-06-30": "", "2019-03-31": "", "2018-12-31": "", "2018-09-30": "", "2018-06-30": "", "2018-03-31": "", "2017-12-31": "", "2017-09-30": "", "2017-06-30": "", "2017-03-31": "", "2016-12-31": "", "2016-09-30": "", "2016-06-30": "", "2016-03-31": "", "2015-12-31": "", "2015-09-30": "", "2015-06-30": "", "2015-03-31": "", "2014-12-31": "", "2014-09-30": "", "2014-06-30": "", "2014-03-31": "", "2013-12-31": "", "2013-09-30": "", "2013-06-30": "", "2013-03-31": "", "2012-12-31": "", "2012-09-30": "", "2012-06-30": "", "2012-03-31": "", "2011-12-31": "", "2011-09-30": "", "2011-06-30": "", "2011-03-31": "", "2010-12-31": "", "2010-09-30": "", "2010-06-30": "", "2010-03-31": "", "2009-12-31": "", "2009-09-30": "", "2009-06-30": "", "2009-03-31": "", "2008-12-31": "", "2008-09-30": "", "2008-06-30": "", "2008-03-31": "", "2007-12-31": "", "2007-09-30": "", "2007-06-30": "", "2007-03-31": "", "2006-12-31": "", "2006-09-30": "", "2006-06-30": "", "2006-03-31": "", "2005-12-31": "", "2005-09-30": "", "2005-06-30": "", "2005-03-31": ""}, "Inventory": {"2020-12-31": "", "2020-09-30": "", "2020-06-30": "", "2020-03-31": "", "2019-12-31": "", "2019-09-30": "", "2019-06-30": "", "2019-03-31": "", "2018-12-31": "", "2018-09-30": "", "2018-06-30": "", "2018-03-31": "", "2017-12-31": "", "2017-09-30": "", "2017-06-30": "", "2017-03-31": "", "2016-12-31": "", "2016-09-30": "", "2016-06-30": "", "2016-03-31": "", "2015-12-31": "", "2015-09-30": "", "2015-06-30": "", "2015-03-31": "", "2014-12-31": "", "2014-09-30": "", "2014-06-30": "", "2014-03-31": "", "2013-12-31": "", "2013-09-30": "", "2013-06-30": "", "2013-03-31": "", "2012-12-31": "", "2012-09-30": "", "2012-06-30": "", "2012-03-31": "", "2011-12-31": "", "2011-09-30": "", "2011-06-30": "", "2011-03-31": "", "2010-12-31": "", "2010-09-30": "", "2010-06-30": "", "2010-03-31": "", "2009-12-31": "", "2009-09-30": "", "2009-06-30": "", "2009-03-31": "", "2008-12-31": "", "2008-09-30": "", "2008-06-30": "", "2008-03-31": "", "2007-12-31": "", "2007-09-30": "", "2007-06-30": "", "2007-03-31": "", "2006-12-31": "", "2006-09-30": "", "2006-06-30": "", "2006-03-31": "", "2005-12-31": "", "2005-09-30": "", "2005-06-30": "", "2005-03-31": ""}, "Pre-Paid Expenses": {"2020-12-31": "", "2020-09-30": "", "2020-06-30": "", "2020-03-31": "", "2019-12-31": "", "2019-09-30": "", "2019-06-30": "", "2019-03-31": "", "2018-12-31": "", "2018-09-30": "", "2018-06-30": "", "2018-03-31": "", "2017-12-31": "", "2017-09-30": "", "2017-06-30": "", "2017-03-31": "", "2016-12-31": "", "2016-09-30": "", "2016-06-30": "", "2016-03-31": "", "2015-12-31": "", "2015-09-30": "", "2015-06-30": "", "2015-03-31": "", "2014-12-31": "", "2014-09-30": "", "2014-06-30": "", "2014-03-31": "", "2013-12-31": "", "2013-09-30": "", "2013-06-30": "", "2013-03-31": "", "2012-12-31": "", "2012-09-30": "", "2012-06-30": "", "2012-03-31": "", "2011-12-31": "", "2011-09-30": "", "2011-06-30": "", "2011-03-31": "", "2010-12-31": "", "2010-09-30": "", "2010-06-30": "", "2010-03-31": "", "2009-12-31": "", "2009-09-30": "", "2009-06-30": "", "2009-03-31": "", "2008-12-31": "", "2008-09-30": "", "2008-06-30": "", "2008-03-31": "", "2007-12-31": "", "2007-09-30": "", "2007-06-30": "", "2007-03-31": "", "2006-12-31": "", "2006-09-30": "", "2006-06-30": "", "2006-03-31": "", "2005-12-31": "", "2005-09-30": "", "2005-06-30": "", "2005-03-31": ""}, "Other Current Assets": {"2020-12-31": "", "2020-09-30": "", "2020-06-30": "", "2020-03-31": "", "2019-12-31": "", "2019-09-30": "", "2019-06-30": "", "2019-03-31": "", "2018-12-31": "", "2018-09-30": "", "2018-06-30": "", "2018-03-31": "", "2017-12-31": "", "2017-09-30": "", "2017-06-30": "", "2017-03-31": "", "2016-12-31": "", "2016-09-30": "", "2016-06-30": "", "2016-03-31": "", "2015-12-31": "", "2015-09-30": "", "2015-06-30": "", "2015-03-31": "", "2014-12-31": "", "2014-09-30": "", "2014-06-30": "", "2014-03-31": "", "2013-12-31": "", "2013-09-30": "", "2013-06-30": "", "2013-03-31": "", "2012-12-31": "", "2012-09-30": "", "2012-06-30": "", "2012-03-31": "", "2011-12-31": "", "2011-09-30": "", "2011-06-30": "", "2011-03-31": "", "2010-12-31": "", "2010-09-30": "", "2010-06-30": "", "2010-03-31": "", "2009-12-31": "", "2009-09-30": "", "2009-06-30": "", "2009-03-31": "", "2008-12-31": "", "2008-09-30": "", "2008-06-30": "", "2008-03-31": "", "2007-12-31": "", "2007-09-30": "", "2007-06-30": "", "2007-03-31": "", "2006-12-31": "", "2006-09-30": "", "2006-06-30": "", "2006-03-31": "", "2005-12-31": "", "2005-09-30": "", "2005-06-30": "", "2005-03-31": ""}, "Total Current Assets": {"2020-12-31": "1310884.00000", "2020-09-30": "1314950.00000", "2020-06-30": "1366394.00000", "2020-03-31": "1339957.00000", "2019-12-31": "1300156.00000", "2019-09-30": "1303075.00000", "2019-06-30": "1311119.00000", "2019-03-31": "1272350.00000", "2018-12-31": "1283985.00000", "2018-09-30": "1261451.00000", "2018-06-30": "1268224.00000", "2018-03-31": "1294271.00000", "2017-12-31": "1320563.00000", "2017-09-30": "1341676.00000", "2017-06-30": "1339874.00000", "2017-03-31": "1374083.00000", "2016-12-31": "1343738.00000", "2016-09-30": "1380907.00000", "2016-06-30": "1365664.00000", "2016-03-31": "1346747.00000", "2015-12-31": "1278952.00000", "2015-09-30": "1259944.00000", "2015-06-30": "1234943.00000", "2015-03-31": "1263730.00000", "2014-12-31": "1226745.00000", "2014-09-30": "1203391.00000", "2014-06-30": "1177695.00000", "2014-03-31": "1135337.00000", "2013-12-31": "1121205.00000", "2013-09-30": "1083932.00000", "2013-06-30": "1050028.00000", "2013-03-31": "1052446.00000", "2012-12-31": "1046428.00000", "2012-09-30": "993900.00000", "2012-06-30": "964059.00000", "2012-03-31": "958915.00000", "2011-12-31": "941575.00000", "2011-09-30": "949418.00000", "2011-06-30": "931029.00000", "2011-03-31": "931630.00000", "2010-12-31": "935393.00000", "2010-09-30": "898735.00000", "2010-06-30": "922862.00000", "2010-03-31": "913705.00000", "2009-12-31": "914085.00000", "2009-09-30": "895230.00000", "2009-06-30": "922701.00000", "2009-03-31": "953719.00000", "2008-12-31": "998213.00000", "2008-09-30": "452609.00000", "2008-06-30": "445155.00000", "2008-03-31": "437261.00000", "2007-12-31": "429889.00000", "2007-09-30": "413847.00000", "2007-06-30": "399613.00000", "2007-03-31": "378508.00000", "2006-12-31": "375883.00000", "2006-09-30": "366192.00000", "2006-06-30": "363859.00000", "2006-03-31": "375089.00000", "2005-12-31": "379720.00000", "2005-09-30": "367320.00000", "2005-06-30": "357990.00000", "2005-03-31": "354036.00000"}, "Property, Plant, And Equipment": {"2020-12-31": "8895.00000", "2020-09-30": "8977.00000", "2020-06-30": "9025.00000", "2020-03-31": "9108.00000", "2019-12-31": "9309.00000", "2019-09-30": "9315.00000", "2019-06-30": "9435.00000", "2019-03-31": "8825.00000", "2018-12-31": "8920.00000", "2018-09-30": "8802.00000", "2018-06-30": "8882.00000", "2018-03-31": "8828.00000", "2017-12-31": "8847.00000", "2017-09-30": "8449.00000", "2017-06-30": "8403.00000", "2017-03-31": "8320.00000", "2016-12-31": "8333.00000", "2016-09-30": "8322.00000", "2016-06-30": "8289.00000", "2016-03-31": "8349.00000", "2015-12-31": "8704.00000", "2015-09-30": "8800.00000", "2015-06-30": "8692.00000", "2015-03-31": "8696.00000", "2014-12-31": "8743.00000", "2014-09-30": "8768.00000", "2014-06-30": "8977.00000", "2014-03-31": "9020.00000", "2013-12-31": "9156.00000", "2013-09-30": "9120.00000", "2013-06-30": "9190.00000", "2013-03-31": "9263.00000", "2012-12-31": "9428.00000", "2012-09-30": "9165.00000", "2012-06-30": "9317.00000", "2012-03-31": "9291.00000", "2011-12-31": "9531.00000", "2011-09-30": "9607.00000", "2011-06-30": "9613.00000", "2011-03-31": "9545.00000", "2010-12-31": "9644.00000", "2010-09-30": "9636.00000", "2010-06-30": "10508.00000", "2010-03-31": "10405.00000", "2009-12-31": "10736.00000", "2009-09-30": "11040.00000", "2009-06-30": "11151.00000", "2009-03-31": "11215.00000", "2008-12-31": "11269.00000", "2008-09-30": "5054.00000", "2008-06-30": "5033.00000", "2008-03-31": "5056.00000", "2007-12-31": "5122.00000", "2007-09-30": "5002.00000", "2007-06-30": "4973.00000", "2007-03-31": "4864.00000", "2006-12-31": "4698.00000", "2006-09-30": "4645.00000", "2006-06-30": "4529.00000", "2006-03-31": "4493.00000", "2005-12-31": "4417.00000", "2005-09-30": "4223.00000", "2005-06-30": "4156.00000", "2005-03-31": "3898.00000"}, "Long-Term Investments": {"2020-12-31": "488372.00000", "2020-09-30": "454337.00000", "2020-06-30": "450395.00000", "2020-03-31": "475185.00000", "2019-12-31": "485633.00000", "2019-09-30": "488299.00000", "2019-06-30": "473396.00000", "2019-03-31": "471529.00000", "2018-12-31": "469848.00000", "2018-09-30": "468850.00000", "2018-06-30": "467398.00000", "2018-03-31": "472037.00000", "2017-12-31": "478239.00000", "2017-09-30": "414633.00000", "2017-06-30": "409594.00000", "2017-03-31": "407560.00000", "2016-12-31": "407947.00000", "2016-09-30": "390832.00000", "2016-06-30": "353426.00000", "2016-03-31": "334899.00000", "2015-12-31": "347555.00000", "2015-09-30": "345074.00000", "2015-06-30": "340769.00000", "2015-03-31": "324736.00000", "2014-12-31": "312925.00000", "2014-09-30": "289009.00000", "2014-06-30": "279069.00000", "2014-03-31": "270327.00000", "2013-12-31": "264353.00000", "2013-09-30": "259399.00000", "2013-06-30": "249439.00000", "2013-03-31": "248160.00000", "2012-12-31": "235199.00000", "2012-09-30": "229350.00000", "2012-06-30": "226846.00000", "2012-03-31": "230266.00000", "2011-12-31": "222613.00000", "2011-09-30": "207176.00000", "2011-06-30": "186298.00000", "2011-03-31": "167906.00000", "2010-12-31": "172654.00000", "2010-09-30": "176875.00000", "2010-06-30": "157927.00000", "2010-03-31": "162487.00000", "2009-12-31": "172710.00000", "2009-09-30": "183814.00000", "2009-06-30": "206795.00000", "2009-03-31": "178468.00000", "2008-12-31": "151569.00000", "2008-09-30": "86882.00000", "2008-06-30": "91331.00000", "2008-03-31": "81787.00000", "2007-12-31": "72951.00000", "2007-09-30": "57440.00000", "2007-06-30": "72179.00000", "2007-03-31": "45443.00000", "2006-12-31": "42629.00000", "2006-09-30": "52635.00000", "2006-06-30": "71420.00000", "2006-03-31": "51195.00000", "2005-12-31": "41834.00000", "2005-09-30": "34480.00000", "2005-06-30": "29216.00000", "2005-03-31": "31685.00000"}, "Goodwill And Intangible Assets": {"2020-12-31": "33829.00000", "2020-09-30": "34067.00000", "2020-06-30": "34565.00000", "2020-03-31": "35913.00000", "2019-12-31": "39337.00000", "2019-09-30": "38857.00000", "2019-06-30": "39918.00000", "2019-03-31": "41183.00000", "2018-12-31": "42510.00000", "2018-09-30": "43819.00000", "2018-06-30": "43247.00000", "2018-03-31": "42897.00000", "2017-12-31": "41636.00000", "2017-09-30": "41325.00000", "2017-06-30": "40761.00000", "2017-03-31": "41276.00000", "2016-12-31": "41058.00000", "2016-09-30": "38476.00000", "2016-06-30": "38712.00000", "2016-03-31": "39695.00000", "2015-12-31": "39252.00000", "2015-09-30": "38739.00000", "2015-06-30": "39628.00000", "2015-03-31": "38696.00000", "2014-12-31": "39685.00000", "2014-09-30": "40960.00000", "2014-06-30": "40801.00000", "2014-03-31": "41809.00000", "2013-12-31": "42446.00000", "2013-09-30": "41342.00000", "2013-06-30": "40998.00000", "2013-03-31": "38879.00000", "2012-12-31": "38335.00000", "2012-09-30": "37737.00000", "2012-06-30": "38617.00000", "2012-03-31": "39792.00000", "2011-12-31": "39126.00000", "2011-09-30": "38807.00000", "2011-06-30": "40976.00000", "2011-03-31": "41848.00000", "2010-12-31": "40656.00000", "2010-09-30": "38330.00000", "2010-06-30": "39108.00000", "2010-03-31": "41432.00000", "2009-12-31": "41935.00000", "2009-09-30": "39714.00000", "2009-06-30": "41514.00000", "2009-03-31": "37473.00000", "2008-12-31": "38787.00000", "2008-09-30": "33137.00000", "2008-06-30": "32966.00000", "2008-03-31": "28559.00000", "2007-12-31": "30335.00000", "2007-09-30": "30701.00000", "2007-06-30": "31134.00000", "2007-03-31": "29454.00000", "2006-12-31": "29243.00000", "2006-09-30": "29232.00000", "2006-06-30": "26916.00000", "2006-03-31": "24992.00000", "2005-12-31": "23298.00000", "2005-09-30": "21487.00000", "2005-06-30": "19145.00000", "2005-03-31": "19617.00000"}, "Other Long-Term Assets": {"2020-12-31": "113183.00000", "2020-09-30": "109889.00000", "2020-06-30": "108387.00000", "2020-03-31": "121186.00000", "2019-12-31": "93120.00000", "2019-09-30": "104404.00000", "2019-06-30": "89520.00000", "2019-03-31": "93905.00000", "2018-12-31": "90620.00000", "2018-09-30": "90059.00000", "2018-06-30": "91949.00000", "2018-03-31": "97355.00000", "2017-12-31": "102472.00000", "2017-09-30": "128856.00000", "2017-06-30": "132239.00000", "2017-03-31": "120325.00000", "2016-12-31": "129039.00000", "2016-09-30": "123587.00000", "2016-06-30": "123144.00000", "2016-03-31": "119492.00000", "2015-12-31": "113169.00000", "2015-09-30": "98708.00000", "2015-06-30": "96585.00000", "2015-03-31": "101879.00000", "2014-12-31": "99057.00000", "2014-09-30": "94727.00000", "2014-06-30": "92332.00000", "2014-03-31": "90214.00000", "2013-12-31": "86342.00000", "2013-09-30": "94262.00000", "2013-06-30": "90908.00000", "2013-03-31": "87886.00000", "2012-12-31": "93578.00000", "2012-09-30": "104563.00000", "2012-06-30": "97365.00000", "2012-03-31": "95535.00000", "2011-12-31": "101022.00000", "2011-09-30": "99937.00000", "2011-06-30": "91818.00000", "2011-03-31": "93737.00000", "2010-12-31": "99781.00000", "2010-09-30": "97208.00000", "2010-06-30": "95457.00000", "2010-03-31": "95601.00000", "2009-12-31": "104180.00000", "2009-09-30": "98827.00000", "2009-06-30": "102015.00000", "2009-03-31": "105016.00000", "2008-12-31": "109801.00000", "2008-09-30": "44679.00000", "2008-06-30": "34589.00000", "2008-03-31": "42558.00000", "2007-12-31": "37145.00000", "2007-09-30": "41737.00000", "2007-06-30": "31966.00000", "2007-03-31": "27632.00000", "2006-12-31": "29543.00000", "2006-09-30": "30737.00000", "2006-06-30": "32792.00000", "2006-03-31": "36659.00000", "2005-12-31": "32472.00000", "2005-09-30": "25984.00000", "2005-06-30": "24474.00000", "2005-03-31": "26407.00000"}, "Total Long-Term Assets": {"2020-12-31": "644279.00000", "2020-09-30": "607270.00000", "2020-06-30": "602372.00000", "2020-03-31": "641392.00000", "2019-12-31": "627399.00000", "2019-09-30": "640875.00000", "2019-06-30": "612269.00000", "2019-03-31": "615442.00000", "2018-12-31": "611898.00000", "2018-09-30": "611530.00000", "2018-06-30": "611476.00000", "2018-03-31": "621117.00000", "2017-12-31": "631194.00000", "2017-09-30": "593263.00000", "2017-06-30": "590997.00000", "2017-03-31": "577481.00000", "2016-12-31": "586377.00000", "2016-09-30": "561217.00000", "2016-06-30": "523571.00000", "2016-03-31": "502435.00000", "2015-12-31": "508680.00000", "2015-09-30": "491321.00000", "2015-06-30": "485674.00000", "2015-03-31": "474007.00000", "2014-12-31": "460410.00000", "2014-09-30": "433464.00000", "2014-06-30": "421179.00000", "2014-03-31": "411370.00000", "2013-12-31": "402297.00000", "2013-09-30": "404123.00000", "2013-06-30": "390535.00000", "2013-03-31": "384188.00000", "2012-12-31": "376540.00000", "2012-09-30": "380815.00000", "2012-06-30": "372145.00000", "2012-03-31": "374884.00000", "2011-12-31": "372292.00000", "2011-09-30": "355527.00000", "2011-06-30": "328705.00000", "2011-03-31": "313036.00000", "2010-12-31": "322735.00000", "2010-09-30": "322049.00000", "2010-06-30": "303000.00000", "2010-03-31": "309925.00000", "2009-12-31": "329561.00000", "2009-09-30": "333395.00000", "2009-06-30": "361475.00000", "2009-03-31": "332172.00000", "2008-12-31": "311426.00000", "2008-09-30": "169752.00000", "2008-06-30": "163919.00000", "2008-03-31": "157960.00000", "2007-12-31": "145553.00000", "2007-09-30": "134880.00000", "2007-06-30": "140252.00000", "2007-03-31": "107393.00000", "2006-12-31": "106113.00000", "2006-09-30": "117249.00000", "2006-06-30": "135657.00000", "2006-03-31": "117339.00000", "2005-12-31": "102021.00000", "2005-09-30": "86174.00000", "2005-06-30": "76991.00000", "2005-03-31": "81607.00000"}, "Total Assets": {"2020-12-31": "1955163.00000", "2020-09-30": "1922220.00000", "2020-06-30": "1968766.00000", "2020-03-31": "1981349.00000", "2019-12-31": "1927555.00000", "2019-09-30": "1943950.00000", "2019-06-30": "1923388.00000", "2019-03-31": "1887792.00000", "2018-12-31": "1895883.00000", "2018-09-30": "1872981.00000", "2018-06-30": "1879700.00000", "2018-03-31": "1915388.00000", "2017-12-31": "1951757.00000", "2017-09-30": "1934939.00000", "2017-06-30": "1930871.00000", "2017-03-31": "1951564.00000", "2016-12-31": "1930115.00000", "2016-09-30": "1942124.00000", "2016-06-30": "1889235.00000", "2016-03-31": "1849182.00000", "2015-12-31": "1787632.00000", "2015-09-30": "1751265.00000", "2015-06-30": "1720617.00000", "2015-03-31": "1737737.00000", "2014-12-31": "1687155.00000", "2014-09-30": "1636855.00000", "2014-06-30": "1598874.00000", "2014-03-31": "1546707.00000", "2013-12-31": "1523502.00000", "2013-09-30": "1488055.00000", "2013-06-30": "1440563.00000", "2013-03-31": "1436634.00000", "2012-12-31": "1422968.00000", "2012-09-30": "1374715.00000", "2012-06-30": "1336204.00000", "2012-03-31": "1333799.00000", "2011-12-31": "1313867.00000", "2011-09-30": "1304945.00000", "2011-06-30": "1259734.00000", "2011-03-31": "1244666.00000", "2010-12-31": "1258128.00000", "2010-09-30": "1220784.00000", "2010-06-30": "1225862.00000", "2010-03-31": "1223630.00000", "2009-12-31": "1243646.00000", "2009-09-30": "1228625.00000", "2009-06-30": "1284176.00000", "2009-03-31": "1285891.00000", "2008-12-31": "1309639.00000", "2008-09-30": "622361.00000", "2008-06-30": "609074.00000", "2008-03-31": "595221.00000", "2007-12-31": "575442.00000", "2007-09-30": "548727.00000", "2007-06-30": "539865.00000", "2007-03-31": "485901.00000", "2006-12-31": "481996.00000", "2006-09-30": "483441.00000", "2006-06-30": "499516.00000", "2006-03-31": "492428.00000", "2005-12-31": "481741.00000", "2005-09-30": "453494.00000", "2005-06-30": "434981.00000", "2005-03-31": "435643.00000"}, "Total Current Liabilities": {"2020-12-31": "1539784.00000", "2020-09-30": "1510710.00000", "2020-06-30": "1546355.00000", "2020-03-31": "1545059.00000", "2019-12-31": "1502301.00000", "2019-09-30": "1508935.00000", "2019-06-30": "1473476.00000", "2019-03-31": "1445327.00000", "2018-12-31": "1461274.00000", "2018-09-30": "1443393.00000", "2018-06-30": "1445840.00000", "2018-03-31": "1474293.00000", "2017-12-31": "1509862.00000", "2017-09-30": "1479725.00000", "2017-06-30": "1474221.00000", "2017-03-31": "1480146.00000", "2016-12-31": "1460049.00000", "2016-09-30": "1483331.00000", "2016-06-30": "1442647.00000", "2016-03-31": "1422790.00000", "2015-12-31": "1380285.00000", "2015-09-30": "1371948.00000", "2015-06-30": "1350190.00000", "2015-03-31": "1364481.00000", "2014-12-31": "1317950.00000", "2014-09-30": "1269279.00000", "2014-06-30": "1249447.00000", "2014-03-31": "1216816.00000", "2013-12-31": "1199496.00000", "2013-09-30": "1168030.00000", "2013-06-30": "1153411.00000", "2013-03-31": "1147048.00000", "2012-12-31": "1136678.00000", "2012-09-30": "1087855.00000", "2012-06-30": "1061783.00000", "2012-03-31": "1057198.00000", "2011-12-31": "1046826.00000", "2011-09-30": "1032487.00000", "2011-06-30": "978946.00000", "2011-03-31": "961120.00000", "2010-12-31": "973256.00000", "2010-09-30": "932476.00000", "2010-06-30": "919392.00000", "2010-03-31": "905597.00000", "2009-12-31": "925426.00000", "2009-09-30": "885409.00000", "2009-06-30": "933378.00000", "2009-03-31": "928184.00000", "2008-12-31": "940165.00000", "2008-09-30": "468054.00000", "2008-06-30": "457182.00000", "2008-03-31": "443607.00000", "2007-12-31": "428421.00000", "2007-09-30": "405569.00000", "2007-06-30": "398796.00000", "2007-03-31": "349501.00000", "2006-12-31": "349037.00000", "2006-09-30": "354488.00000", "2006-06-30": "373865.00000", "2006-03-31": "365967.00000", "2005-12-31": "361413.00000", "2005-09-30": "335067.00000", "2005-06-30": "312848.00000", "2005-03-31": "320263.00000"}, "Long Term Debt": {"2020-12-31": "212950.00000", "2020-09-30": "215711.00000", "2020-06-30": "230921.00000", "2020-03-31": "237342.00000", "2019-12-31": "228191.00000", "2019-09-30": "230651.00000", "2019-06-30": "241476.00000", "2019-03-31": "236339.00000", "2018-12-31": "229044.00000", "2018-09-30": "221323.00000", "2018-06-30": "219284.00000", "2018-03-31": "227302.00000", "2017-12-31": "225020.00000", "2017-09-30": "238893.00000", "2017-06-30": "238869.00000", "2017-03-31": "256468.00000", "2016-12-31": "255077.00000", "2016-09-30": "254835.00000", "2016-06-30": "243927.00000", "2016-03-31": "227888.00000", "2015-12-31": "199536.00000", "2015-09-30": "185274.00000", "2015-06-30": "179751.00000", "2015-03-31": "183292.00000", "2014-12-31": "183943.00000", "2014-09-30": "184586.00000", "2014-06-30": "167878.00000", "2014-03-31": "153422.00000", "2013-12-31": "152998.00000", "2013-09-30": "151212.00000", "2013-06-30": "123375.00000", "2013-03-31": "126191.00000", "2012-12-31": "127379.00000", "2012-09-30": "130801.00000", "2012-06-30": "124984.00000", "2012-03-31": "129752.00000", "2011-12-31": "125354.00000", "2011-09-30": "133214.00000", "2011-06-30": "142872.00000", "2011-03-31": "148603.00000", "2010-12-31": "156983.00000", "2010-09-30": "163143.00000", "2010-06-30": "185072.00000", "2010-03-31": "199879.00000", "2009-12-31": "203861.00000", "2009-09-30": "214292.00000", "2009-06-30": "229416.00000", "2009-03-31": "250650.00000", "2008-12-31": "267158.00000", "2008-09-30": "107350.00000", "2008-06-30": "103928.00000", "2008-03-31": "103175.00000", "2007-12-31": "99393.00000", "2007-09-30": "95592.00000", "2007-06-30": "93830.00000", "2007-03-31": "90327.00000", "2006-12-31": "87145.00000", "2006-09-30": "84091.00000", "2006-06-30": "83757.00000", "2006-03-31": "84500.00000", "2005-12-31": "79668.00000", "2005-09-30": "78592.00000", "2005-06-30": "82855.00000", "2005-03-31": "76903.00000"}, "Other Non-Current Liabilities": {"2020-12-31": "16509.00000", "2020-09-30": "13767.00000", "2020-06-30": "11368.00000", "2020-03-31": "15618.00000", "2019-12-31": "9079.00000", "2019-09-30": "9948.00000", "2019-06-30": "8399.00000", "2019-03-31": "7393.00000", "2018-12-31": "8499.00000", "2018-09-30": "8586.00000", "2018-06-30": "8507.00000", "2018-03-31": "7883.00000", "2017-12-31": "8796.00000", "2017-09-30": "9497.00000", "2017-06-30": "11636.00000", "2017-03-31": "12461.00000", "2016-12-31": "14492.00000", "2016-09-30": "", "2016-06-30": "", "2016-03-31": "", "2015-12-31": "13920.00000", "2015-09-30": "", "2015-06-30": "", "2015-03-31": "", "2014-12-31": "", "2014-09-30": "", "2014-06-30": "", "2014-03-31": "", "2013-12-31": "", "2013-09-30": "", "2013-06-30": "", "2013-03-31": "", "2012-12-31": "", "2012-09-30": "", "2012-06-30": "", "2012-03-31": "", "2011-12-31": "", "2011-09-30": "", "2011-06-30": "", "2011-03-31": "", "2010-12-31": "", "2010-09-30": "", "2010-06-30": "", "2010-03-31": "", "2009-12-31": "", "2009-09-30": "", "2009-06-30": "", "2009-03-31": "", "2008-12-31": "", "2008-09-30": "", "2008-06-30": "", "2008-03-31": "", "2007-12-31": "", "2007-09-30": "", "2007-06-30": "", "2007-03-31": "", "2006-12-31": "", "2006-09-30": "", "2006-06-30": "", "2006-03-31": "", "2005-12-31": "", "2005-09-30": "", "2005-06-30": "", "2005-03-31": ""}, "Total Long Term Liabilities": {"2020-12-31": "229459.00000", "2020-09-30": "229478.00000", "2020-06-30": "242289.00000", "2020-03-31": "252960.00000", "2019-12-31": "237270.00000", "2019-09-30": "240599.00000", "2019-06-30": "249875.00000", "2019-03-31": "243732.00000", "2018-12-31": "237543.00000", "2018-09-30": "229909.00000", "2018-06-30": "227791.00000", "2018-03-31": "235185.00000", "2017-12-31": "233816.00000", "2017-09-30": "248390.00000", "2017-06-30": "250505.00000", "2017-03-31": "268929.00000", "2016-12-31": "269569.00000", "2016-09-30": "254835.00000", "2016-06-30": "243927.00000", "2016-03-31": "227888.00000", "2015-12-31": "213456.00000", "2015-09-30": "185274.00000", "2015-06-30": "179751.00000", "2015-03-31": "183292.00000", "2014-12-31": "183943.00000", "2014-09-30": "184586.00000", "2014-06-30": "167878.00000", "2014-03-31": "153422.00000", "2013-12-31": "152998.00000", "2013-09-30": "151212.00000", "2013-06-30": "123375.00000", "2013-03-31": "126191.00000", "2012-12-31": "127379.00000", "2012-09-30": "130801.00000", "2012-06-30": "124984.00000", "2012-03-31": "129752.00000", "2011-12-31": "125354.00000", "2011-09-30": "133214.00000", "2011-06-30": "142872.00000", "2011-03-31": "148603.00000", "2010-12-31": "156983.00000", "2010-09-30": "163143.00000", "2010-06-30": "185072.00000", "2010-03-31": "199879.00000", "2009-12-31": "203861.00000", "2009-09-30": "214292.00000", "2009-06-30": "229416.00000", "2009-03-31": "250650.00000", "2008-12-31": "267158.00000", "2008-09-30": "107350.00000", "2008-06-30": "103928.00000", "2008-03-31": "103175.00000", "2007-12-31": "99393.00000", "2007-09-30": "95592.00000", "2007-06-30": "93830.00000", "2007-03-31": "90327.00000", "2006-12-31": "87145.00000", "2006-09-30": "84091.00000", "2006-06-30": "83757.00000", "2006-03-31": "84500.00000", "2005-12-31": "79668.00000", "2005-09-30": "78592.00000", "2005-06-30": "82855.00000", "2005-03-31": "76903.00000"}, "Total Liabilities": {"2020-12-31": "1769243.00000", "2020-09-30": "1740188.00000", "2020-06-30": "1788644.00000", "2020-03-31": "1798019.00000", "2019-12-31": "1739571.00000", "2019-09-30": "1749534.00000", "2019-06-30": "1723351.00000", "2019-03-31": "1689059.00000", "2018-12-31": "1698817.00000", "2018-09-30": "1673302.00000", "2018-06-30": "1673631.00000", "2018-03-31": "1709478.00000", "2017-12-31": "1743678.00000", "2017-09-30": "1728115.00000", "2017-06-30": "1724726.00000", "2017-03-31": "1749075.00000", "2016-12-31": "1729618.00000", "2016-09-30": "1738166.00000", "2016-06-30": "1686574.00000", "2016-03-31": "1650678.00000", "2015-12-31": "1593741.00000", "2015-09-30": "1557222.00000", "2015-06-30": "1529941.00000", "2015-03-31": "1547773.00000", "2014-12-31": "1501893.00000", "2014-09-30": "1453865.00000", "2014-06-30": "1417325.00000", "2014-03-31": "1370238.00000", "2013-12-31": "1352494.00000", "2013-09-30": "1319242.00000", "2013-06-30": "1276786.00000", "2013-03-31": "1273239.00000", "2012-12-31": "1264057.00000", "2012-09-30": "1218656.00000", "2012-06-30": "1186767.00000", "2012-03-31": "1186950.00000", "2011-12-31": "1172180.00000", "2011-09-30": "1165701.00000", "2011-06-30": "1121818.00000", "2011-03-31": "1109723.00000", "2010-12-31": "1130239.00000", "2010-09-30": "1095619.00000", "2010-06-30": "1104464.00000", "2010-03-31": "1105476.00000", "2009-12-31": "1129287.00000", "2009-09-30": "1099701.00000", "2009-06-30": "1162794.00000", "2009-03-31": "1178834.00000", "2008-12-31": "1207323.00000", "2008-09-30": "575404.00000", "2008-06-30": "561110.00000", "2008-03-31": "546782.00000", "2007-12-31": "527814.00000", "2007-09-30": "501161.00000", "2007-06-30": "492626.00000", "2007-03-31": "439828.00000", "2006-12-31": "436182.00000", "2006-09-30": "438579.00000", "2006-06-30": "457622.00000", "2006-03-31": "450467.00000", "2005-12-31": "441081.00000", "2005-09-30": "413659.00000", "2005-06-30": "395703.00000", "2005-03-31": "397166.00000"}, "Common Stock Net": {"2020-12-31": "9136.00000", "2020-09-30": "9136.00000", "2020-06-30": "9136.00000", "2020-03-31": "9136.00000", "2019-12-31": "9136.00000", "2019-09-30": "9136.00000", "2019-06-30": "9136.00000", "2019-03-31": "9136.00000", "2018-12-31": "9136.00000", "2018-09-30": "9136.00000", "2018-06-30": "9136.00000", "2018-03-31": "9136.00000", "2017-12-31": "9136.00000", "2017-09-30": "9136.00000", "2017-06-30": "9136.00000", "2017-03-31": "9136.00000", "2016-12-31": "9136.00000", "2016-09-30": "9136.00000", "2016-06-30": "9136.00000", "2016-03-31": "9136.00000", "2015-12-31": "9136.00000", "2015-09-30": "9136.00000", "2015-06-30": "9136.00000", "2015-03-31": "9136.00000", "2014-12-31": "9136.00000", "2014-09-30": "9136.00000", "2014-06-30": "9136.00000", "2014-03-31": "9136.00000", "2013-12-31": "9136.00000", "2013-09-30": "9136.00000", "2013-06-30": "9136.00000", "2013-03-31": "9136.00000", "2012-12-31": "9136.00000", "2012-09-30": "9105.00000", "2012-06-30": "9054.00000", "2012-03-31": "9008.00000", "2011-12-31": "8931.00000", "2011-09-30": "8902.00000", "2011-06-30": "8876.00000", "2011-03-31": "8854.00000", "2010-12-31": "8787.00000", "2010-09-30": "8756.00000", "2010-06-30": "8743.00000", "2010-03-31": "8743.00000", "2009-12-31": "8743.00000", "2009-09-30": "7927.00000", "2009-06-30": "7927.00000", "2009-03-31": "7273.00000", "2008-12-31": "7273.00000", "2008-09-30": "5788.00000", "2008-06-30": "5788.00000", "2008-03-31": "5788.00000", "2007-12-31": "5788.00000", "2007-09-30": "5788.00000", "2007-06-30": "5788.00000", "2007-03-31": "5788.00000", "2006-12-31": "5788.00000", "2006-09-30": "5788.00000", "2006-06-30": "5788.00000", "2006-03-31": "5788.00000", "2005-12-31": "5788.00000", "2005-09-30": "5788.00000", "2005-06-30": "2894.00000", "2005-03-31": "2894.00000"}, "Retained Earnings (Accumulated Deficit)": {"2020-12-31": "162890.00000", "2020-09-30": "160913.00000", "2020-06-30": "159952.00000", "2020-03-31": "165308.00000", "2019-12-31": "166697.00000", "2019-09-30": "166320.00000", "2019-06-30": "164551.00000", "2019-03-31": "160776.00000", "2018-12-31": "158163.00000", "2018-09-30": "154576.00000", "2018-06-30": "150803.00000", "2018-03-31": "147928.00000", "2017-12-31": "145263.00000", "2017-09-30": "141761.00000", "2017-06-30": "139524.00000", "2017-03-31": "136032.00000", "2016-12-31": "133075.00000", "2016-09-30": "130288.00000", "2016-06-30": "127076.00000", "2016-03-31": "123891.00000", "2015-12-31": "120866.00000", "2015-09-30": "117593.00000", "2015-06-30": "114093.00000", "2015-03-31": "110676.00000", "2014-12-31": "107040.00000", "2014-09-30": "103494.00000", "2014-06-30": "99926.00000", "2014-03-31": "96368.00000", "2013-12-31": "92361.00000", "2013-09-30": "88625.00000", "2013-06-30": "84923.00000", "2013-03-31": "81264.00000", "2012-12-31": "77679.00000", "2012-09-30": "73994.00000", "2012-06-30": "70456.00000", "2012-03-31": "67239.00000", "2011-12-31": "64385.00000", "2011-09-30": "61135.00000", "2011-06-30": "57942.00000", "2011-03-31": "54855.00000", "2010-12-31": "51918.00000", "2010-09-30": "48953.00000", "2010-06-30": "46126.00000", "2010-03-31": "43636.00000", "2009-12-31": "41563.00000", "2009-09-30": "41485.00000", "2009-06-30": "39165.00000", "2009-03-31": "36949.00000", "2008-12-31": "36543.00000", "2008-09-30": "40853.00000", "2008-06-30": "40534.00000", "2008-03-31": "39896.00000", "2007-12-31": "38970.00000", "2007-09-30": "38645.00000", "2007-06-30": "37603.00000", "2007-03-31": "36377.00000", "2006-12-31": "35215.00000", "2006-09-30": "34080.00000", "2006-06-30": "31964.00000", "2006-03-31": "31750.00000", "2005-12-31": "30580.00000", "2005-09-30": "29636.00000", "2005-06-30": "28567.00000", "2005-03-31": "27512.00000"}, "Comprehensive Income": {"2020-12-31": "194.00000", "2020-09-30": "-750.00000", "2020-06-30": "-798.00000", "2020-03-31": "-1564.00000", "2019-12-31": "-1311.00000", "2019-09-30": "-1639.00000", "2019-06-30": "-2224.00000", "2019-03-31": "-3682.00000", "2018-12-31": "-6336.00000", "2018-09-30": "-6873.00000", "2018-06-30": "-5461.00000", "2018-03-31": "-4921.00000", "2017-12-31": "-2144.00000", "2017-09-30": "-1627.00000", "2017-06-30": "-2110.00000", "2017-03-31": "-3178.00000", "2016-12-31": "-3137.00000", "2016-09-30": "2184.00000", "2016-06-30": "2948.00000", "2016-03-31": "1774.00000", "2015-12-31": "297.00000", "2015-09-30": "2389.00000", "2015-06-30": "2068.00000", "2015-03-31": "3777.00000", "2014-12-31": "3518.00000", "2014-09-30": "3118.00000", "2014-06-30": "4117.00000", "2014-03-31": "2752.00000", "2013-12-31": "1386.00000", "2013-09-30": "2289.00000", "2013-06-30": "1797.00000", "2013-03-31": "5145.00000", "2012-12-31": "5650.00000", "2012-09-30": "6435.00000", "2012-06-30": "4629.00000", "2012-03-31": "4216.00000", "2011-12-31": "3207.00000", "2011-09-30": "3828.00000", "2011-06-30": "5422.00000", "2011-03-31": "5021.00000", "2010-12-31": "4738.00000", "2010-09-30": "5502.00000", "2010-06-30": "4844.00000", "2010-03-31": "4087.00000", "2009-12-31": "3009.00000", "2009-09-30": "4088.00000", "2009-06-30": "-590.00000", "2009-03-31": "-3624.00000", "2008-12-31": "-6869.00000", "2008-09-30": "-2783.00000", "2008-06-30": "-1060.00000", "2008-03-31": "120.00000", "2007-12-31": "725.00000", "2007-09-30": "291.00000", "2007-06-30": "-236.00000", "2007-03-31": "289.00000", "2006-12-31": "302.00000", "2006-09-30": "633.00000", "2006-06-30": "155.00000", "2006-03-31": "576.00000", "2005-12-31": "665.00000", "2005-09-30": "721.00000", "2005-06-30": "771.00000", "2005-03-31": "693.00000"}, "Other Share Holders Equity": {"2020-12-31": "", "2020-09-30": "", "2020-06-30": "", "2020-03-31": "", "2019-12-31": "", "2019-09-30": "", "2019-06-30": "", "2019-03-31": "", "2018-12-31": "", "2018-09-30": "", "2018-06-30": "", "2018-03-31": "", "2017-12-31": "", "2017-09-30": "", "2017-06-30": "", "2017-03-31": "", "2016-12-31": "", "2016-09-30": "", "2016-06-30": "", "2016-03-31": "", "2015-12-31": "", "2015-09-30": "", "2015-06-30": "", "2015-03-31": "", "2014-12-31": "", "2014-09-30": "", "2014-06-30": "", "2014-03-31": "", "2013-12-31": "", "2013-09-30": "", "2013-06-30": "", "2013-03-31": "", "2012-12-31": "", "2012-09-30": "", "2012-06-30": "", "2012-03-31": "", "2011-12-31": "", "2011-09-30": "", "2011-06-30": "", "2011-03-31": "", "2010-12-31": "", "2010-09-30": "", "2010-06-30": "", "2010-03-31": "", "2009-12-31": "", "2009-09-30": "", "2009-06-30": "", "2009-03-31": "", "2008-12-31": "", "2008-09-30": "", "2008-06-30": "", "2008-03-31": "", "2007-12-31": "", "2007-09-30": "", "2007-06-30": "", "2007-03-31": "", "2006-12-31": "", "2006-09-30": "", "2006-06-30": "", "2006-03-31": "", "2005-12-31": "", "2005-09-30": "", "2005-06-30": "", "2005-03-31": ""}, "Share Holder Equity": {"2020-12-31": "185920.00000", "2020-09-30": "182032.00000", "2020-06-30": "180122.00000", "2020-03-31": "183330.00000", "2019-12-31": "187984.00000", "2019-09-30": "194416.00000", "2019-06-30": "200037.00000", "2019-03-31": "198733.00000", "2018-12-31": "197066.00000", "2018-09-30": "199679.00000", "2018-06-30": "206069.00000", "2018-03-31": "205910.00000", "2017-12-31": "208079.00000", "2017-09-30": "206824.00000", "2017-06-30": "206145.00000", "2017-03-31": "202489.00000", "2016-12-31": "200497.00000", "2016-09-30": "203958.00000", "2016-06-30": "202661.00000", "2016-03-31": "198504.00000", "2015-12-31": "193891.00000", "2015-09-30": "194043.00000", "2015-06-30": "190676.00000", "2015-03-31": "189964.00000", "2014-12-31": "185262.00000", "2014-09-30": "182990.00000", "2014-06-30": "181549.00000", "2014-03-31": "176469.00000", "2013-12-31": "171008.00000", "2013-09-30": "168813.00000", "2013-06-30": "163777.00000", "2013-03-31": "163395.00000", "2012-12-31": "158911.00000", "2012-09-30": "156059.00000", "2012-06-30": "149437.00000", "2012-03-31": "146849.00000", "2011-12-31": "141687.00000", "2011-09-30": "139244.00000", "2011-06-30": "137916.00000", "2011-03-31": "134943.00000", "2010-12-31": "127889.00000", "2010-09-30": "125165.00000", "2010-06-30": "121398.00000", "2010-03-31": "118154.00000", "2009-12-31": "114359.00000", "2009-09-30": "128924.00000", "2009-06-30": "121382.00000", "2009-03-31": "107057.00000", "2008-12-31": "102316.00000", "2008-09-30": "46957.00000", "2008-06-30": "47964.00000", "2008-03-31": "48439.00000", "2007-12-31": "47628.00000", "2007-09-30": "47566.00000", "2007-06-30": "47239.00000", "2007-03-31": "46073.00000", "2006-12-31": "45814.00000", "2006-09-30": "44862.00000", "2006-06-30": "41894.00000", "2006-03-31": "41961.00000", "2005-12-31": "40660.00000", "2005-09-30": "39835.00000", "2005-06-30": "39278.00000", "2005-03-31": "38477.00000"}, "Total Liabilities And Share Holders Equity": {"2020-12-31": "1955163.00000", "2020-09-30": "1922220.00000", "2020-06-30": "1968766.00000", "2020-03-31": "1981349.00000", "2019-12-31": "1927555.00000", "2019-09-30": "1943950.00000", "2019-06-30": "1923388.00000", "2019-03-31": "1887792.00000", "2018-12-31": "1895883.00000", "2018-09-30": "1872981.00000", "2018-06-30": "1879700.00000", "2018-03-31": "1915388.00000", "2017-12-31": "1951757.00000", "2017-09-30": "1934939.00000", "2017-06-30": "1930871.00000", "2017-03-31": "1951564.00000", "2016-12-31": "1930115.00000", "2016-09-30": "1942124.00000", "2016-06-30": "1889235.00000", "2016-03-31": "1849182.00000", "2015-12-31": "1787632.00000", "2015-09-30": "1751265.00000", "2015-06-30": "1720617.00000", "2015-03-31": "1737737.00000", "2014-12-31": "1687155.00000", "2014-09-30": "1636855.00000", "2014-06-30": "1598874.00000", "2014-03-31": "1546707.00000", "2013-12-31": "1523502.00000", "2013-09-30": "1488055.00000", "2013-06-30": "1440563.00000", "2013-03-31": "1436634.00000", "2012-12-31": "1422968.00000", "2012-09-30": "1374715.00000", "2012-06-30": "1336204.00000", "2012-03-31": "1333799.00000", "2011-12-31": "1313867.00000", "2011-09-30": "1304945.00000", "2011-06-30": "1259734.00000", "2011-03-31": "1244666.00000", "2010-12-31": "1258128.00000", "2010-09-30": "1220784.00000", "2010-06-30": "1225862.00000", "2010-03-31": "1223630.00000", "2009-12-31": "1243646.00000", "2009-09-30": "1228625.00000", "2009-06-30": "1284176.00000", "2009-03-31": "1285891.00000", "2008-12-31": "1309639.00000", "2008-09-30": "622361.00000", "2008-06-30": "609074.00000", "2008-03-31": "595221.00000", "2007-12-31": "575442.00000", "2007-09-30": "548727.00000", "2007-06-30": "539865.00000", "2007-03-31": "485901.00000", "2006-12-31": "481996.00000", "2006-09-30": "483441.00000", "2006-06-30": "499516.00000", "2006-03-31": "492428.00000", "2005-12-31": "481741.00000", "2005-09-30": "453494.00000", "2005-06-30": "434981.00000", "2005-03-31": "435643.00000"}}, "cash flow statement": {"Net Income/Loss": {"2020-12-31": "0.00000", "2019-12-31": "20041.00000", "2018-12-31": "22876.00000", "2017-12-31": "22460.00000", "2016-12-31": "22045.00000", "2015-12-31": "23276.00000", "2014-12-31": "23608.00000", "2013-12-31": "22224.00000", "2012-12-31": "19368.00000", "2011-12-31": "16211.00000", "2010-12-31": "12663.00000", "2009-12-31": "12667.00000", "2008-12-31": "2698.00000", "2007-12-31": "8265.00000", "2006-12-31": "8420.00000", "2005-12-31": "7671.00000"}, "Total Depreciation And Amortization - Cash Flow": {"2020-12-31": "", "2019-12-31": "7075.00000", "2018-12-31": "5593.00000", "2017-12-31": "5406.00000", "2016-12-31": "4970.00000", "2015-12-31": "3288.00000", "2014-12-31": "2515.00000", "2013-12-31": "3293.00000", "2012-12-31": "2807.00000", "2011-12-31": "2208.00000", "2010-12-31": "1924.00000", "2009-12-31": "2841.00000", "2008-12-31": "1669.00000", "2007-12-31": "1532.00000", "2006-12-31": "3221.00000", "2005-12-31": "4161.00000"}, "Other Non-Cash Items": {"2020-12-31": "", "2019-12-31": "-3785.00000", "2018-12-31": "-1661.00000", "2017-12-31": "3722.00000", "2016-12-31": "1171.00000", "2015-12-31": "-4361.00000", "2014-12-31": "1448.00000", "2013-12-31": "-449.00000", "2012-12-31": "3731.00000", "2011-12-31": "16154.00000", "2010-12-31": "22519.00000", "2009-12-31": "27587.00000", "2008-12-31": "16909.00000", "2007-12-31": "3852.00000", "2006-12-31": "1358.00000", "2005-12-31": "1925.00000"}, "Total Non-Cash Items": {"2020-12-31": "", "2019-12-31": "3290.00000", "2018-12-31": "3932.00000", "2017-12-31": "9128.00000", "2016-12-31": "6141.00000", "2015-12-31": "-1073.00000", "2014-12-31": "3963.00000", "2013-12-31": "2844.00000", "2012-12-31": "6538.00000", "2011-12-31": "18362.00000", "2010-12-31": "24443.00000", "2009-12-31": "30428.00000", "2008-12-31": "18578.00000", "2007-12-31": "5384.00000", "2006-12-31": "4579.00000", "2005-12-31": "6086.00000"}, "Change In Accounts Receivable": {"2020-12-31": "", "2019-12-31": "-45167.00000", "2018-12-31": "-34695.00000", "2017-12-31": "-45958.00000", "2016-12-31": "-78272.00000", "2015-12-31": "-45093.00000", "2014-12-31": "-27662.00000", "2013-12-31": "-5352.00000", "2012-12-31": "-60526.00000", "2011-12-31": "-46871.00000", "2010-12-31": "-8037.00000", "2009-12-31": "-14469.00000", "2008-12-31": "4080.00000", "2007-12-31": "-7403.00000", "2006-12-31": "559.00000", "2005-12-31": "-17496.00000"}, "Change In Inventories": {"2020-12-31": "", "2019-12-31": "22066.00000", "2018-12-31": "35054.00000", "2017-12-31": "33505.00000", "2016-12-31": "63309.00000", "2015-12-31": "42754.00000", "2014-12-31": "14242.00000", "2013-12-31": "43638.00000", "2012-12-31": "105440.00000", "2011-12-31": "35149.00000", "2010-12-31": "12356.00000", "2009-12-31": "13983.00000", "2008-12-31": "-3045.00000", "2007-12-31": "-3388.00000", "2006-12-31": "5271.00000", "2005-12-31": "-1905.00000"}, "Change In Accounts Payable": {"2020-12-31": "", "2019-12-31": "", "2018-12-31": "", "2017-12-31": "", "2016-12-31": "", "2015-12-31": "", "2014-12-31": "", "2013-12-31": "-32.00000", "2012-12-31": "-84.00000", "2011-12-31": "-362.00000", "2010-12-31": "-268.00000", "2009-12-31": "-1028.00000", "2008-12-31": "1634.00000", "2007-12-31": "-87.00000", "2006-12-31": "455.00000", "2005-12-31": "311.00000"}, "Change In Assets/Liabilities": {"2020-12-31": "", "2019-12-31": "4071.00000", "2018-12-31": "9771.00000", "2017-12-31": "-5353.00000", "2016-12-31": "-12004.00000", "2015-12-31": "-2457.00000", "2014-12-31": "-3400.00000", "2013-12-31": "1464.00000", "2012-12-31": "-243.00000", "2011-12-31": "-11824.00000", "2010-12-31": "-20656.00000", "2009-12-31": "-15038.00000", "2008-12-31": "-17789.00000", "2007-12-31": "2024.00000", "2006-12-31": "6023.00000", "2005-12-31": "-10237.00000"}, "Total Change In Assets/Liabilities": {"2020-12-31": "", "2019-12-31": "-16601.00000", "2018-12-31": "9265.00000", "2017-12-31": "-12969.00000", "2016-12-31": "-27178.00000", "2015-12-31": "-6299.00000", "2014-12-31": "-10042.00000", "2013-12-31": "32573.00000", "2012-12-31": "32634.00000", "2011-12-31": "-20908.00000", "2010-12-31": "-18334.00000", "2009-12-31": "-14482.00000", "2008-12-31": "-26064.00000", "2007-12-31": "-4363.00000", "2006-12-31": "14977.00000", "2005-12-31": "-25742.00000"}, "Cash Flow From Operating Activities": {"2020-12-31": "", "2019-12-31": "6730.00000", "2018-12-31": "36073.00000", "2017-12-31": "18619.00000", "2016-12-31": "1008.00000", "2015-12-31": "15904.00000", "2014-12-31": "17529.00000", "2013-12-31": "57641.00000", "2012-12-31": "58540.00000", "2011-12-31": "13665.00000", "2010-12-31": "18772.00000", "2009-12-31": "28613.00000", "2008-12-31": "-4788.00000", "2007-12-31": "9286.00000", "2006-12-31": "27976.00000", "2005-12-31": "-11985.00000"}, "Net Change In Property, Plant, And Equipment": {"2020-12-31": "", "2019-12-31": "", "2018-12-31": "", "2017-12-31": "", "2016-12-31": "", "2015-12-31": "", "2014-12-31": "", "2013-12-31": "", "2012-12-31": "", "2011-12-31": "", "2010-12-31": "", "2009-12-31": "", "2008-12-31": "", "2007-12-31": "", "2006-12-31": "", "2005-12-31": ""}, "Net Change In Intangible Assets": {"2020-12-31": "", "2019-12-31": "", "2018-12-31": "", "2017-12-31": "", "2016-12-31": "", "2015-12-31": "", "2014-12-31": "", "2013-12-31": "407.00000", "2012-12-31": "116.00000", "2011-12-31": "-155.00000", "2010-12-31": "-65.00000", "2009-12-31": "-10.00000", "2008-12-31": "92.00000", "2007-12-31": "791.00000", "2006-12-31": "-3539.00000", "2005-12-31": "-1943.00000"}, "Net Acquisitions/Divestitures": {"2020-12-31": "", "2019-12-31": "", "2018-12-31": "", "2017-12-31": "", "2016-12-31": "-30584.00000", "2015-12-31": "-3.00000", "2014-12-31": "-174.00000", "2013-12-31": "", "2012-12-31": "-4322.00000", "2011-12-31": "-353.00000", "2010-12-31": "-36.00000", "2009-12-31": "-138.00000", "2008-12-31": "11203.00000", "2007-12-31": "-2811.00000", "2006-12-31": "-626.00000", "2005-12-31": "66.00000"}, "Net Change In Short-term Investments": {"2020-12-31": "", "2019-12-31": "-21933.00000", "2018-12-31": "-1184.00000", "2017-12-31": "-21497.00000", "2016-12-31": "-15747.00000", "2015-12-31": "-11866.00000", "2014-12-31": "-41778.00000", "2013-12-31": "-78184.00000", "2012-12-31": "-92946.00000", "2011-12-31": "36270.00000", "2010-12-31": "-39752.00000", "2009-12-31": "8548.00000", "2008-12-31": "51049.00000", "2007-12-31": "3331.00000", "2006-12-31": "-717.00000", "2005-12-31": "-281.00000"}, "Net Change In Long-Term Investments": {"2020-12-31": "", "2019-12-31": "3226.00000", "2018-12-31": "-5279.00000", "2017-12-31": "-3512.00000", "2016-12-31": "-66330.00000", "2015-12-31": "-39425.00000", "2014-12-31": "-43231.00000", "2013-12-31": "-42348.00000", "2012-12-31": "-174.00000", "2011-12-31": "-45787.00000", "2010-12-31": "3121.00000", "2009-12-31": "-3436.00000", "2008-12-31": "-20218.00000", "2007-12-31": "-18634.00000", "2006-12-31": "-1837.00000", "2005-12-31": "-2603.00000"}, "Net Change In Investments - Total": {"2020-12-31": "", "2019-12-31": "-18707.00000", "2018-12-31": "-6463.00000", "2017-12-31": "-25009.00000", "2016-12-31": "-82077.00000", "2015-12-31": "-51291.00000", "2014-12-31": "-85009.00000", "2013-12-31": "-120532.00000", "2012-12-31": "-93120.00000", "2011-12-31": "-9517.00000", "2010-12-31": "-36631.00000", "2009-12-31": "5112.00000", "2008-12-31": "30831.00000", "2007-12-31": "-15303.00000", "2006-12-31": "-2554.00000", "2005-12-31": "-2884.00000"}, "Investing Activities - Other": {"2020-12-31": "", "2019-12-31": "-10924.00000", "2018-12-31": "-1291.00000", "2017-12-31": "11857.00000", "2016-12-31": "-29258.00000", "2015-12-31": "-55941.00000", "2014-12-31": "-43197.00000", "2013-12-31": "-33367.00000", "2012-12-31": "-42564.00000", "2011-12-31": "-25019.00000", "2010-12-31": "33057.00000", "2009-12-31": "66821.00000", "2008-12-31": "-60287.00000", "2007-12-31": "-60024.00000", "2006-12-31": "-9863.00000", "2005-12-31": "-22656.00000"}, "Cash Flow From Investing Activities": {"2020-12-31": "", "2019-12-31": "-29631.00000", "2018-12-31": "-7754.00000", "2017-12-31": "-13152.00000", "2016-12-31": "-141919.00000", "2015-12-31": "-107235.00000", "2014-12-31": "-128380.00000", "2013-12-31": "-153492.00000", "2012-12-31": "-139890.00000", "2011-12-31": "-35044.00000", "2010-12-31": "-3675.00000", "2009-12-31": "71785.00000", "2008-12-31": "-18161.00000", "2007-12-31": "-77347.00000", "2006-12-31": "-16582.00000", "2005-12-31": "-27417.00000"}, "Net Long-Term Debt": {"2020-12-31": "", "2019-12-31": "-7615.00000", "2018-12-31": "7030.00000", "2017-12-31": "-37227.00000", "2016-12-31": "55649.00000", "2015-12-31": "15697.00000", "2014-12-31": "26325.00000", "2013-12-31": "27804.00000", "2012-12-31": "-398.00000", "2011-12-31": "-38868.00000", "2010-12-31": "-59828.00000", "2009-12-31": "-57864.00000", "2008-12-31": "5842.00000", "2007-12-31": "11110.00000", "2006-12-31": "7646.00000", "2005-12-31": "7897.00000"}, "Net Current Debt": {"2020-12-31": "", "2019-12-31": "-1275.00000", "2018-12-31": "2531.00000", "2017-12-31": "14020.00000", "2016-12-31": "-1198.00000", "2015-12-31": "34010.00000", "2014-12-31": "8035.00000", "2013-12-31": "-3390.00000", "2012-12-31": "7699.00000", "2011-12-31": "-6231.00000", "2010-12-31": "11308.00000", "2009-12-31": "-69108.00000", "2008-12-31": "-14888.00000", "2007-12-31": "39827.00000", "2006-12-31": "-11156.00000", "2005-12-31": "1878.00000"}, "Debt Issuance/Retirement Net - Total": {"2020-12-31": "", "2019-12-31": "-8890.00000", "2018-12-31": "9561.00000", "2017-12-31": "-23207.00000", "2016-12-31": "54451.00000", "2015-12-31": "49707.00000", "2014-12-31": "34360.00000", "2013-12-31": "24414.00000", "2012-12-31": "7301.00000", "2011-12-31": "-45099.00000", "2010-12-31": "-48520.00000", "2009-12-31": "-126972.00000", "2008-12-31": "-9046.00000", "2007-12-31": "50937.00000", "2006-12-31": "-3510.00000", "2005-12-31": "9775.00000"}, "Net Common Equity Issued/Repurchased": {"2020-12-31": "", "2019-12-31": "-24455.00000", "2018-12-31": "-20332.00000", "2017-12-31": "-9090.00000", "2016-12-31": "-7195.00000", "2015-12-31": "-7650.00000", "2014-12-31": "-7574.00000", "2013-12-31": "-3132.00000", "2012-12-31": "-1828.00000", "2011-12-31": "-1122.00000", "2010-12-31": "739.00000", "2009-12-31": "21756.00000", "2008-12-31": "14874.00000", "2007-12-31": "-5542.00000", "2006-12-31": "-201.00000", "2005-12-31": "-1792.00000"}, "Net Total Equity Issued/Repurchased": {"2020-12-31": "", "2019-12-31": "-26005.00000", "2018-12-31": "-22482.00000", "2017-12-31": "-8413.00000", "2016-12-31": "-5094.00000", "2015-12-31": "-4678.00000", "2014-12-31": "-4799.00000", "2013-12-31": "13.00000", "2012-12-31": "-451.00000", "2011-12-31": "1379.00000", "2010-12-31": "739.00000", "2009-12-31": "-3244.00000", "2008-12-31": "37548.00000", "2007-12-31": "-5542.00000", "2006-12-31": "-201.00000", "2005-12-31": "-1792.00000"}, "Total Common And Preferred Stock Dividends Paid": {"2020-12-31": "", "2019-12-31": "-9589.00000", "2018-12-31": "-9314.00000", "2017-12-31": "-9109.00000", "2016-12-31": "-9038.00000", "2015-12-31": "-8826.00000", "2014-12-31": "-8143.00000", "2013-12-31": "-6970.00000", "2012-12-31": "-5457.00000", "2011-12-31": "-3381.00000", "2010-12-31": "-1782.00000", "2009-12-31": "-4303.00000", "2008-12-31": "-4312.00000", "2007-12-31": "-3955.00000", "2006-12-31": "-3641.00000", "2005-12-31": "-3375.00000"}, "Financial Activities - Other": {"2020-12-31": "", "2019-12-31": "35348.00000", "2018-12-31": "-48744.00000", "2017-12-31": "29809.00000", "2016-12-31": "82472.00000", "2015-12-31": "54668.00000", "2014-12-31": "89085.00000", "2013-12-31": "76453.00000", "2012-12-31": "82377.00000", "2011-12-31": "71876.00000", "2010-12-31": "23430.00000", "2009-12-31": "37438.00000", "2008-12-31": "7765.00000", "2007-12-31": "26350.00000", "2006-12-31": "-4411.00000", "2005-12-31": "37288.00000"}, "Cash Flow From Financial Activities": {"2020-12-31": "", "2019-12-31": "-9136.00000", "2018-12-31": "-70979.00000", "2017-12-31": "-10920.00000", "2016-12-31": "122791.00000", "2015-12-31": "90871.00000", "2014-12-31": "110503.00000", "2013-12-31": "93910.00000", "2012-12-31": "83770.00000", "2011-12-31": "24775.00000", "2010-12-31": "-26133.00000", "2009-12-31": "-97081.00000", "2008-12-31": "31955.00000", "2007-12-31": "67790.00000", "2006-12-31": "-11763.00000", "2005-12-31": "41896.00000"}, "Net Cash Flow": {"2020-12-31": "", "2019-12-31": "-32037.00000", "2018-12-31": "-42660.00000", "2017-12-31": "-5453.00000", "2016-12-31": "-18120.00000", "2015-12-31": "-460.00000", "2014-12-31": "-348.00000", "2013-12-31": "-1941.00000", "2012-12-31": "2420.00000", "2011-12-31": "3396.00000", "2010-12-31": "-11036.00000", "2009-12-31": "3317.00000", "2008-12-31": "9006.00000", "2007-12-31": "-271.00000", "2006-12-31": "-369.00000", "2005-12-31": "2494.00000"}, "Stock-Based Compensation": {"2020-12-31": "", "2019-12-31": "2274.00000", "2018-12-31": "2255.00000", "2017-12-31": "2046.00000", "2016-12-31": "1945.00000", "2015-12-31": "1958.00000", "2014-12-31": "1912.00000", "2013-12-31": "1920.00000", "2012-12-31": "1698.00000", "2011-12-31": "1488.00000", "2010-12-31": "1232.00000", "2009-12-31": "351.00000", "2008-12-31": "628.00000", "2007-12-31": "547.00000", "2006-12-31": "489.00000", "2005-12-31": "307.00000"}, "Common Stock Dividends Paid": {"2020-12-31": "", "2019-12-31": "-8198.00000", "2018-12-31": "-7692.00000", "2017-12-31": "-7480.00000", "2016-12-31": "-7472.00000", "2015-12-31": "-7400.00000", "2014-12-31": "-6908.00000", "2013-12-31": "-5953.00000", "2012-12-31": "-4565.00000", "2011-12-31": "-2537.00000", "2010-12-31": "-1045.00000", "2009-12-31": "-2125.00000", "2008-12-31": "-4312.00000", "2007-12-31": "-3955.00000", "2006-12-31": "-3641.00000", "2005-12-31": "-3375.00000"}}, "cash flow statement, quarterly": {"Net Income/Loss": {"2020-12-31": -392, "2020-09-30": 2219, "2020-06-30": -2332, "2020-03-31": "505.00000", "2019-12-31": 2924, "2019-09-30": 4812, "2019-06-30": 6338, "2019-03-31": "5967.00000", "2018-12-31": 6154, "2018-09-30": 6086, "2018-06-30": 5309, "2018-03-31": "5327.00000", "2017-12-31": 6241, "2017-09-30": 4600, "2017-06-30": 5894, "2017-03-31": "5725.00000", "2016-12-31": 5304, "2016-09-30": 5654, "2016-06-30": 5573, "2016-03-31": "5514.00000", "2015-12-31": 5623, "2015-09-30": 5983, "2015-06-30": 5786, "2015-03-31": "5884.00000", "2014-12-31": 5792, "2014-09-30": 5955, "2014-06-30": 5786, "2014-03-31": "6075.00000", "2013-12-31": 5713, "2013-09-30": 5683, "2013-06-30": 5608, "2013-03-31": "5220.00000", "2012-12-31": 5297, "2012-09-30": 5030, "2012-06-30": 4721, "2012-03-31": "4320.00000", "2011-12-31": 4183, "2011-09-30": 4142, "2011-06-30": 4072, "2011-03-31": "3814.00000", "2010-12-31": 3493, "2010-09-30": 3425, "2010-06-30": 3145, "2010-03-31": "2600.00000", "2009-12-31": 3013, "2009-09-30": 3316, "2009-06-30": 3249, "2009-03-31": "3089.00000", "2008-12-31": -2741, "2008-09-30": 1651, "2008-06-30": 1789, "2008-03-31": "1999.00000", "2007-12-31": 1569, "2007-09-30": 2173, "2007-06-30": 2279, "2007-03-31": "2244.00000", "2006-12-31": 2119, "2006-09-30": 2194, "2006-06-30": 2089, "2006-03-31": "2018.00000", "2005-12-31": 1930, "2005-09-30": 1975, "2005-06-30": 1910, "2005-03-31": "1856.00000"}, "Total Depreciation And Amortization - Cash Flow": {"2020-12-31": -6444, "2020-09-30": 2382, "2020-06-30": 2194, "2020-03-31": "1868.00000", "2019-12-31": 2135, "2019-09-30": 1840, "2019-06-30": 1651, "2019-03-31": "1449.00000", "2018-12-31": 1371, "2018-09-30": 1387, "2018-06-30": 1404, "2018-03-31": "1431.00000", "2017-12-31": 1612, "2017-09-30": 1316, "2017-06-30": 1241, "2017-03-31": "1237.00000", "2016-12-31": 1372, "2016-09-30": 1365, "2016-06-30": 938, "2016-03-31": "1295.00000", "2015-12-31": 892, "2015-09-30": 838, "2015-06-30": 831, "2015-03-31": "727.00000", "2014-12-31": 582, "2014-09-30": 630, "2014-06-30": 732, "2014-03-31": "571.00000", "2013-12-31": 785, "2013-09-30": 865, "2013-06-30": 809, "2013-03-31": "834.00000", "2012-12-31": 724, "2012-09-30": 699, "2012-06-30": 735, "2012-03-31": "649.00000", "2011-12-31": 725, "2011-09-30": 515, "2011-06-30": 491, "2011-03-31": "477.00000", "2010-12-31": 422, "2010-09-30": 167, "2010-06-30": 622, "2010-03-31": "713.00000", "2009-12-31": 404, "2009-09-30": 897, "2009-06-30": 559, "2009-03-31": "981.00000", "2008-12-31": 515, "2008-09-30": 406, "2008-06-30": 380, "2008-03-31": "368.00000", "2007-12-31": 391, "2007-09-30": 377, "2007-06-30": 382, "2007-03-31": "382.00000", "2006-12-31": 971, "2006-09-30": 976, "2006-06-30": 734, "2006-03-31": "540.00000", "2005-12-31": 1159, "2005-09-30": 1000, "2005-06-30": 949, "2005-03-31": "1053.00000"}, "Other Non-Cash Items": {"2020-12-31": -25185, "2020-09-30": 424, "2020-06-30": 13984, "2020-03-31": "10777.00000", "2019-12-31": -5387, "2019-09-30": -1361, "2019-06-30": 2322, "2019-03-31": "641.00000", "2018-12-31": 4293, "2018-09-30": -1929, "2018-06-30": -3183, "2018-03-31": "-842.00000", "2017-12-31": -2610, "2017-09-30": 2072, "2017-06-30": 3066, "2017-03-31": "1194.00000", "2016-12-31": -3272, "2016-09-30": 622, "2016-06-30": 1404, "2016-03-31": "2417.00000", "2015-12-31": -1054, "2015-09-30": -1405, "2015-06-30": -128, "2015-03-31": "-1774.00000", "2014-12-31": 54, "2014-09-30": -414, "2014-06-30": 1003, "2014-03-31": "805.00000", "2013-12-31": 3343, "2013-09-30": -141, "2013-06-30": -2949, "2013-03-31": "-702.00000", "2012-12-31": -2195, "2012-09-30": 1601, "2012-06-30": 3465, "2012-03-31": "860.00000", "2011-12-31": 4163, "2011-09-30": 5953, "2011-06-30": 3944, "2011-03-31": "2094.00000", "2010-12-31": 443, "2010-09-30": 7281, "2010-06-30": 7614, "2010-03-31": "7181.00000", "2009-12-31": 9046, "2009-09-30": 9267, "2009-06-30": 471, "2009-03-31": "8803.00000", "2008-12-31": 10152, "2008-09-30": 1768, "2008-06-30": 3129, "2008-03-31": "1860.00000", "2007-12-31": 1985, "2007-09-30": 1227, "2007-06-30": 122, "2007-03-31": "518.00000", "2006-12-31": -72, "2006-09-30": 689, "2006-06-30": 500, "2006-03-31": "241.00000", "2005-12-31": 277, "2005-09-30": 30, "2005-06-30": 721, "2005-03-31": "897.00000"}, "Total Non-Cash Items": {"2020-12-31": -31629, "2020-09-30": 2806, "2020-06-30": 16178, "2020-03-31": "12645.00000", "2019-12-31": -3252, "2019-09-30": 479, "2019-06-30": 3973, "2019-03-31": "2090.00000", "2018-12-31": 5664, "2018-09-30": -542, "2018-06-30": -1779, "2018-03-31": "589.00000", "2017-12-31": -998, "2017-09-30": 3388, "2017-06-30": 4307, "2017-03-31": "2431.00000", "2016-12-31": -1900, "2016-09-30": 1987, "2016-06-30": 2342, "2016-03-31": "3712.00000", "2015-12-31": -162, "2015-09-30": -567, "2015-06-30": 703, "2015-03-31": "-1047.00000", "2014-12-31": 636, "2014-09-30": 216, "2014-06-30": 1735, "2014-03-31": "1376.00000", "2013-12-31": 4128, "2013-09-30": 724, "2013-06-30": -2140, "2013-03-31": "132.00000", "2012-12-31": -1471, "2012-09-30": 2300, "2012-06-30": 4200, "2012-03-31": "1509.00000", "2011-12-31": 4888, "2011-09-30": 6468, "2011-06-30": 4435, "2011-03-31": "2571.00000", "2010-12-31": 865, "2010-09-30": 7448, "2010-06-30": 8236, "2010-03-31": "7894.00000", "2009-12-31": 9450, "2009-09-30": 10164, "2009-06-30": 1030, "2009-03-31": "9784.00000", "2008-12-31": 10667, "2008-09-30": 2174, "2008-06-30": 3509, "2008-03-31": "2228.00000", "2007-12-31": 2376, "2007-09-30": 1604, "2007-06-30": 504, "2007-03-31": "900.00000", "2006-12-31": 899, "2006-09-30": 1665, "2006-06-30": 1234, "2006-03-31": "781.00000", "2005-12-31": 1436, "2005-09-30": 1030, "2005-06-30": 1670, "2005-03-31": "1950.00000"}, "Change In Accounts Receivable": {"2020-12-31": 47637, "2020-09-30": -33296, "2020-06-30": -8316, "2020-03-31": "-6025.00000", "2019-12-31": -6475, "2019-09-30": -15216, "2019-06-30": -16254, "2019-03-31": "-7222.00000", "2018-12-31": -4873, "2018-09-30": -9361, "2018-06-30": -12635, "2018-03-31": "-7826.00000", "2017-12-31": -8861, "2017-09-30": -4083, "2017-06-30": -20821, "2017-03-31": "-12193.00000", "2016-12-31": -26127, "2016-09-30": -26148, "2016-06-30": -18488, "2016-03-31": "-7509.00000", "2015-12-31": -7308, "2015-09-30": -10857, "2015-06-30": -16249, "2015-03-31": "-10679.00000", "2014-12-31": -7527, "2014-09-30": -6827, "2014-06-30": -9876, "2014-03-31": "-3432.00000", "2013-12-31": 3778, "2013-09-30": 3415, "2013-06-30": 623, "2013-03-31": "-13168.00000", "2012-12-31": -7266, "2012-09-30": -12040, "2012-06-30": -9693, "2012-03-31": "-31527.00000", "2011-12-31": -42743, "2011-09-30": -12150, "2011-06-30": -683, "2011-03-31": "8705.00000", "2010-12-31": -13215, "2010-09-30": -5680, "2010-06-30": 2518, "2010-03-31": "8340.00000", "2009-12-31": -2036, "2009-09-30": 5356, "2009-06-30": -1683, "2009-03-31": "-16106.00000", "2008-12-31": -3995, "2008-09-30": 5821, "2008-06-30": 4521, "2008-03-31": "-2267.00000", "2007-12-31": -3442, "2007-09-30": 601, "2007-06-30": -4207, "2007-03-31": "-355.00000", "2006-12-31": 2529, "2006-09-30": 1754, "2006-06-30": -6093, "2006-03-31": "2369.00000", "2005-12-31": 1780, "2005-09-30": -17490, "2005-06-30": -1003, "2005-03-31": "-783.00000"}, "Change In Inventories": {"2020-12-31": -58969, "2020-09-30": 22510, "2020-06-30": 16046, "2020-03-31": "20413.00000", "2019-12-31": 4962, "2019-09-30": 2327, "2019-06-30": 7808, "2019-03-31": "6969.00000", "2018-12-31": 10345, "2018-09-30": 8338, "2018-06-30": 5510, "2018-03-31": "10861.00000", "2017-12-31": 4933, "2017-09-30": 3570, "2017-06-30": 10374, "2017-03-31": "14628.00000", "2016-12-31": 32535, "2016-09-30": 14268, "2016-06-30": 4272, "2016-03-31": "12234.00000", "2015-12-31": 2454, "2015-09-30": 20508, "2015-06-30": 14015, "2015-03-31": "5777.00000", "2014-12-31": 1996, "2014-09-30": 9567, "2014-06-30": -1511, "2014-03-31": "4190.00000", "2013-12-31": 4505, "2013-09-30": 11209, "2013-06-30": 14789, "2013-03-31": "13135.00000", "2012-12-31": 19313, "2012-09-30": 21175, "2012-06-30": 21472, "2012-03-31": "43480.00000", "2011-12-31": 18334, "2011-09-30": 1787, "2011-06-30": 9202, "2011-03-31": "5826.00000", "2010-12-31": 11483, "2010-09-30": 4811, "2010-06-30": -104, "2010-03-31": "-3834.00000", "2009-12-31": 149, "2009-09-30": -758, "2009-06-30": 6771, "2009-03-31": "7821.00000", "2008-12-31": -1685, "2008-09-30": 594, "2008-06-30": -788, "2008-03-31": "-1166.00000", "2007-12-31": -429, "2007-09-30": -1277, "2007-06-30": -746, "2007-03-31": "-936.00000", "2006-12-31": -311, "2006-09-30": 2002, "2006-06-30": 2605, "2006-03-31": "975.00000", "2005-12-31": -2428, "2005-09-30": -458, "2005-06-30": 468, "2005-03-31": "513.00000"}, "Change In Accounts Payable": {"2020-12-31": 0, "2020-09-30": 0, "2020-06-30": 0, "2020-03-31": "", "2019-12-31": 0, "2019-09-30": 0, "2019-06-30": 0, "2019-03-31": "", "2018-12-31": 0, "2018-09-30": 0, "2018-06-30": 0, "2018-03-31": "", "2017-12-31": 0, "2017-09-30": 0, "2017-06-30": 0, "2017-03-31": "", "2016-12-31": 0, "2016-09-30": 0, "2016-06-30": 0, "2016-03-31": "", "2015-12-31": -79, "2015-09-30": -107, "2015-06-30": 110, "2015-03-31": "76.00000", "2014-12-31": -238, "2014-09-30": -88, "2014-06-30": 105, "2014-03-31": "221.00000", "2013-12-31": -42, "2013-09-30": -188, "2013-06-30": 42, "2013-03-31": "156.00000", "2012-12-31": -165, "2012-09-30": 7, "2012-06-30": -110, "2012-03-31": "184.00000", "2011-12-31": -237, "2011-09-30": -82, "2011-06-30": -57, "2011-03-31": "14.00000", "2010-12-31": -30, "2010-09-30": -182, "2010-06-30": 86, "2010-03-31": "-142.00000", "2009-12-31": 129, "2009-09-30": -526, "2009-06-30": 136, "2009-03-31": "-767.00000", "2008-12-31": 1810, "2008-09-30": 29, "2008-06-30": -142, "2008-03-31": "-63.00000", "2007-12-31": -28, "2007-09-30": 31, "2007-06-30": 89, "2007-03-31": "-179.00000", "2006-12-31": 97, "2006-09-30": 80, "2006-06-30": 235, "2006-03-31": "43.00000", "2005-12-31": 40, "2005-09-30": 75, "2005-06-30": 66, "2005-03-31": "130.00000"}, "Change In Assets/Liabilities": {"2020-12-31": 15305, "2020-09-30": -2570, "2020-06-30": -1537, "2020-03-31": "-11198.00000", "2019-12-31": 12788, "2019-09-30": -13450, "2019-06-30": 4045, "2019-03-31": "688.00000", "2018-12-31": -282, "2018-09-30": 1548, "2018-06-30": 5982, "2018-03-31": "2523.00000", "2017-12-31": -3491, "2017-09-30": -966, "2017-06-30": -3813, "2017-03-31": "2917.00000", "2016-12-31": -3273, "2016-09-30": -54, "2016-06-30": 350, "2016-03-31": "-9027.00000", "2015-12-31": -1895, "2015-09-30": -2846, "2015-06-30": 3612, "2015-03-31": "-1328.00000", "2014-12-31": 3782, "2014-09-30": -1012, "2014-06-30": -3035, "2014-03-31": "-3135.00000", "2013-12-31": 4426, "2013-09-30": -1806, "2013-06-30": -3282, "2013-03-31": "2126.00000", "2012-12-31": 4256, "2012-09-30": -6357, "2012-06-30": -2696, "2012-03-31": "4554.00000", "2011-12-31": -3934, "2011-09-30": -6325, "2011-06-30": -3368, "2011-03-31": "1803.00000", "2010-12-31": -9817, "2010-09-30": -7628, "2010-06-30": -6562, "2010-03-31": "3351.00000", "2009-12-31": -10245, "2009-09-30": -4467, "2009-06-30": -6566, "2009-03-31": "6240.00000", "2008-12-31": -9470, "2008-09-30": -8886, "2008-06-30": 3111, "2008-03-31": "-2544.00000", "2007-12-31": 7066, "2007-09-30": -4835, "2007-06-30": -4039, "2007-03-31": "3832.00000", "2006-12-31": 1338, "2006-09-30": 1664, "2006-06-30": 5819, "2006-03-31": "-2798.00000", "2005-12-31": -9884, "2005-09-30": 811, "2005-06-30": 175, "2005-03-31": "-1339.00000"}, "Total Change In Assets/Liabilities": {"2020-12-31": 7205, "2020-09-30": -13601, "2020-06-30": 2273, "2020-03-31": "4123.00000", "2019-12-31": 12751, "2019-09-30": -18266, "2019-06-30": -10980, "2019-03-31": "-106.00000", "2018-12-31": 3216, "2018-09-30": 1114, "2018-06-30": -4379, "2018-03-31": "9314.00000", "2017-12-31": -4968, "2017-09-30": 1544, "2017-06-30": -14527, "2017-03-31": "4982.00000", "2016-12-31": 1422, "2016-09-30": -10038, "2016-06-30": -15250, "2016-03-31": "-3312.00000", "2015-12-31": -9358, "2015-09-30": 13521, "2015-06-30": -8140, "2015-03-31": "-2322.00000", "2014-12-31": -3563, "2014-09-30": 8891, "2014-06-30": -10760, "2014-03-31": "-4610.00000", "2013-12-31": 4582, "2013-09-30": 14696, "2013-06-30": 9510, "2013-03-31": "3785.00000", "2012-12-31": 4525, "2012-09-30": 7478, "2012-06-30": 10555, "2012-03-31": "10076.00000", "2011-12-31": -33195, "2011-09-30": -1382, "2011-06-30": 2843, "2011-03-31": "10826.00000", "2010-12-31": -8386, "2010-09-30": -4927, "2010-06-30": -3408, "2010-03-31": "-1613.00000", "2009-12-31": -9100, "2009-09-30": -6079, "2009-06-30": -2309, "2009-03-31": "3006.00000", "2008-12-31": -24915, "2008-09-30": -4401, "2008-06-30": 7869, "2008-03-31": "-4617.00000", "2007-12-31": 4489, "2007-09-30": -9971, "2007-06-30": -570, "2007-03-31": "1689.00000", "2006-12-31": 3186, "2006-09-30": -2330, "2006-06-30": 263, "2006-03-31": "13858.00000", "2005-12-31": -9587, "2005-09-30": -14941, "2005-06-30": -2437, "2005-03-31": "1223.00000"}, "Cash Flow From Operating Activities": {"2020-12-31": -24816, "2020-09-30": -8576, "2020-06-30": 16119, "2020-03-31": "17273.00000", "2019-12-31": 12423, "2019-09-30": -12975, "2019-06-30": -669, "2019-03-31": "7951.00000", "2018-12-31": 15034, "2018-09-30": 6658, "2018-06-30": -849, "2018-03-31": "15230.00000", "2017-12-31": 275, "2017-09-30": 9532, "2017-06-30": -4326, "2017-03-31": "13138.00000", "2016-12-31": 4826, "2016-09-30": -2397, "2016-06-30": -7335, "2016-03-31": "5914.00000", "2015-12-31": -3897, "2015-09-30": 18937, "2015-06-30": -1651, "2015-03-31": "2515.00000", "2014-12-31": 2865, "2014-09-30": 15062, "2014-06-30": -3239, "2014-03-31": "2841.00000", "2013-12-31": 14423, "2013-09-30": 21103, "2013-06-30": 12978, "2013-03-31": "9137.00000", "2012-12-31": 8351, "2012-09-30": 14808, "2012-06-30": 19476, "2012-03-31": "15905.00000", "2011-12-31": -24124, "2011-09-30": 9228, "2011-06-30": 11350, "2011-03-31": "17211.00000", "2010-12-31": -4028, "2010-09-30": 5946, "2010-06-30": 7973, "2010-03-31": "8881.00000", "2009-12-31": 3363, "2009-09-30": 7401, "2009-06-30": 1970, "2009-03-31": "15879.00000", "2008-12-31": -16989, "2008-09-30": -576, "2008-06-30": 13167, "2008-03-31": "-390.00000", "2007-12-31": 8434, "2007-09-30": -6194, "2007-06-30": 2213, "2007-03-31": "4833.00000", "2006-12-31": 6204, "2006-09-30": 1529, "2006-06-30": 3586, "2006-03-31": "16657.00000", "2005-12-31": -6221, "2005-09-30": -11936, "2005-06-30": 1143, "2005-03-31": "5029.00000"}, "Net Change In Property, Plant, And Equipment": {"2020-12-31": 0, "2020-09-30": 0, "2020-06-30": 0, "2020-03-31": "", "2019-12-31": 0, "2019-09-30": 0, "2019-06-30": 0, "2019-03-31": "", "2018-12-31": 0, "2018-09-30": 0, "2018-06-30": 0, "2018-03-31": "", "2017-12-31": 0, "2017-09-30": 0, "2017-06-30": 0, "2017-03-31": "", "2016-12-31": 0, "2016-09-30": 0, "2016-06-30": 0, "2016-03-31": "", "2015-12-31": 0, "2015-09-30": 0, "2015-06-30": 0, "2015-03-31": "", "2014-12-31": 0, "2014-09-30": 0, "2014-06-30": 0, "2014-03-31": "", "2013-12-31": 0, "2013-09-30": 0, "2013-06-30": 0, "2013-03-31": "", "2012-12-31": 0, "2012-09-30": 0, "2012-06-30": 0, "2012-03-31": "", "2011-12-31": 0, "2011-09-30": 0, "2011-06-30": 0, "2011-03-31": "", "2010-12-31": 0, "2010-09-30": 0, "2010-06-30": 0, "2010-03-31": "", "2009-12-31": 0, "2009-09-30": 0, "2009-06-30": 0, "2009-03-31": "", "2008-12-31": 0, "2008-09-30": 0, "2008-06-30": 0, "2008-03-31": "", "2007-12-31": 0, "2007-09-30": 0, "2007-06-30": 0, "2007-03-31": "", "2006-12-31": 0, "2006-09-30": 0, "2006-06-30": 0, "2006-03-31": "", "2005-12-31": 0, "2005-09-30": 0, "2005-06-30": 0, "2005-03-31": ""}, "Net Change In Intangible Assets": {"2020-12-31": 0, "2020-09-30": 0, "2020-06-30": 0, "2020-03-31": "", "2019-12-31": 0, "2019-09-30": 0, "2019-06-30": 0, "2019-03-31": "", "2018-12-31": 0, "2018-09-30": 0, "2018-06-30": 0, "2018-03-31": "", "2017-12-31": 0, "2017-09-30": 0, "2017-06-30": 0, "2017-03-31": "", "2016-12-31": 0, "2016-09-30": 0, "2016-06-30": 0, "2016-03-31": "", "2015-12-31": 96, "2015-09-30": -51, "2015-06-30": -24, "2015-03-31": "-21.00000", "2014-12-31": 119, "2014-09-30": -47, "2014-06-30": -32, "2014-03-31": "-40.00000", "2013-12-31": -64, "2013-09-30": -59, "2013-06-30": 134, "2013-03-31": "396.00000", "2012-12-31": -43, "2012-09-30": -42, "2012-06-30": 215, "2012-03-31": "-14.00000", "2011-12-31": -53, "2011-09-30": -21, "2011-06-30": -36, "2011-03-31": "-45.00000", "2010-12-31": -36, "2010-09-30": -14, "2010-06-30": -7, "2010-03-31": "-8.00000", "2009-12-31": -1, "2009-09-30": 0, "2009-06-30": -5, "2009-03-31": "-4.00000", "2008-12-31": 21, "2008-09-30": -59, "2008-06-30": 93, "2008-03-31": "37.00000", "2007-12-31": -333, "2007-09-30": 58, "2007-06-30": 1254, "2007-03-31": "-188.00000", "2006-12-31": 1588, "2006-09-30": -3379, "2006-06-30": -1025, "2006-03-31": "-723.00000", "2005-12-31": 979, "2005-09-30": -1930, "2005-06-30": 29, "2005-03-31": "-1021.00000"}, "Net Acquisitions/Divestitures": {"2020-12-31": 0, "2020-09-30": 0, "2020-06-30": 0, "2020-03-31": "", "2019-12-31": 0, "2019-09-30": 0, "2019-06-30": 0, "2019-03-31": "", "2018-12-31": 10, "2018-09-30": -10, "2018-06-30": 0, "2018-03-31": "", "2017-12-31": 23, "2017-09-30": -20, "2017-06-30": 43, "2017-03-31": "-46.00000", "2016-12-31": -787, "2016-09-30": -810, "2016-06-30": -83, "2016-03-31": "-28904.00000", "2015-12-31": -3, "2015-09-30": 0, "2015-06-30": 0, "2015-03-31": "", "2014-12-31": 0, "2014-09-30": 0, "2014-06-30": -174, "2014-03-31": "", "2013-12-31": 0, "2013-09-30": 0, "2013-06-30": 0, "2013-03-31": "", "2012-12-31": -3, "2012-09-30": -5231, "2012-06-30": 1338, "2012-03-31": "-426.00000", "2011-12-31": -108, "2011-09-30": -245, "2011-06-30": 0, "2011-03-31": "", "2010-12-31": -13, "2010-09-30": -23, "2010-06-30": 0, "2010-03-31": "", "2009-12-31": -6, "2009-09-30": 0, "2009-06-30": -9, "2009-03-31": "-123.00000", "2008-12-31": 11793, "2008-09-30": -204, "2008-06-30": -340, "2008-03-31": "-46.00000", "2007-12-31": 51, "2007-09-30": -37, "2007-06-30": -2825, "2007-03-31": "", "2006-12-31": -100, "2006-09-30": -194, "2006-06-30": -66, "2006-03-31": "-266.00000", "2005-12-31": 12, "2005-09-30": 60, "2005-06-30": -11, "2005-03-31": "5.00000"}, "Net Change In Short-term Investments": {"2020-12-31": -32836, "2020-09-30": 9985, "2020-06-30": 7176, "2020-03-31": "15675.00000", "2019-12-31": 911, "2019-09-30": 9068, "2019-06-30": -13498, "2019-03-31": "-18414.00000", "2018-12-31": 3264, "2018-09-30": -3287, "2018-06-30": -5727, "2018-03-31": "4566.00000", "2017-12-31": -12935, "2017-09-30": 1541, "2017-06-30": 2292, "2017-03-31": "-12395.00000", "2016-12-31": 12549, "2016-09-30": -2804, "2016-06-30": 5026, "2016-03-31": "-30518.00000", "2015-12-31": -15319, "2015-09-30": -22591, "2015-06-30": 59070, "2015-03-31": "-33026.00000", "2014-12-31": 3503, "2014-09-30": -21614, "2014-06-30": -14789, "2014-03-31": "-8878.00000", "2013-12-31": -31765, "2013-09-30": -33372, "2013-06-30": -4861, "2013-03-31": "-8186.00000", "2012-12-31": -36871, "2012-09-30": -25807, "2012-06-30": -492, "2012-03-31": "-29776.00000", "2011-12-31": 45437, "2011-09-30": -1398, "2011-06-30": 4635, "2011-03-31": "-12404.00000", "2010-12-31": -24088, "2010-09-30": 17349, "2010-06-30": -19706, "2010-03-31": "-13307.00000", "2009-12-31": -23394, "2009-09-30": -1515, "2009-06-30": 2649, "2009-03-31": "30808.00000", "2008-12-31": 56350, "2008-09-30": -3967, "2008-06-30": 83, "2008-03-31": "-1417.00000", "2007-12-31": 1792, "2007-09-30": 617, "2007-06-30": -488, "2007-03-31": "1410.00000", "2006-12-31": -1999, "2006-09-30": 1288, "2006-06-30": -376, "2006-03-31": "370.00000", "2005-12-31": 555, "2005-09-30": -195, "2005-06-30": -877, "2005-03-31": "236.00000"}, "Net Change In Long-Term Investments": {"2020-12-31": -30927, "2020-09-30": 8186, "2020-06-30": 33016, "2020-03-31": "-10275.00000", "2019-12-31": 3881, "2019-09-30": -11573, "2019-06-30": 6223, "2019-03-31": "4695.00000", "2018-12-31": -8285, "2018-09-30": -199, "2018-06-30": 4027, "2018-03-31": "-822.00000", "2017-12-31": -10668, "2017-09-30": -231, "2017-06-30": 5538, "2017-03-31": "1849.00000", "2016-12-31": -35349, "2016-09-30": -31988, "2016-06-30": -13912, "2016-03-31": "14919.00000", "2015-12-31": -5815, "2015-09-30": -5821, "2015-06-30": -17842, "2015-03-31": "-9947.00000", "2014-12-31": -20861, "2014-09-30": -12776, "2014-06-30": -6290, "2014-03-31": "-3304.00000", "2013-12-31": -6341, "2013-09-30": -13791, "2013-06-30": -4539, "2013-03-31": "-17677.00000", "2012-12-31": 139, "2012-09-30": -447, "2012-06-30": 1865, "2012-03-31": "-1731.00000", "2011-12-31": -17118, "2011-09-30": -23424, "2011-06-30": -13426, "2011-03-31": "8181.00000", "2010-12-31": 1808, "2010-09-30": -14314, "2010-06-30": 8728, "2010-03-31": "6899.00000", "2009-12-31": 10876, "2009-09-30": 29256, "2009-06-30": -22498, "2009-03-31": "-21070.00000", "2008-12-31": -1414, "2008-09-30": 1860, "2008-06-30": -11396, "2008-03-31": "-9268.00000", "2007-12-31": -8607, "2007-09-30": 20171, "2007-06-30": -27474, "2007-03-31": "-2724.00000", "2006-12-31": 9857, "2006-09-30": 19344, "2006-06-30": -21249, "2006-03-31": "-9789.00000", "2005-12-31": -4663, "2005-09-30": -2234, "2005-06-30": 2812, "2005-03-31": "1482.00000"}, "Net Change In Investments - Total": {"2020-12-31": -63763, "2020-09-30": 18171, "2020-06-30": 40192, "2020-03-31": "5400.00000", "2019-12-31": 4792, "2019-09-30": -2505, "2019-06-30": -7275, "2019-03-31": "-13719.00000", "2018-12-31": -5021, "2018-09-30": -3486, "2018-06-30": -1700, "2018-03-31": "3744.00000", "2017-12-31": -23603, "2017-09-30": 1310, "2017-06-30": 7830, "2017-03-31": "-10546.00000", "2016-12-31": -22800, "2016-09-30": -34792, "2016-06-30": -8886, "2016-03-31": "-15599.00000", "2015-12-31": -21134, "2015-09-30": -28412, "2015-06-30": 41228, "2015-03-31": "-42973.00000", "2014-12-31": -17358, "2014-09-30": -34390, "2014-06-30": -21079, "2014-03-31": "-12182.00000", "2013-12-31": -38106, "2013-09-30": -47163, "2013-06-30": -9400, "2013-03-31": "-25863.00000", "2012-12-31": -36732, "2012-09-30": -26254, "2012-06-30": 1373, "2012-03-31": "-31507.00000", "2011-12-31": 28319, "2011-09-30": -24822, "2011-06-30": -8791, "2011-03-31": "-4223.00000", "2010-12-31": -22280, "2010-09-30": 3035, "2010-06-30": -10978, "2010-03-31": "-6408.00000", "2009-12-31": -12518, "2009-09-30": 27741, "2009-06-30": -19849, "2009-03-31": "9738.00000", "2008-12-31": 54936, "2008-09-30": -2107, "2008-06-30": -11313, "2008-03-31": "-10685.00000", "2007-12-31": -6815, "2007-09-30": 20788, "2007-06-30": -27962, "2007-03-31": "-1314.00000", "2006-12-31": 7858, "2006-09-30": 20632, "2006-06-30": -21625, "2006-03-31": "-9419.00000", "2005-12-31": -4108, "2005-09-30": -2429, "2005-06-30": 1935, "2005-03-31": "1718.00000"}, "Investing Activities - Other": {"2020-12-31": -38279, "2020-09-30": 24487, "2020-06-30": 63495, "2020-03-31": "-49703.00000", "2019-12-31": -7318, "2019-09-30": -4876, "2019-06-30": -3423, "2019-03-31": "4693.00000", "2018-12-31": -13234, "2018-09-30": 3276, "2018-06-30": 2250, "2018-03-31": "6417.00000", "2017-12-31": -4356, "2017-09-30": 5362, "2017-06-30": 2158, "2017-03-31": "8693.00000", "2016-12-31": -9144, "2016-09-30": -4082, "2016-06-30": -10169, "2016-03-31": "-5863.00000", "2015-12-31": -13761, "2015-09-30": -15844, "2015-06-30": -26406, "2015-03-31": "70.00000", "2014-12-31": -15866, "2014-09-30": -8093, "2014-06-30": -13235, "2014-03-31": "-6003.00000", "2013-12-31": -12567, "2013-09-30": -14557, "2013-06-30": -5553, "2013-03-31": "-690.00000", "2012-12-31": -17336, "2012-09-30": -6530, "2012-06-30": -17684, "2012-03-31": "-1014.00000", "2011-12-31": -11433, "2011-09-30": -16418, "2011-06-30": -2668, "2011-03-31": "5500.00000", "2010-12-31": -6882, "2010-09-30": 10818, "2010-06-30": 10010, "2010-03-31": "19111.00000", "2009-12-31": 9156, "2009-09-30": 22931, "2009-06-30": 25644, "2009-03-31": "9090.00000", "2008-12-31": -27301, "2008-09-30": -13191, "2008-06-30": -12069, "2008-03-31": "-7726.00000", "2007-12-31": -13695, "2007-09-30": -24855, "2007-06-30": -13324, "2007-03-31": "-8150.00000", "2006-12-31": -10124, "2006-09-30": -8594, "2006-06-30": 12368, "2006-03-31": "-3513.00000", "2005-12-31": -15298, "2005-09-30": 3395, "2005-06-30": -2562, "2005-03-31": "-8191.00000"}, "Cash Flow From Investing Activities": {"2020-12-31": -102042, "2020-09-30": 42658, "2020-06-30": 103687, "2020-03-31": "-44303.00000", "2019-12-31": -2526, "2019-09-30": -7381, "2019-06-30": -10698, "2019-03-31": "-9026.00000", "2018-12-31": -18245, "2018-09-30": -220, "2018-06-30": 550, "2018-03-31": "10161.00000", "2017-12-31": -27936, "2017-09-30": 6652, "2017-06-30": 10031, "2017-03-31": "-1899.00000", "2016-12-31": -32731, "2016-09-30": -39684, "2016-06-30": -19138, "2016-03-31": "-50366.00000", "2015-12-31": -34802, "2015-09-30": -44307, "2015-06-30": 14798, "2015-03-31": "-42924.00000", "2014-12-31": -33105, "2014-09-30": -42530, "2014-06-30": -34520, "2014-03-31": "-18225.00000", "2013-12-31": -50737, "2013-09-30": -61779, "2013-06-30": -14819, "2013-03-31": "-26157.00000", "2012-12-31": -54114, "2012-09-30": -38057, "2012-06-30": -14758, "2012-03-31": "-32961.00000", "2011-12-31": 16725, "2011-09-30": -41506, "2011-06-30": -11495, "2011-03-31": "1232.00000", "2010-12-31": -29211, "2010-09-30": 13816, "2010-06-30": -975, "2010-03-31": "12695.00000", "2009-12-31": -3369, "2009-09-30": 50672, "2009-06-30": 5781, "2009-03-31": "18701.00000", "2008-12-31": 39449, "2008-09-30": -15561, "2008-06-30": -23629, "2008-03-31": "-18420.00000", "2007-12-31": -20792, "2007-09-30": -4046, "2007-06-30": -42857, "2007-03-31": "-9652.00000", "2006-12-31": -778, "2006-09-30": 8465, "2006-06-30": -10348, "2006-03-31": "-13921.00000", "2005-12-31": -18415, "2005-09-30": -904, "2005-06-30": -609, "2005-03-31": "-7489.00000"}, "Net Long-Term Debt": {"2020-12-31": 23250, "2020-09-30": -16340, "2020-06-30": -8242, "2020-03-31": "1332.00000", "2019-12-31": -1895, "2019-09-30": -12454, "2019-06-30": 1294, "2019-03-31": "5440.00000", "2018-12-31": 5052, "2018-09-30": 2975, "2018-06-30": -4889, "2018-03-31": "3892.00000", "2017-12-31": -15482, "2017-09-30": -1920, "2017-06-30": -20863, "2017-03-31": "1038.00000", "2016-12-31": 11477, "2016-09-30": 10339, "2016-06-30": 14422, "2016-03-31": "19411.00000", "2015-12-31": 15306, "2015-09-30": 4660, "2015-06-30": -3915, "2015-03-31": "-354.00000", "2014-12-31": -2165, "2014-09-30": 16730, "2014-06-30": 12864, "2014-03-31": "-1104.00000", "2013-12-31": 2048, "2013-09-30": 26120, "2013-06-30": -1050, "2013-03-31": "686.00000", "2012-12-31": -3124, "2012-09-30": 4714, "2012-06-30": -5750, "2012-03-31": "3762.00000", "2011-12-31": -13211, "2011-09-30": -10668, "2011-06-30": -6273, "2011-03-31": "-8716.00000", "2010-12-31": -4676, "2010-09-30": -25392, "2010-06-30": -14667, "2010-03-31": "-15093.00000", "2009-12-31": -7335, "2009-09-30": -19243, "2009-06-30": -17220, "2009-03-31": "-14066.00000", "2008-12-31": -1470, "2008-09-30": 4792, "2008-06-30": 1952, "2008-03-31": "568.00000", "2007-12-31": 3387, "2007-09-30": 1461, "2007-06-30": 3082, "2007-03-31": "3180.00000", "2006-12-31": 3291, "2006-09-30": 390, "2006-06-30": -888, "2006-03-31": "4853.00000", "2005-12-31": 3082, "2005-09-30": -4451, "2005-06-30": 5931, "2005-03-31": "3335.00000"}, "Net Current Debt": {"2020-12-31": 49288, "2020-09-30": -5261, "2020-06-30": -31804, "2020-03-31": "-12223.00000", "2019-12-31": -19396, "2019-09-30": 8564, "2019-06-30": 8747, "2019-03-31": "810.00000", "2018-12-31": 336, "2018-09-30": 955, "2018-06-30": 6405, "2018-03-31": "-5165.00000", "2017-12-31": 9365, "2017-09-30": -1459, "2017-06-30": 7178, "2017-03-31": "-1064.00000", "2016-12-31": -28080, "2016-09-30": 4152, "2016-06-30": 12555, "2016-03-31": "10175.00000", "2015-12-31": 9459, "2015-09-30": 5106, "2015-06-30": 5271, "2015-03-31": "14174.00000", "2014-12-31": 493, "2014-09-30": -424, "2014-06-30": 4158, "2014-03-31": "3808.00000", "2013-12-31": -55, "2013-09-30": -3132, "2013-06-30": -3710, "2013-03-31": "3507.00000", "2012-12-31": 5218, "2012-09-30": -4066, "2012-06-30": 5059, "2012-03-31": "1488.00000", "2011-12-31": -1684, "2011-09-30": -3106, "2011-06-30": -777, "2011-03-31": "-664.00000", "2010-12-31": 4686, "2010-09-30": 5528, "2010-06-30": -1146, "2010-03-31": "2240.00000", "2009-12-31": 8166, "2009-09-30": -24683, "2009-06-30": -16601, "2009-03-31": "-35990.00000", "2008-12-31": -46686, "2008-09-30": -1086, "2008-06-30": 32156, "2008-03-31": "728.00000", "2007-12-31": 11067, "2007-09-30": 891, "2007-06-30": 27517, "2007-03-31": "352.00000", "2006-12-31": -1017, "2006-09-30": 180, "2006-06-30": -7777, "2006-03-31": "-2542.00000", "2005-12-31": 648, "2005-09-30": 5287, "2005-06-30": -6546, "2005-03-31": "2489.00000"}, "Debt Issuance/Retirement Net - Total": {"2020-12-31": 72538, "2020-09-30": -21601, "2020-06-30": -40046, "2020-03-31": "-10891.00000", "2019-12-31": -21291, "2019-09-30": -3890, "2019-06-30": 10041, "2019-03-31": "6250.00000", "2018-12-31": 5388, "2018-09-30": 3930, "2018-06-30": 1516, "2018-03-31": "-1273.00000", "2017-12-31": -6117, "2017-09-30": -3379, "2017-06-30": -13685, "2017-03-31": "-26.00000", "2016-12-31": -16603, "2016-09-30": 14491, "2016-06-30": 26977, "2016-03-31": "29586.00000", "2015-12-31": 24765, "2015-09-30": 9766, "2015-06-30": 1356, "2015-03-31": "13820.00000", "2014-12-31": -1672, "2014-09-30": 16306, "2014-06-30": 17022, "2014-03-31": "2704.00000", "2013-12-31": 1993, "2013-09-30": 22988, "2013-06-30": -4760, "2013-03-31": "4193.00000", "2012-12-31": 2094, "2012-09-30": 648, "2012-06-30": -691, "2012-03-31": "5250.00000", "2011-12-31": -14895, "2011-09-30": -13774, "2011-06-30": -7050, "2011-03-31": "-9380.00000", "2010-12-31": 10, "2010-09-30": -19864, "2010-06-30": -15813, "2010-03-31": "-12853.00000", "2009-12-31": 831, "2009-09-30": -43926, "2009-06-30": -33821, "2009-03-31": "-50056.00000", "2008-12-31": -48156, "2008-09-30": 3706, "2008-06-30": 34108, "2008-03-31": "1296.00000", "2007-12-31": 14454, "2007-09-30": 2352, "2007-06-30": 30599, "2007-03-31": "3532.00000", "2006-12-31": 2274, "2006-09-30": 570, "2006-06-30": -8665, "2006-03-31": "2311.00000", "2005-12-31": 3730, "2005-09-30": 836, "2005-06-30": -615, "2005-03-31": "5824.00000"}, "Net Common Equity Issued/Repurchased": {"2020-12-31": 2899, "2020-09-30": 56, "2020-06-30": 243, "2020-03-31": "-3198.00000", "2019-12-31": -7645, "2019-09-30": -7334, "2019-06-30": -4837, "2019-03-31": "-4639.00000", "2018-12-31": -7546, "2018-09-30": -7280, "2018-06-30": -2859, "2018-03-31": "-2647.00000", "2017-12-31": -2932, "2017-09-30": -2418, "2017-06-30": -2137, "2017-03-31": "-1603.00000", "2016-12-31": -2137, "2016-09-30": -1610, "2016-06-30": -1898, "2016-03-31": "-1550.00000", "2015-12-31": -2381, "2015-09-30": -1695, "2015-06-30": -1596, "2015-03-31": "-1978.00000", "2014-12-31": -2481, "2014-09-30": -2166, "2014-06-30": -2519, "2014-03-31": "-408.00000", "2013-12-31": -1089, "2013-09-30": -1542, "2013-06-30": -762, "2013-03-31": "261.00000", "2012-12-31": -1231, "2012-09-30": 193, "2012-06-30": -1605, "2012-03-31": "815.00000", "2011-12-31": -373, "2011-09-30": -478, "2011-06-30": -850, "2011-03-31": "579.00000", "2010-12-31": 304, "2010-09-30": 178, "2010-06-30": -169, "2010-03-31": "426.00000", "2009-12-31": 12246, "2009-09-30": 265, "2009-06-30": 8775, "2009-03-31": "470.00000", "2008-12-31": 14767, "2008-09-30": 19, "2008-06-30": 122, "2008-03-31": "-34.00000", "2007-12-31": -2308, "2007-09-30": -1540, "2007-06-30": -511, "2007-03-31": "-1183.00000", "2006-12-31": -54, "2006-09-30": 107, "2006-06-30": -93, "2006-03-31": "-161.00000", "2005-12-31": -308, "2005-09-30": -710, "2005-06-30": -480, "2005-03-31": "-294.00000"}, "Net Total Equity Issued/Repurchased": {"2020-12-31": 3401, "2020-09-30": 56, "2020-06-30": 243, "2020-03-31": "-3700.00000", "2019-12-31": -7645, "2019-09-30": -8884, "2019-06-30": -4837, "2019-03-31": "-4639.00000", "2018-12-31": -7546, "2018-09-30": -9430, "2018-06-30": -2859, "2018-03-31": "-2647.00000", "2017-12-31": -2932, "2017-09-30": -2418, "2017-06-30": -1460, "2017-03-31": "-1603.00000", "2016-12-31": -2137, "2016-09-30": -1610, "2016-06-30": -772, "2016-03-31": "-575.00000", "2015-12-31": -2381, "2015-09-30": -720, "2015-06-30": -1596, "2015-03-31": "19.00000", "2014-12-31": -2481, "2014-09-30": -1386, "2014-06-30": -524, "2014-03-31": "-408.00000", "2013-12-31": -261, "2013-09-30": 165, "2013-06-30": -762, "2013-03-31": "871.00000", "2012-12-31": -596, "2012-09-30": 935, "2012-06-30": -1605, "2012-03-31": "815.00000", "2011-12-31": -373, "2011-09-30": -478, "2011-06-30": -850, "2011-03-31": "3080.00000", "2010-12-31": 304, "2010-09-30": 178, "2010-06-30": -169, "2010-03-31": "426.00000", "2009-12-31": -12754, "2009-09-30": 265, "2009-06-30": 8775, "2009-03-31": "470.00000", "2008-12-31": 37441, "2008-09-30": 19, "2008-06-30": 122, "2008-03-31": "-34.00000", "2007-12-31": -2308, "2007-09-30": -1540, "2007-06-30": -511, "2007-03-31": "-1183.00000", "2006-12-31": -54, "2006-09-30": 107, "2006-06-30": -93, "2006-03-31": "-161.00000", "2005-12-31": -308, "2005-09-30": -710, "2005-06-30": -480, "2005-03-31": "-294.00000"}, "Total Common And Preferred Stock Dividends Paid": {"2020-12-31": 5364, "2020-09-30": -655, "2020-06-30": -2397, "2020-03-31": "-2312.00000", "2019-12-31": -2466, "2019-09-30": -2458, "2019-06-30": -2374, "2019-03-31": "-2291.00000", "2018-12-31": -2373, "2018-09-30": -2347, "2018-06-30": -2309, "2018-03-31": "-2285.00000", "2017-12-31": -2278, "2017-09-30": -2309, "2017-06-30": -2255, "2017-03-31": "-2267.00000", "2016-12-31": -2256, "2016-09-30": -2279, "2016-06-30": -2259, "2016-03-31": "-2244.00000", "2015-12-31": -2234, "2015-09-30": -2246, "2015-06-30": -2220, "2015-03-31": "-2126.00000", "2014-12-31": -2081, "2014-09-30": -2145, "2014-06-30": -2020, "2014-03-31": "-1897.00000", "2013-12-31": -1748, "2013-09-30": -1886, "2013-06-30": -1746, "2013-03-31": "-1590.00000", "2012-12-31": -1231, "2012-09-30": -1451, "2012-06-30": -1324, "2012-03-31": "-1451.00000", "2011-12-31": -785, "2011-09-30": -923, "2011-06-30": -788, "2011-03-31": "-885.00000", "2010-12-31": -379, "2010-09-30": -514, "2010-06-30": -378, "2010-03-31": "-511.00000", "2009-12-31": -796, "2009-09-30": -797, "2009-06-30": -644, "2009-03-31": "-2066.00000", "2008-12-31": -1134, "2008-09-30": -1128, "2008-06-30": -1026, "2008-03-31": "-1024.00000", "2007-12-31": -1036, "2007-09-30": -1034, "2007-06-30": -937, "2007-03-31": "-948.00000", "2006-12-31": -946, "2006-09-30": -3, "2006-06-30": -1818, "2006-03-31": "-874.00000", "2005-12-31": -870, "2005-09-30": -879, "2005-06-30": -811, "2005-03-31": "-815.00000"}, "Financial Activities - Other": {"2020-12-31": -59965, "2020-09-30": -27615, "2020-06-30": 34088, "2020-03-31": "53492.00000", "2019-12-31": 14024, "2019-09-30": 19892, "2019-06-30": 23996, "2019-03-31": "-22564.00000", "2018-12-31": 21506, "2018-09-30": -2517, "2018-06-30": -34995, "2018-03-31": "-32738.00000", "2017-12-31": 29724, "2017-09-30": 828, "2017-06-30": -19690, "2017-03-31": "18947.00000", "2016-12-31": 30605, "2016-09-30": 30359, "2016-06-30": 3850, "2016-03-31": "17658.00000", "2015-12-31": 20265, "2015-09-30": 16278, "2015-06-30": -10793, "2015-03-31": "28918.00000", "2014-12-31": 38013, "2014-09-30": 12090, "2014-06-30": 24185, "2014-03-31": "14797.00000", "2013-12-31": 37321, "2013-09-30": 20398, "2013-06-30": 10831, "2013-03-31": "7903.00000", "2012-12-31": 50370, "2012-09-30": 23292, "2012-06-30": -1287, "2012-03-31": "10002.00000", "2011-12-31": 24578, "2011-09-30": 41708, "2011-06-30": 15914, "2011-03-31": "-10324.00000", "2010-12-31": 33347, "2010-09-30": -1132, "2010-06-30": 10632, "2010-03-31": "-19417.00000", "2009-12-31": 22572, "2009-09-30": -17014, "2009-06-30": 16385, "2009-03-31": "15495.00000", "2008-12-31": 291, "2008-09-30": 12791, "2008-06-30": -22278, "2008-03-31": "16961.00000", "2007-12-31": 3805, "2007-09-30": 9948, "2007-06-30": 11722, "2007-03-31": "875.00000", "2006-12-31": -4263, "2006-09-30": -12146, "2006-06-30": 18183, "2006-03-31": "-6185.00000", "2005-12-31": 23550, "2005-09-30": 13562, "2005-06-30": 1867, "2005-03-31": "-1691.00000"}, "Cash Flow From Financial Activities": {"2020-12-31": 21338, "2020-09-30": -49815, "2020-06-30": -8112, "2020-03-31": "36589.00000", "2019-12-31": -17378, "2019-09-30": 4660, "2019-06-30": 26826, "2019-03-31": "-23244.00000", "2018-12-31": 16975, "2018-09-30": -10364, "2018-06-30": -38647, "2018-03-31": "-38943.00000", "2017-12-31": 18397, "2017-09-30": -7278, "2017-06-30": -37090, "2017-03-31": "15051.00000", "2016-12-31": 9609, "2016-09-30": 40961, "2016-06-30": 27796, "2016-03-31": "44425.00000", "2015-12-31": 40415, "2015-09-30": 23078, "2015-06-30": -13253, "2015-03-31": "40631.00000", "2014-12-31": 31779, "2014-09-30": 24865, "2014-06-30": 38663, "2014-03-31": "15196.00000", "2013-12-31": 37305, "2013-09-30": 41665, "2013-06-30": 3563, "2013-03-31": "11377.00000", "2012-12-31": 50637, "2012-09-30": 23424, "2012-06-30": -4907, "2012-03-31": "14616.00000", "2011-12-31": 8525, "2011-09-30": 26533, "2011-06-30": 7226, "2011-03-31": "-17509.00000", "2010-12-31": 33282, "2010-09-30": -21332, "2010-06-30": -5728, "2010-03-31": "-32355.00000", "2009-12-31": 9853, "2009-09-30": -61472, "2009-06-30": -9305, "2009-03-31": "-36157.00000", "2008-12-31": -11558, "2008-09-30": 15388, "2008-06-30": 10926, "2008-03-31": "17199.00000", "2007-12-31": 14915, "2007-09-30": 9726, "2007-06-30": 40873, "2007-03-31": "2276.00000", "2006-12-31": -2989, "2006-09-30": -11472, "2006-06-30": 7607, "2006-03-31": "-4909.00000", "2005-12-31": 26102, "2005-09-30": 12809, "2005-06-30": -39, "2005-03-31": "3024.00000"}, "Net Cash Flow": {"2020-12-31": -105520, "2020-09-30": -15733, "2020-06-30": 111694, "2020-03-31": "9559.00000", "2019-12-31": -7481, "2019-09-30": -15696, "2019-06-30": 15459, "2019-03-31": "-24319.00000", "2018-12-31": 13764, "2018-09-30": -3926, "2018-06-30": -38946, "2018-03-31": "-13552.00000", "2017-12-31": -9264, "2017-09-30": 8906, "2017-06-30": -31385, "2017-03-31": "26290.00000", "2016-12-31": -18296, "2016-09-30": -1120, "2016-06-30": 1323, "2016-03-31": "-27.00000", "2015-12-31": 1716, "2015-09-30": -2292, "2015-06-30": -106, "2015-03-31": "222.00000", "2014-12-31": 1539, "2014-09-30": -2603, "2014-06-30": 904, "2014-03-31": "-188.00000", "2013-12-31": 991, "2013-09-30": 989, "2013-06-30": 1722, "2013-03-31": "-5643.00000", "2012-12-31": 4874, "2012-09-30": 175, "2012-06-30": -189, "2012-03-31": "-2440.00000", "2011-12-31": 1126, "2011-09-30": -5745, "2011-06-30": 7081, "2011-03-31": "934.00000", "2010-12-31": 43, "2010-09-30": -1570, "2010-06-30": 1270, "2010-03-31": "-10779.00000", "2009-12-31": 9847, "2009-09-30": -3399, "2009-06-30": -1554, "2009-03-31": "-1577.00000", "2008-12-31": 10902, "2008-09-30": -749, "2008-06-30": 464, "2008-03-31": "-1611.00000", "2007-12-31": 2557, "2007-09-30": -514, "2007-06-30": 229, "2007-03-31": "-2543.00000", "2006-12-31": 2437, "2006-09-30": -1478, "2006-06-30": 845, "2006-03-31": "-2173.00000", "2005-12-31": 1466, "2005-09-30": -31, "2005-06-30": 495, "2005-03-31": "564.00000"}, "Stock-Based Compensation": {"2020-12-31": -1337, "2020-09-30": 384, "2020-06-30": 371, "2020-03-31": "582.00000", "2019-12-31": 389, "2019-09-30": 497, "2019-06-30": 486, "2019-03-31": "902.00000", "2018-12-31": 396, "2018-09-30": 573, "2018-06-30": 494, "2018-03-31": "792.00000", "2017-12-31": 451, "2017-09-30": 409, "2017-06-30": 446, "2017-03-31": "740.00000", "2016-12-31": 471, "2016-09-30": 298, "2016-06-30": 460, "2016-03-31": "716.00000", "2015-12-31": 433, "2015-09-30": 347, "2015-06-30": 470, "2015-03-31": "708.00000", "2014-12-31": 387, "2014-09-30": 381, "2014-06-30": 452, "2014-03-31": "692.00000", "2013-12-31": 385, "2013-09-30": 396, "2013-06-30": 514, "2013-03-31": "625.00000", "2012-12-31": 395, "2012-09-30": 264, "2012-06-30": 500, "2012-03-31": "539.00000", "2011-12-31": 210, "2011-09-30": 242, "2011-06-30": 282, "2011-03-31": "754.00000", "2010-12-31": 232, "2010-09-30": 216, "2010-06-30": 400, "2010-03-31": "384.00000", "2009-12-31": 130, "2009-09-30": 50, "2009-06-30": 57, "2009-03-31": "114.00000", "2008-12-31": 148, "2008-09-30": 129, "2008-06-30": 146, "2008-03-31": "205.00000", "2007-12-31": 117, "2007-09-30": 116, "2007-06-30": 136, "2007-03-31": "178.00000", "2006-12-31": 107, "2006-09-30": 111, "2006-06-30": 114, "2006-03-31": "157.00000", "2005-12-31": 63, "2005-09-30": 74, "2005-06-30": 73, "2005-03-31": "97.00000"}, "Common Stock Dividends Paid": {"2020-12-31": 4454, "2020-09-30": -399, "2020-06-30": -2023, "2020-03-31": "-2032.00000", "2019-12-31": -2080, "2019-09-30": -2164, "2019-06-30": -1957, "2019-03-31": "-1997.00000", "2018-12-31": -1962, "2018-09-30": -2008, "2018-06-30": -1855, "2018-03-31": "-1867.00000", "2017-12-31": -1875, "2017-09-30": -1890, "2017-06-30": -1856, "2017-03-31": "-1859.00000", "2016-12-31": -1863, "2016-09-30": -1870, "2016-06-30": -1881, "2016-03-31": "-1858.00000", "2015-12-31": -1871, "2015-09-30": -1882, "2015-06-30": -1885, "2015-03-31": "-1762.00000", "2014-12-31": -1774, "2014-09-30": -1787, "2014-06-30": -1802, "2014-03-31": "-1545.00000", "2013-12-31": -1544, "2013-09-30": -1559, "2013-06-30": -1566, "2013-03-31": "-1284.00000", "2012-12-31": -1065, "2012-09-30": -1164, "2012-06-30": -1171, "2012-03-31": "-1165.00000", "2011-12-31": -632, "2011-09-30": -636, "2011-06-30": -635, "2011-03-31": "-634.00000", "2010-12-31": -262, "2010-09-30": -263, "2010-06-30": -260, "2010-03-31": "-260.00000", "2009-12-31": -234, "2009-09-30": -234, "2009-06-30": -214, "2009-03-31": "-1443.00000", "2008-12-31": -1134, "2008-09-30": -1128, "2008-06-30": -1026, "2008-03-31": "-1024.00000", "2007-12-31": -1036, "2007-09-30": -1034, "2007-06-30": -937, "2007-03-31": "-948.00000", "2006-12-31": -946, "2006-09-30": -3, "2006-06-30": -1818, "2006-03-31": "-874.00000", "2005-12-31": -870, "2005-09-30": -879, "2005-06-30": -811, "2005-03-31": "-815.00000"}}, "financial ratios": {"Current Ratio": {"2019-12-31": "", "2018-12-31": "", "2017-12-31": "", "2016-12-31": "", "2015-12-31": "", "2014-12-31": "", "2013-12-31": "", "2012-12-31": "", "2011-12-31": "", "2010-12-31": "", "2009-12-31": "", "2008-12-31": "", "2007-12-31": "", "2006-12-31": "", "2005-12-31": ""}, "Long-term Debt / Capital": {"2019-12-31": "0.54830", "2018-12-31": "0.53750", "2017-12-31": "0.51960", "2016-12-31": "0.55990", "2015-12-31": "0.50720", "2014-12-31": "0.49820", "2013-12-31": "0.47220", "2012-12-31": "0.44490", "2011-12-31": "0.46940", "2010-12-31": "0.55110", "2009-12-31": "0.64060", "2008-12-31": "0.72310", "2007-12-31": "0.67600", "2006-12-31": "0.65540", "2005-12-31": "0.66210"}, "Debt/Equity Ratio": {"2019-12-31": "1.76980", "2018-12-31": "1.69910", "2017-12-31": "1.57770", "2016-12-31": "1.75490", "2015-12-31": "1.53210", "2014-12-31": "1.33570", "2013-12-31": "1.20980", "2012-12-31": "1.16140", "2011-12-31": "1.23120", "2010-12-31": "1.66070", "2009-12-31": "2.12340", "2008-12-31": "3.66740", "2007-12-31": "3.20500", "2006-12-31": "2.18220", "2005-12-31": "2.54700"}, "Gross Margin": {"2019-12-31": "", "2018-12-31": "", "2017-12-31": "", "2016-12-31": "", "2015-12-31": "", "2014-12-31": "", "2013-12-31": "", "2012-12-31": "", "2011-12-31": "", "2010-12-31": "", "2009-12-31": "", "2008-12-31": "", "2007-12-31": "", "2006-12-31": "", "2005-12-31": ""}, "Operating Margin": {"2019-12-31": "", "2018-12-31": "", "2017-12-31": "", "2016-12-31": "", "2015-12-31": "", "2014-12-31": "", "2013-12-31": "", "2012-12-31": "", "2011-12-31": "", "2010-12-31": "", "2009-12-31": "", "2008-12-31": "", "2007-12-31": "", "2006-12-31": "", "2005-12-31": ""}, "EBIT Margin": {"2019-12-31": "", "2018-12-31": "", "2017-12-31": "", "2016-12-31": "", "2015-12-31": "", "2014-12-31": "", "2013-12-31": "", "2012-12-31": "", "2011-12-31": "", "2010-12-31": "", "2009-12-31": "", "2008-12-31": "", "2007-12-31": "", "2006-12-31": "", "2005-12-31": ""}, "EBITDA Margin": {"2019-12-31": "", "2018-12-31": "", "2017-12-31": "", "2016-12-31": "", "2015-12-31": "", "2014-12-31": "", "2013-12-31": "", "2012-12-31": "", "2011-12-31": "", "2010-12-31": "", "2009-12-31": "", "2008-12-31": "", "2007-12-31": "", "2006-12-31": "", "2005-12-31": ""}, "Pre-Tax Profit Margin": {"2019-12-31": "29.37510", "2018-12-31": "33.70740", "2017-12-31": "31.88530", "2016-12-31": "38.01320", "2015-12-31": "40.23320", "2014-12-31": "40.88510", "2013-12-31": "40.04980", "2012-12-31": "36.09910", "2011-12-31": "32.38370", "2010-12-31": "27.35650", "2009-12-31": "26.85550", "2008-12-31": "12.74230", "2007-12-31": "34.22400", "2006-12-31": "37.77590", "2005-12-31": "37.78050"}, "Net Profit Margin": {"2019-12-31": "21.77580", "2018-12-31": "24.43660", "2017-12-31": "23.93870", "2016-12-31": "24.11090", "2015-12-31": "25.67720", "2014-12-31": "26.30560", "2013-12-31": "25.63980", "2012-12-31": "22.82140", "2011-12-31": "20.56840", "2010-12-31": "16.74710", "2009-12-31": "11.92220", "2008-12-31": "9.14740", "2007-12-31": "23.29890", "2006-12-31": "25.14410", "2005-12-31": "25.09650"}, "Asset Turnover": {"2019-12-31": "0.04270", "2018-12-31": "0.04470", "2017-12-31": "0.04400", "2016-12-31": "0.04380", "2015-12-31": "0.04680", "2014-12-31": "0.04920", "2013-12-31": "0.05350", "2012-12-31": "0.05540", "2011-12-31": "0.05560", "2010-12-31": "0.05520", "2009-12-31": "0.05390", "2008-12-31": "0.01980", "2007-12-31": "0.06010", "2006-12-31": "0.06950", "2005-12-31": "0.06340"}, "Inventory Turnover Ratio": {"2019-12-31": "", "2018-12-31": "", "2017-12-31": "", "2016-12-31": "", "2015-12-31": "", "2014-12-31": "", "2013-12-31": "", "2012-12-31": "", "2011-12-31": "", "2010-12-31": "", "2009-12-31": "", "2008-12-31": "", "2007-12-31": "", "2006-12-31": "", "2005-12-31": ""}, "Receiveable Turnover": {"2019-12-31": "", "2018-12-31": "", "2017-12-31": "", "2016-12-31": "", "2015-12-31": "", "2014-12-31": "", "2013-12-31": "", "2012-12-31": "", "2011-12-31": "", "2010-12-31": "", "2009-12-31": "", "2008-12-31": "", "2007-12-31": "", "2006-12-31": "", "2005-12-31": ""}, "Days Sales In Receivables": {"2019-12-31": "", "2018-12-31": "", "2017-12-31": "", "2016-12-31": "", "2015-12-31": "", "2014-12-31": "", "2013-12-31": "", "2012-12-31": "", "2011-12-31": "", "2010-12-31": "", "2009-12-31": "", "2008-12-31": "", "2007-12-31": "", "2006-12-31": "", "2005-12-31": ""}, "ROE - Return On Equity": {"2019-12-31": "12.04130", "2018-12-31": "13.15830", "2017-12-31": "12.29200", "2016-12-31": "12.52940", "2015-12-31": "13.55800", "2014-12-31": "14.21750", "2013-12-31": "14.36210", "2012-12-31": "13.26320", "2011-12-31": "12.44550", "2010-12-31": "10.62330", "2009-12-31": "11.96420", "2008-12-31": "3.80090", "2007-12-31": "17.51880", "2006-12-31": "18.53400", "2005-12-31": "19.01820"}, "Return On Tangible Equity": {"2019-12-31": "13.48230", "2018-12-31": "14.80110", "2017-12-31": "13.49410", "2016-12-31": "13.82660", "2015-12-31": "15.05180", "2014-12-31": "16.21690", "2013-12-31": "17.28660", "2012-12-31": "16.06290", "2011-12-31": "15.80620", "2010-12-31": "14.51630", "2009-12-31": "17.49010", "2008-12-31": "4.24690", "2007-12-31": "47.79390", "2006-12-31": "50.81170", "2005-12-31": "44.18270"}, "ROA - Return On Assets": {"2019-12-31": "1.03970", "2018-12-31": "1.20660", "2017-12-31": "1.15080", "2016-12-31": "1.14220", "2015-12-31": "1.30210", "2014-12-31": "1.39930", "2013-12-31": "1.45870", "2012-12-31": "1.36110", "2011-12-31": "1.23380", "2010-12-31": "1.00650", "2009-12-31": "1.01850", "2008-12-31": "0.20600", "2007-12-31": "1.43630", "2006-12-31": "1.74690", "2005-12-31": "1.59230"}, "ROI - Return On Investment": {"2019-12-31": "4.81550", "2018-12-31": "5.36860", "2017-12-31": "5.18590", "2016-12-31": "4.83900", "2015-12-31": "5.91620", "2014-12-31": "6.39430", "2013-12-31": "6.85910", "2012-12-31": "6.76520", "2011-12-31": "6.07060", "2010-12-31": "4.44520", "2009-12-31": "3.98060", "2008-12-31": "0.73020", "2007-12-31": "5.62160", "2006-12-31": "6.33280", "2005-12-31": "6.37510"}, "Book Value Per Share": {"2019-12-31": "45.46800", "2018-12-31": "43.01570", "2017-12-31": "42.53790", "2016-12-31": "39.97060", "2015-12-31": "38.07660", "2014-12-31": "35.83160", "2013-12-31": "32.52860", "2012-12-31": "30.17500", "2011-12-31": "26.92330", "2010-12-31": "24.30300", "2009-12-31": "22.08290", "2008-12-31": "24.19600", "2007-12-31": "14.44540", "2006-12-31": "13.56590", "2005-12-31": "12.11860"}, "Operating Cash Flow Per Share": {"2019-12-31": -5.9348, "2018-12-31": 3.7446, "2017-12-31": 3.5137, "2016-12-31": -2.8554, "2015-12-31": -0.2395, "2014-12-31": -7.4393, "2013-12-31": -0.2075, "2012-12-31": 8.372, "2011-12-31": -0.9997, "2010-12-31": -2.7044, "2009-12-31": 7.6829, "2008-12-31": -4.1569, "2007-12-31": -5.4588, "2006-12-31": 11.7176, "2005-12-31": -3.5137}, "Free Cash Flow Per Share": {"2019-12-31": -5.9348, "2018-12-31": 3.7446, "2017-12-31": 3.5137, "2016-12-31": -2.8554, "2015-12-31": -0.2395, "2014-12-31": -7.4393, "2013-12-31": -0.2075, "2012-12-31": 8.372, "2011-12-31": -0.9997, "2010-12-31": -2.7044, "2009-12-31": 7.6829, "2008-12-31": -4.1569, "2007-12-31": -5.4588, "2006-12-31": 11.7176, "2005-12-31": -3.5137}}, "financial ratios, quarterly": {"Current Ratio": {"2020-09-30": "", "2020-06-30": "", "2020-03-31": "", "2019-12-31": "", "2019-09-30": "", "2019-06-30": "", "2019-03-31": "", "2018-12-31": "", "2018-09-30": "", "2018-06-30": "", "2018-03-31": "", "2017-12-31": "", "2017-09-30": "", "2017-06-30": "", "2017-03-31": "", "2016-12-31": "", "2016-09-30": "", "2016-06-30": "", "2016-03-31": "", "2015-12-31": "", "2015-09-30": "", "2015-06-30": "", "2015-03-31": "", "2014-12-31": "", "2014-09-30": "", "2014-06-30": "", "2014-03-31": "", "2013-12-31": "", "2013-09-30": "", "2013-06-30": "", "2013-03-31": "", "2012-12-31": "", "2012-09-30": "", "2012-06-30": "", "2012-03-31": "", "2011-12-31": "", "2011-09-30": "", "2011-06-30": "", "2011-03-31": "", "2010-12-31": "", "2010-09-30": "", "2010-06-30": "", "2010-03-31": "", "2009-12-31": "", "2009-09-30": "", "2009-06-30": "", "2009-03-31": "", "2008-12-31": "", "2008-09-30": "", "2008-06-30": "", "2008-03-31": "", "2007-12-31": "", "2007-09-30": "", "2007-06-30": "", "2007-03-31": "", "2006-12-31": "", "2006-09-30": "", "2006-06-30": "", "2006-03-31": "", "2005-12-31": "", "2005-09-30": "", "2005-06-30": "", "2005-03-31": ""}, "Long-term Debt / Capital": {"2020-09-30": "0.54230", "2020-06-30": "0.56180", "2020-03-31": "0.56420", "2019-12-31": "0.54830", "2019-09-30": "0.54260", "2019-06-30": "0.54690", "2019-03-31": "0.54320", "2018-12-31": "0.53750", "2018-09-30": "0.52570", "2018-06-30": "0.51550", "2018-03-31": "0.52470", "2017-12-31": "0.51960", "2017-09-30": "0.53600", "2017-06-30": "0.53680", "2017-03-31": "0.55880", "2016-12-31": "0.55990", "2016-09-30": "0.55540", "2016-06-30": "0.54620", "2016-03-31": "0.53450", "2015-12-31": "0.50720", "2015-09-30": "0.48840", "2015-06-30": "0.48530", "2015-03-31": "0.49110", "2014-12-31": "0.49820", "2014-09-30": "0.50220", "2014-06-30": "0.48040", "2014-03-31": "0.46510", "2013-12-31": "0.47220", "2013-09-30": "0.47250", "2013-06-30": "0.42970", "2013-03-31": "0.43580", "2012-12-31": "0.44490", "2012-09-30": "0.45600", "2012-06-30": "0.45540", "2012-03-31": "0.46910", "2011-12-31": "0.46940", "2011-09-30": "0.48890", "2011-06-30": "0.50880", "2011-03-31": "0.52410", "2010-12-31": "0.55110", "2010-09-30": "0.56590", "2010-06-30": "0.60390", "2010-03-31": "0.62850", "2009-12-31": "0.64060", "2009-09-30": "0.62440", "2009-06-30": "0.65400", "2009-03-31": "0.70070", "2008-12-31": "0.72310", "2008-09-30": "0.69570", "2008-06-30": "0.68420", "2008-03-31": "0.68050", "2007-12-31": "0.67600", "2007-09-30": "0.66770", "2007-06-30": "0.66510", "2007-03-31": "0.66220", "2006-12-31": "0.65540", "2006-09-30": "0.65210", "2006-06-30": "0.66660", "2006-03-31": "0.66820", "2005-12-31": "0.66210", "2005-09-30": "0.66360", "2005-06-30": "0.67840", "2005-03-31": "0.66650"}, "Debt/Equity Ratio": {"2020-09-30": "1.48840", "2020-06-30": "1.61780", "2020-03-31": "1.79800", "2019-12-31": "1.76980", "2019-09-30": "1.82370", "2019-06-30": "1.78380", "2019-03-31": "1.72560", "2018-12-31": "1.69910", "2018-09-30": "1.63650", "2018-06-30": "1.57120", "2018-03-31": "1.57600", "2017-12-31": "1.57770", "2017-09-30": "1.60860", "2017-06-30": "1.62130", "2017-03-31": "1.73510", "2016-12-31": "1.75490", "2016-09-30": "1.86070", "2016-06-30": "1.79700", "2016-03-31": "1.69060", "2015-12-31": "1.53210", "2015-09-30": "1.40870", "2015-06-30": "1.37780", "2015-03-31": "1.37390", "2014-12-31": "1.33570", "2014-09-30": "1.35260", "2014-06-30": "1.26540", "2014-03-31": "1.19270", "2013-12-31": "1.20980", "2013-09-30": "1.21470", "2013-06-30": "1.10120", "2013-03-31": "1.14380", "2012-12-31": "1.16140", "2012-09-30": "1.17110", "2012-06-30": "1.21130", "2012-03-31": "1.23060", "2011-12-31": "1.23120", "2011-09-30": "1.32130", "2011-06-30": "1.42660", "2011-03-31": "1.50690", "2010-12-31": "1.66070", "2010-09-30": "1.70860", "2010-06-30": "1.89670", "2010-03-31": "2.08380", "2009-12-31": "2.12340", "2009-09-30": "1.90110", "2009-06-30": "2.34710", "2009-03-31": "3.01460", "2008-12-31": "3.66740", "2008-09-30": "4.10030", "2008-06-30": "3.96270", "2008-03-31": "3.24450", "2007-12-31": "3.20500", "2007-09-30": "2.88700", "2007-06-30": "2.85080", "2007-03-31": "2.24660", "2006-12-31": "2.18220", "2006-09-30": "2.18200", "2006-06-30": "2.32430", "2006-03-31": "2.52260", "2005-12-31": "2.54700", "2005-09-30": "2.55640", "2005-06-30": "2.56530", "2005-03-31": "2.63410"}, "Gross Margin": {"2020-09-30": "", "2020-06-30": "", "2020-03-31": "", "2019-12-31": "", "2019-09-30": "", "2019-06-30": "", "2019-03-31": "", "2018-12-31": "", "2018-09-30": "", "2018-06-30": "", "2018-03-31": "", "2017-12-31": "", "2017-09-30": "", "2017-06-30": "", "2017-03-31": "", "2016-12-31": "", "2016-09-30": "", "2016-06-30": "", "2016-03-31": "", "2015-12-31": "", "2015-09-30": "", "2015-06-30": "", "2015-03-31": "", "2014-12-31": "", "2014-09-30": "", "2014-06-30": "", "2014-03-31": "", "2013-12-31": "", "2013-09-30": "", "2013-06-30": "", "2013-03-31": "", "2012-12-31": "", "2012-09-30": "", "2012-06-30": "", "2012-03-31": "", "2011-12-31": "", "2011-09-30": "", "2011-06-30": "", "2011-03-31": "", "2010-12-31": "", "2010-09-30": "", "2010-06-30": "", "2010-03-31": "", "2009-12-31": "", "2009-09-30": "", "2009-06-30": "", "2009-03-31": "", "2008-12-31": "", "2008-09-30": "", "2008-06-30": "", "2008-03-31": "", "2007-12-31": "", "2007-09-30": "", "2007-06-30": "", "2007-03-31": "", "2006-12-31": "", "2006-09-30": "", "2006-06-30": "", "2006-03-31": "", "2005-12-31": "", "2005-09-30": "", "2005-06-30": "", "2005-03-31": ""}, "Operating Margin": {"2020-09-30": "", "2020-06-30": "", "2020-03-31": "", "2019-12-31": "", "2019-09-30": "", "2019-06-30": "", "2019-03-31": "", "2018-12-31": "", "2018-09-30": "", "2018-06-30": "", "2018-03-31": "", "2017-12-31": "", "2017-09-30": "", "2017-06-30": "", "2017-03-31": "", "2016-12-31": "", "2016-09-30": "", "2016-06-30": "", "2016-03-31": "", "2015-12-31": "", "2015-09-30": "", "2015-06-30": "", "2015-03-31": "", "2014-12-31": "", "2014-09-30": "", "2014-06-30": "", "2014-03-31": "", "2013-12-31": "", "2013-09-30": "", "2013-06-30": "", "2013-03-31": "", "2012-12-31": "", "2012-09-30": "", "2012-06-30": "", "2012-03-31": "", "2011-12-31": "", "2011-09-30": "", "2011-06-30": "", "2011-03-31": "", "2010-12-31": "", "2010-09-30": "", "2010-06-30": "", "2010-03-31": "", "2009-12-31": "", "2009-09-30": "", "2009-06-30": "", "2009-03-31": "", "2008-12-31": "", "2008-09-30": "", "2008-06-30": "", "2008-03-31": "", "2007-12-31": "", "2007-09-30": "", "2007-06-30": "", "2007-03-31": "", "2006-12-31": "", "2006-09-30": "", "2006-06-30": "", "2006-03-31": "", "2005-12-31": "", "2005-09-30": "", "2005-06-30": "", "2005-03-31": ""}, "EBIT Margin": {"2020-09-30": "", "2020-06-30": "", "2020-03-31": "", "2019-12-31": "", "2019-09-30": "", "2019-06-30": "", "2019-03-31": "", "2018-12-31": "", "2018-09-30": "", "2018-06-30": "", "2018-03-31": "", "2017-12-31": "", "2017-09-30": "", "2017-06-30": "", "2017-03-31": "", "2016-12-31": "", "2016-09-30": "", "2016-06-30": "", "2016-03-31": "", "2015-12-31": "", "2015-09-30": "", "2015-06-30": "", "2015-03-31": "", "2014-12-31": "", "2014-09-30": "", "2014-06-30": "", "2014-03-31": "", "2013-12-31": "", "2013-09-30": "", "2013-06-30": "", "2013-03-31": "", "2012-12-31": "", "2012-09-30": "", "2012-06-30": "", "2012-03-31": "", "2011-12-31": "", "2011-09-30": "", "2011-06-30": "", "2011-03-31": "", "2010-12-31": "", "2010-09-30": "", "2010-06-30": "", "2010-03-31": "", "2009-12-31": "", "2009-09-30": "", "2009-06-30": "", "2009-03-31": "", "2008-12-31": "", "2008-09-30": "", "2008-06-30": "", "2008-03-31": "", "2007-12-31": "", "2007-09-30": "", "2007-06-30": "", "2007-03-31": "", "2006-12-31": "", "2006-09-30": "", "2006-06-30": "", "2006-03-31": "", "2005-12-31": "", "2005-09-30": "", "2005-06-30": "", "2005-03-31": ""}, "EBITDA Margin": {"2020-09-30": "", "2020-06-30": "", "2020-03-31": "", "2019-12-31": "", "2019-09-30": "", "2019-06-30": "", "2019-03-31": "", "2018-12-31": "", "2018-09-30": "", "2018-06-30": "", "2018-03-31": "", "2017-12-31": "", "2017-09-30": "", "2017-06-30": "", "2017-03-31": "", "2016-12-31": "", "2016-09-30": "", "2016-06-30": "", "2016-03-31": "", "2015-12-31": "", "2015-09-30": "", "2015-06-30": "", "2015-03-31": "", "2014-12-31": "", "2014-09-30": "", "2014-06-30": "", "2014-03-31": "", "2013-12-31": "", "2013-09-30": "", "2013-06-30": "", "2013-03-31": "", "2012-12-31": "", "2012-09-30": "", "2012-06-30": "", "2012-03-31": "", "2011-12-31": "", "2011-09-30": "", "2011-06-30": "", "2011-03-31": "", "2010-12-31": "", "2010-09-30": "", "2010-06-30": "", "2010-03-31": "", "2009-12-31": "", "2009-09-30": "", "2009-06-30": "", "2009-03-31": "", "2008-12-31": "", "2008-09-30": "", "2008-06-30": "", "2008-03-31": "", "2007-12-31": "", "2007-09-30": "", "2007-06-30": "", "2007-03-31": "", "2006-12-31": "", "2006-09-30": "", "2006-06-30": "", "2006-03-31": "", "2005-12-31": "", "2005-09-30": "", "2005-06-30": "", "2005-03-31": ""}, "Pre-Tax Profit Margin": {"2020-09-30": "15.82930", "2020-06-30": "-75.27100", "2020-03-31": "4.84250", "2019-12-31": "18.74480", "2019-09-30": "28.69340", "2019-06-30": "36.20320", "2019-03-31": "32.98020", "2018-12-31": "34.80130", "2018-09-30": "35.56950", "2018-06-30": "33.73770", "2018-03-31": "30.81910", "2017-12-31": "21.49170", "2017-09-30": "32.08880", "2017-06-30": "37.54150", "2017-03-31": "36.29560", "2016-12-31": "36.39600", "2016-09-30": "38.35430", "2016-06-30": "38.98900", "2016-03-31": "38.28230", "2015-12-31": "39.29660", "2015-09-30": "41.43680", "2015-06-30": "40.67470", "2015-03-31": "39.49200", "2014-12-31": "39.65550", "2014-09-30": "41.24250", "2014-06-30": "41.51280", "2014-03-31": "41.14290", "2013-12-31": "40.47390", "2013-09-30": "40.68520", "2013-06-30": "40.87140", "2013-03-31": "38.12380", "2012-12-31": "35.89500", "2012-09-30": "38.27340", "2012-06-30": "36.38980", "2012-03-31": "33.84760", "2011-12-31": "32.62590", "2011-09-30": "34.46150", "2011-06-30": "32.74210", "2011-03-31": "29.72570", "2010-12-31": "27.91140", "2010-09-30": "29.69760", "2010-06-30": "26.76820", "2010-03-31": "24.82320", "2009-12-31": "23.60720", "2009-09-30": "28.56010", "2009-06-30": "27.11670", "2009-03-31": "28.19730", "2008-12-31": "-462.43950", "2008-09-30": "30.20810", "2008-06-30": "30.81200", "2008-03-31": "36.23900", "2007-12-31": "24.61480", "2007-09-30": "36.71470", "2007-06-30": "37.55320", "2007-03-31": "36.67200", "2006-12-31": "36.61790", "2006-09-30": "38.93760", "2006-06-30": "38.06390", "2006-03-31": "37.52770", "2005-12-31": "37.30900", "2005-09-30": "37.81480", "2005-06-30": "38.55080", "2005-03-31": "37.47340"}, "Net Profit Margin": {"2020-09-30": "9.50640", "2020-06-30": "-32.45000", "2020-03-31": "0.30630", "2019-12-31": "13.24940", "2019-09-30": "18.93970", "2019-06-30": "27.74060", "2019-03-31": "26.52190", "2018-12-31": "27.91440", "2018-09-30": "25.52780", "2018-06-30": "22.70980", "2018-03-31": "21.76790", "2017-12-31": "26.82370", "2017-09-30": "19.54860", "2017-06-30": "25.13840", "2017-03-31": "24.17090", "2016-12-31": "23.44900", "2016-09-30": "24.36000", "2016-06-30": "24.53050", "2016-03-31": "24.08930", "2015-12-31": "25.06870", "2015-09-30": "25.70850", "2015-06-30": "25.51620", "2015-03-31": "26.41990", "2014-12-31": "25.67990", "2014-09-30": "25.94390", "2014-06-30": "26.01560", "2014-03-31": "27.62070", "2013-12-31": "26.44570", "2013-09-30": "26.05990", "2013-06-30": "25.43670", "2013-03-31": "24.60580", "2012-12-31": "24.14380", "2012-09-30": "24.03930", "2012-06-30": "22.59220", "2012-03-31": "20.47760", "2011-12-31": "20.94260", "2011-09-30": "21.54680", "2011-06-30": "20.09920", "2011-03-31": "19.70310", "2010-12-31": "17.46560", "2010-09-30": "18.07330", "2010-06-30": "16.53550", "2010-03-31": "14.71650", "2009-12-31": "2.34760", "2009-09-30": "16.12350", "2009-06-30": "14.78100", "2009-03-31": "14.48450", "2008-12-31": "-292.35240", "2008-09-30": "20.76880", "2008-06-30": "20.75050", "2008-03-31": "23.42120", "2007-12-31": "17.62270", "2007-09-30": "24.24950", "2007-06-30": "24.85010", "2007-03-31": "25.71630", "2006-12-31": "24.39280", "2006-09-30": "26.36700", "2006-06-30": "24.99700", "2006-03-31": "24.84610", "2005-12-31": "24.77850", "2005-09-30": "25.12080", "2005-06-30": "25.77250", "2005-03-31": "24.73350"}, "Asset Turnover": {"2020-09-30": "0.00940", "2020-06-30": "0.00420", "2020-03-31": "0.00690", "2019-12-31": "0.01000", "2019-09-30": "0.01100", "2019-06-30": "0.01100", "2019-03-31": "0.01100", "2018-12-31": "0.01080", "2018-09-30": "0.01140", "2018-06-30": "0.01120", "2018-03-31": "0.01140", "2017-12-31": "0.01100", "2017-09-30": "0.01090", "2017-06-30": "0.01120", "2017-03-31": "0.01110", "2016-12-31": "0.01080", "2016-09-30": "0.01110", "2016-06-30": "0.01120", "2016-03-31": "0.01140", "2015-12-31": "0.01160", "2015-09-30": "0.01210", "2015-06-30": "0.01220", "2015-03-31": "0.01190", "2014-12-31": "0.01240", "2014-09-30": "0.01270", "2014-06-30": "0.01300", "2014-03-31": "0.01310", "2013-12-31": "0.01330", "2013-09-30": "0.01370", "2013-06-30": "0.01440", "2013-03-31": "0.01390", "2012-12-31": "0.01410", "2012-09-30": "0.01430", "2012-06-30": "0.01460", "2012-03-31": "0.01470", "2011-12-31": "0.01410", "2011-09-30": "0.01370", "2011-06-30": "0.01470", "2011-03-31": "0.01460", "2010-12-31": "0.01470", "2010-09-30": "0.01430", "2010-06-30": "0.01420", "2010-03-31": "0.01320", "2009-12-31": "0.01350", "2009-09-30": "0.01330", "2009-06-30": "0.01360", "2009-03-31": "0.01280", "2008-12-31": "0.00080", "2008-09-30": "0.01270", "2008-06-30": "0.01390", "2008-03-31": "0.01430", "2007-12-31": "0.01340", "2007-09-30": "0.01630", "2007-06-30": "0.01700", "2007-03-31": "0.01800", "2006-12-31": "0.01800", "2006-09-30": "0.01720", "2006-06-30": "0.01670", "2006-03-31": "0.01650", "2005-12-31": "0.01620", "2005-09-30": "0.01730", "2005-06-30": "0.01700", "2005-03-31": "0.01720"}, "Inventory Turnover Ratio": {"2020-09-30": "", "2020-06-30": "", "2020-03-31": "", "2019-12-31": "", "2019-09-30": "", "2019-06-30": "", "2019-03-31": "", "2018-12-31": "", "2018-09-30": "", "2018-06-30": "", "2018-03-31": "", "2017-12-31": "", "2017-09-30": "", "2017-06-30": "", "2017-03-31": "", "2016-12-31": "", "2016-09-30": "", "2016-06-30": "", "2016-03-31": "", "2015-12-31": "", "2015-09-30": "", "2015-06-30": "", "2015-03-31": "", "2014-12-31": "", "2014-09-30": "", "2014-06-30": "", "2014-03-31": "", "2013-12-31": "", "2013-09-30": "", "2013-06-30": "", "2013-03-31": "", "2012-12-31": "", "2012-09-30": "", "2012-06-30": "", "2012-03-31": "", "2011-12-31": "", "2011-09-30": "", "2011-06-30": "", "2011-03-31": "", "2010-12-31": "", "2010-09-30": "", "2010-06-30": "", "2010-03-31": "", "2009-12-31": "", "2009-09-30": "", "2009-06-30": "", "2009-03-31": "", "2008-12-31": "", "2008-09-30": "", "2008-06-30": "", "2008-03-31": "", "2007-12-31": "", "2007-09-30": "", "2007-06-30": "", "2007-03-31": "", "2006-12-31": "", "2006-09-30": "", "2006-06-30": "", "2006-03-31": "", "2005-12-31": "", "2005-09-30": "", "2005-06-30": "", "2005-03-31": ""}, "Receiveable Turnover": {"2020-09-30": "", "2020-06-30": "", "2020-03-31": "", "2019-12-31": "", "2019-09-30": "", "2019-06-30": "", "2019-03-31": "", "2018-12-31": "", "2018-09-30": "", "2018-06-30": "", "2018-03-31": "", "2017-12-31": "", "2017-09-30": "", "2017-06-30": "", "2017-03-31": "", "2016-12-31": "", "2016-09-30": "", "2016-06-30": "", "2016-03-31": "", "2015-12-31": "", "2015-09-30": "", "2015-06-30": "", "2015-03-31": "", "2014-12-31": "", "2014-09-30": "", "2014-06-30": "", "2014-03-31": "", "2013-12-31": "", "2013-09-30": "", "2013-06-30": "", "2013-03-31": "", "2012-12-31": "", "2012-09-30": "", "2012-06-30": "", "2012-03-31": "", "2011-12-31": "", "2011-09-30": "", "2011-06-30": "", "2011-03-31": "", "2010-12-31": "", "2010-09-30": "", "2010-06-30": "", "2010-03-31": "", "2009-12-31": "", "2009-09-30": "", "2009-06-30": "", "2009-03-31": "", "2008-12-31": "", "2008-09-30": "", "2008-06-30": "", "2008-03-31": "", "2007-12-31": "", "2007-09-30": "", "2007-06-30": "", "2007-03-31": "", "2006-12-31": "", "2006-09-30": "", "2006-06-30": "", "2006-03-31": "", "2005-12-31": "", "2005-09-30": "", "2005-06-30": "", "2005-03-31": ""}, "Days Sales In Receivables": {"2020-09-30": "", "2020-06-30": "", "2020-03-31": "", "2019-12-31": "", "2019-09-30": "", "2019-06-30": "", "2019-03-31": "", "2018-12-31": "", "2018-09-30": "", "2018-06-30": "", "2018-03-31": "", "2017-12-31": "", "2017-09-30": "", "2017-06-30": "", "2017-03-31": "", "2016-12-31": "", "2016-09-30": "", "2016-06-30": "", "2016-03-31": "", "2015-12-31": "", "2015-09-30": "", "2015-06-30": "", "2015-03-31": "", "2014-12-31": "", "2014-09-30": "", "2014-06-30": "", "2014-03-31": "", "2013-12-31": "", "2013-09-30": "", "2013-06-30": "", "2013-03-31": "", "2012-12-31": "", "2012-09-30": "", "2012-06-30": "", "2012-03-31": "", "2011-12-31": "", "2011-09-30": "", "2011-06-30": "", "2011-03-31": "", "2010-12-31": "", "2010-09-30": "", "2010-06-30": "", "2010-03-31": "", "2009-12-31": "", "2009-09-30": "", "2009-06-30": "", "2009-03-31": "", "2008-12-31": "", "2008-09-30": "", "2008-06-30": "", "2008-03-31": "", "2007-12-31": "", "2007-09-30": "", "2007-06-30": "", "2007-03-31": "", "2006-12-31": "", "2006-09-30": "", "2006-06-30": "", "2006-03-31": "", "2005-12-31": "", "2005-09-30": "", "2005-06-30": "", "2005-03-31": ""}, "ROE - Return On Equity": {"2020-09-30": "1.37880", "2020-06-30": "-1.46640", "2020-03-31": "0.31180", "2019-12-31": "1.75680", "2019-09-30": "2.78360", "2019-06-30": "3.58050", "2019-03-31": "3.39960", "2018-12-31": "3.53980", "2018-09-30": "3.45410", "2018-06-30": "2.94400", "2018-03-31": "2.96470", "2017-12-31": "3.41560", "2017-09-30": "2.53800", "2017-06-30": "3.26790", "2017-03-31": "3.23470", "2016-12-31": "3.01460", "2016-09-30": "3.15220", "2016-06-30": "3.13390", "2016-03-31": "3.16070", "2015-12-31": "3.27530", "2015-09-30": "3.48620", "2015-06-30": "3.42310", "2015-03-31": "3.50310", "2014-12-31": "3.48810", "2014-09-30": "3.63970", "2014-06-30": "3.55410", "2014-03-31": "3.81380", "2013-12-31": "3.69200", "2013-09-30": "3.70800", "2013-06-30": "3.74390", "2013-03-31": "3.50380", "2012-12-31": "3.62740", "2012-09-30": "3.49850", "2012-06-30": "3.42740", "2012-03-31": "3.20600", "2011-12-31": "3.21140", "2011-09-30": "3.24410", "2011-06-30": "3.22700", "2011-03-31": "3.09970", "2010-12-31": "2.93040", "2010-09-30": "2.94430", "2010-06-30": "2.79760", "2010-03-31": "2.38800", "2009-12-31": "2.84580", "2009-09-30": "3.40680", "2009-06-30": "3.61460", "2009-03-31": "4.08350", "2008-12-31": "-3.86140", "2008-09-30": "3.56340", "2008-06-30": "3.74460", "2008-03-31": "4.24140", "2007-12-31": "3.32570", "2007-09-30": "4.62130", "2007-06-30": "4.89030", "2007-03-31": "4.95000", "2006-12-31": "4.66430", "2006-09-30": "4.94180", "2006-06-30": "5.05250", "2006-03-31": "4.88300", "2005-12-31": "4.78490", "2005-09-30": "5.00680", "2005-06-30": "4.92070", "2005-03-31": "4.89170"}, "Return On Tangible Equity": {"2020-09-30": "1.49970", "2020-06-30": "-1.60210", "2020-03-31": "0.34260", "2019-12-31": "1.96710", "2019-09-30": "3.09340", "2019-06-30": "3.95830", "2019-03-31": "3.78740", "2018-12-31": "3.98170", "2018-09-30": "3.90480", "2018-06-30": "3.26060", "2018-03-31": "3.26780", "2017-12-31": "3.74960", "2017-09-30": "2.77950", "2017-06-30": "3.56380", "2017-03-31": "3.55120", "2016-12-31": "3.32670", "2016-09-30": "3.41670", "2016-06-30": "3.39920", "2016-03-31": "3.47210", "2015-12-31": "3.63620", "2015-09-30": "3.85240", "2015-06-30": "3.83060", "2015-03-31": "3.88980", "2014-12-31": "3.97870", "2014-09-30": "4.19280", "2014-06-30": "4.11090", "2014-03-31": "4.51140", "2013-12-31": "4.44380", "2013-09-30": "4.45830", "2013-06-30": "4.56760", "2013-03-31": "4.19220", "2012-12-31": "4.39310", "2012-09-30": "4.25110", "2012-06-30": "4.26010", "2012-03-31": "4.03520", "2011-12-31": "4.07850", "2011-09-30": "4.12400", "2011-06-30": "4.20050", "2011-03-31": "4.09690", "2010-12-31": "4.00420", "2010-09-30": "3.94430", "2010-06-30": "3.82180", "2010-03-31": "3.38890", "2009-12-31": "4.16020", "2009-09-30": "3.71710", "2009-06-30": "4.06800", "2009-03-31": "4.43920", "2008-12-31": "-4.31460", "2008-09-30": "11.94650", "2008-06-30": "11.79490", "2008-03-31": "10.15590", "2007-12-31": "9.07300", "2007-09-30": "12.88470", "2007-06-30": "14.15090", "2007-03-31": "13.50260", "2006-12-31": "12.78740", "2006-09-30": "14.03710", "2006-06-30": "13.94710", "2006-03-31": "11.89230", "2005-12-31": "11.11620", "2005-09-30": "10.76410", "2005-06-30": "9.48690", "2005-03-31": "9.84090"}, "ROA - Return On Assets": {"2020-09-30": "0.11540", "2020-06-30": "-0.11840", "2020-03-31": "0.02550", "2019-12-31": "0.15170", "2019-09-30": "0.24750", "2019-06-30": "0.32950", "2019-03-31": "0.31610", "2018-12-31": "0.32460", "2018-09-30": "0.32490", "2018-06-30": "0.28240", "2018-03-31": "0.27810", "2017-12-31": "0.31980", "2017-09-30": "0.23770", "2017-06-30": "0.30530", "2017-03-31": "0.29340", "2016-12-31": "0.27480", "2016-09-30": "0.29110", "2016-06-30": "0.29500", "2016-03-31": "0.29820", "2015-12-31": "0.31460", "2015-09-30": "0.34160", "2015-06-30": "0.33630", "2015-03-31": "0.33860", "2014-12-31": "0.34330", "2014-09-30": "0.36380", "2014-06-30": "0.36190", "2014-03-31": "0.39280", "2013-12-31": "0.37500", "2013-09-30": "0.38190", "2013-06-30": "0.38930", "2013-03-31": "0.36330", "2012-12-31": "0.37230", "2012-09-30": "0.36590", "2012-06-30": "0.35330", "2012-03-31": "0.32390", "2011-12-31": "0.31840", "2011-09-30": "0.31740", "2011-06-30": "0.32320", "2011-03-31": "0.30640", "2010-12-31": "0.27760", "2010-09-30": "0.28060", "2010-06-30": "0.25660", "2010-03-31": "0.21250", "2009-12-31": "0.24230", "2009-09-30": "0.26990", "2009-06-30": "0.25300", "2009-03-31": "0.24020", "2008-12-31": "-0.20930", "2008-09-30": "0.26530", "2008-06-30": "0.29040", "2008-03-31": "0.33920", "2007-12-31": "0.27270", "2007-09-30": "0.39600", "2007-06-30": "0.42210", "2007-03-31": "0.46180", "2006-12-31": "0.43960", "2006-09-30": "0.45380", "2006-06-30": "0.41820", "2006-03-31": "0.40980", "2005-12-31": "0.40060", "2005-09-30": "0.43550", "2005-06-30": "0.43910", "2005-03-31": "0.42600"}, "ROI - Return On Investment": {"2020-09-30": "0.55790", "2020-06-30": "-0.56730", "2020-03-31": "0.12000", "2019-12-31": "0.70260", "2019-09-30": "1.13210", "2019-06-30": "1.43550", "2019-03-31": "1.37150", "2018-12-31": "1.44420", "2018-09-30": "1.44560", "2018-06-30": "1.24810", "2018-03-31": "1.22970", "2017-12-31": "1.44100", "2017-09-30": "1.03200", "2017-06-30": "1.32450", "2017-03-31": "1.24740", "2016-12-31": "1.16420", "2016-09-30": "1.23240", "2016-06-30": "1.24790", "2016-03-31": "1.29320", "2015-12-31": "1.42920", "2015-09-30": "1.57730", "2015-06-30": "1.56200", "2015-03-31": "1.57640", "2014-12-31": "1.56880", "2014-09-30": "1.62010", "2014-06-30": "1.65590", "2014-03-31": "1.84150", "2013-12-31": "1.76320", "2013-09-30": "1.77580", "2013-06-30": "1.95300", "2013-03-31": "1.80260", "2012-12-31": "1.85020", "2012-09-30": "1.75350", "2012-06-30": "1.72030", "2012-03-31": "1.56180", "2011-12-31": "1.56640", "2011-09-30": "1.52020", "2011-06-30": "1.45020", "2011-03-31": "1.34510", "2010-12-31": "1.22620", "2010-09-30": "1.18800", "2010-06-30": "1.02620", "2010-03-31": "0.81750", "2009-12-31": "0.94680", "2009-09-30": "0.96620", "2009-06-30": "0.92620", "2009-03-31": "0.86360", "2008-12-31": "-0.74190", "2008-09-30": "1.06990", "2008-06-30": "1.16460", "2008-03-31": "1.33170", "2007-12-31": "1.06720", "2007-09-30": "1.51790", "2007-06-30": "1.61550", "2007-03-31": "1.64520", "2006-12-31": "1.59370", "2006-09-30": "1.70140", "2006-06-30": "1.66250", "2006-03-31": "1.59570", "2005-12-31": "1.60390", "2005-09-30": "1.66770", "2005-06-30": "1.56390", "2005-03-31": "1.60860"}, "Book Value Per Share": {"2020-09-30": "44.04870", "2020-06-30": "43.72360", "2020-03-31": "44.75380", "2019-12-31": "45.46800", "2019-09-30": "45.53980", "2019-06-30": "45.26140", "2019-03-31": "44.04590", "2018-12-31": "43.01570", "2018-09-30": "42.38070", "2018-06-30": "42.49660", "2018-03-31": "42.24760", "2017-12-31": "42.53790", "2017-09-30": "41.97030", "2017-06-30": "41.50480", "2017-03-31": "40.52430", "2016-12-31": "39.97060", "2016-09-30": "40.59760", "2016-06-30": "40.14290", "2016-03-31": "39.10710", "2015-12-31": "38.07660", "2015-09-30": "37.98450", "2015-06-30": "37.05880", "2015-03-31": "36.79380", "2014-12-31": "35.83160", "2014-09-30": "35.08910", "2014-06-30": "34.58150", "2014-03-31": "33.51280", "2013-12-31": "32.52860", "2013-09-30": "32.01010", "2013-06-30": "30.88880", "2013-03-31": "30.89470", "2012-12-31": "30.17500", "2012-09-30": "29.50290", "2012-06-30": "28.32540", "2012-03-31": "27.69950", "2011-12-31": "26.92330", "2011-09-30": "26.41090", "2011-06-30": "26.12950", "2011-03-31": "25.45670", "2010-12-31": "24.30300", "2010-09-30": "23.86650", "2010-06-30": "23.20570", "2010-03-31": "22.69700", "2009-12-31": "22.08290", "2009-09-30": "27.55260", "2009-06-30": "26.00220", "2009-03-31": "25.12250", "2008-12-31": "24.19600", "2008-09-30": "14.13850", "2008-06-30": "14.48210", "2008-03-31": "14.66800", "2007-12-31": "14.44540", "2007-09-30": "14.30460", "2007-06-30": "14.05000", "2007-03-31": "13.75100", "2006-12-31": "13.56590", "2006-09-30": "13.30150", "2006-06-30": "12.46180", "2006-03-31": "12.49720", "2005-12-31": "12.11860", "2005-09-30": "11.86150", "2005-06-30": "11.64230", "2005-03-31": "11.36810"}, "Operating Cash Flow Per Share": {"2020-09-30": -2.128, "2020-06-30": 3.9565, "2020-03-31": "4.17700", "2019-12-31": 2.8177, "2019-09-30": -2.9169, "2019-06-30": -0.1145, "2019-03-31": "1.73450", "2018-12-31": 3.0936, "2018-09-30": 1.427, "2018-06-30": -0.1538, "2018-03-31": "3.08880", "2017-12-31": 0.0398, "2017-09-30": 1.922, "2017-06-30": -0.8419, "2017-03-31": "2.59110", "2016-12-31": 0.9467, "2016-09-30": -0.4718, "2016-06-30": -1.4283, "2016-03-31": "1.15070", "2015-12-31": -0.7597, "2015-09-30": 3.6469, "2015-06-30": -0.3141, "2015-03-31": "0.47960", "2014-12-31": 0.5308, "2014-09-30": 2.8358, "2014-06-30": -0.6051, "2014-03-31": "0.53070", "2013-12-31": 2.701, "2013-09-30": 3.9234, "2013-06-30": 2.4004, "2013-03-31": "1.70670", "2012-12-31": 1.5677, "2012-09-30": 2.7825, "2012-06-30": 3.6091, "2012-03-31": "2.97970", "2011-12-31": -4.5373, "2011-09-30": 1.7475, "2011-06-30": 2.1296, "2011-03-31": "3.22720", "2010-12-31": -0.7571, "2010-09-30": 1.1201, "2010-06-30": 1.5041, "2010-03-31": "1.69960", "2009-12-31": 0.9061, "2009-09-30": 1.4, "2009-06-30": 0.2281, "2009-03-31": "3.73690", "2008-12-31": -5.0747, "2008-09-30": -0.184, "2008-06-30": 3.9644, "2008-03-31": "-0.11750", "2007-12-31": 2.4926, "2007-09-30": -1.8264, "2007-06-30": 0.6641, "2007-03-31": "1.41480", "2006-12-31": 1.8304, "2006-09-30": 0.4274, "2006-06-30": 1.0408, "2006-03-31": "4.90530", "2005-12-31": -1.8237, "2005-09-30": -3.4976, "2005-06-30": 0.342, "2005-03-31": "1.46560"}, "Free Cash Flow Per Share": {"2020-09-30": -2.128, "2020-06-30": 3.9565, "2020-03-31": "4.17700", "2019-12-31": 2.8177, "2019-09-30": -2.9169, "2019-06-30": -0.1145, "2019-03-31": "1.73450", "2018-12-31": 3.0936, "2018-09-30": 1.427, "2018-06-30": -0.1538, "2018-03-31": "3.08880", "2017-12-31": 0.0398, "2017-09-30": 1.922, "2017-06-30": -0.8419, "2017-03-31": "2.59110", "2016-12-31": 0.9467, "2016-09-30": -0.4718, "2016-06-30": -1.4283, "2016-03-31": "1.15070", "2015-12-31": -0.7597, "2015-09-30": 3.6469, "2015-06-30": -0.3141, "2015-03-31": "0.47960", "2014-12-31": 0.5308, "2014-09-30": 2.8358, "2014-06-30": -0.6051, "2014-03-31": "0.53070", "2013-12-31": 2.701, "2013-09-30": 3.9234, "2013-06-30": 2.4004, "2013-03-31": "1.70670", "2012-12-31": 1.5677, "2012-09-30": 2.7825, "2012-06-30": 3.6091, "2012-03-31": "2.97970", "2011-12-31": -4.5373, "2011-09-30": 1.7475, "2011-06-30": 2.1296, "2011-03-31": "3.22720", "2010-12-31": -0.7571, "2010-09-30": 1.1201, "2010-06-30": 1.5041, "2010-03-31": "1.69960", "2009-12-31": 0.9061, "2009-09-30": 1.4, "2009-06-30": 0.2281, "2009-03-31": "3.73690", "2008-12-31": -5.0747, "2008-09-30": -0.184, "2008-06-30": 3.9644, "2008-03-31": "-0.11750", "2007-12-31": 2.4926, "2007-09-30": -1.8264, "2007-06-30": 0.6641, "2007-03-31": "1.41480", "2006-12-31": 1.8304, "2006-09-30": 0.4274, "2006-06-30": 1.0408, "2006-03-31": "4.90530", "2005-12-31": -1.8237, "2005-09-30": -3.4976, "2005-06-30": 0.342, "2005-03-31": "1.46560"}}, "revenue": {"Wells Fargo Annual Revenue (Millions of US $)": {"2020": "$80,303", "2019": "$103,915", "2018": "$101,060", "2017": "$97,741", "2016": "$94,176", "2015": "$90,033", "2014": "$88,372", "2013": "$88,069", "2012": "$91,247", "2011": "$87,597", "2010": "$93,249", "2009": "$98,636", "2008": "$51,632", "2007": "$53,723", "2006": "$47,979", "2005": "$40,407"}, "Wells Fargo Quarterly Revenue (Millions of US $)": {"2020-12-31": "$19,120", "2020-09-30": "$20,294", "2020-06-30": "$19,757", "2020-03-31": "$21,132", "2019-12-31": "$24,255", "2019-09-30": "$26,884", "2019-06-30": "$26,475", "2019-03-31": "$26,301", "2018-12-31": "$25,257", "2018-09-30": "$25,733", "2018-06-30": "$25,027", "2018-03-31": "$25,043", "2017-12-31": "$24,695", "2017-09-30": "$24,444", "2017-06-30": "$24,458", "2017-03-31": "$24,144", "2016-12-31": "$23,238", "2016-09-30": "$23,863", "2016-06-30": "$23,575", "2016-03-31": "$23,500", "2015-12-31": "$22,641", "2015-09-30": "$22,863", "2015-06-30": "$22,274", "2015-03-31": "$22,255", "2014-12-31": "$22,446", "2014-09-30": "$22,236", "2014-06-30": "$22,068", "2014-03-31": "$21,622", "2013-12-31": "$21,698", "2013-09-30": "$21,506", "2013-06-30": "$22,455", "2013-03-31": "$22,410", "2012-12-31": "$23,162", "2012-09-30": "$22,476", "2012-06-30": "$22,606", "2012-03-31": "$23,003", "2011-12-31": "$22,091", "2011-09-30": "$21,264", "2011-06-30": "$22,092", "2011-03-31": "$22,150", "2010-12-31": "$23,400", "2010-09-30": "$22,906", "2010-06-30": "$23,417", "2010-03-31": "$23,526", "2009-12-31": "$24,888", "2009-09-30": "$24,750", "2009-06-30": "$25,044", "2009-03-31": "$23,954", "2008-12-31": "$11,481", "2008-09-30": "$12,770", "2008-06-30": "$13,729", "2008-03-31": "$13,652", "2007-12-31": "$14,089", "2007-09-30": "$13,796", "2007-06-30": "$13,268", "2007-03-31": "$12,570", "2006-12-31": "$12,594", "2006-09-30": "$12,286", "2006-06-30": "$11,882", "2006-03-31": "$11,217", "2005-12-31": "$10,897", "2005-09-30": "$10,472", "2005-06-30": "$9,529", "2005-03-31": "$9,509"}}, "gross-profit": {"Wells Fargo Annual Gross Profit (Millions of US $)": {"2020": "$72,340", "2019": "$85,063", "2018": "$86,408", "2017": "$88,389", "2016": "$88,267", "2015": "$86,057", "2014": "$84,347", "2013": "$83,780", "2012": "$86,086", "2011": "$80,948", "2010": "$85,210", "2009": "$88,686", "2008": "$41,877", "2007": "$39,520", "2006": "$35,691", "2005": "$32,949"}, "Wells Fargo Quarterly Gross Profit (Millions of US $)": {"2020-12-31": "$17,925", "2020-09-30": "$18,862", "2020-06-30": "$17,836", "2020-03-31": "$17,717", "2019-12-31": "$19,860", "2019-09-30": "$22,010", "2019-06-30": "$21,584", "2019-03-31": "$21,609", "2018-12-31": "$20,980", "2018-09-30": "$21,941", "2018-06-30": "$21,553", "2018-03-31": "$21,934", "2017-12-31": "$22,050", "2017-09-30": "$21,849", "2017-06-30": "$22,235", "2017-03-31": "$22,255", "2016-12-31": "$21,582", "2016-09-30": "$22,328", "2016-06-30": "$22,162", "2016-03-31": "$22,195", "2015-12-31": "$21,586", "2015-09-30": "$21,875", "2015-06-30": "$21,318", "2015-03-31": "$21,278", "2014-12-31": "$21,443", "2014-09-30": "$21,213", "2014-06-30": "$21,066", "2014-03-31": "$20,625", "2013-12-31": "$20,665", "2013-09-30": "$20,478", "2013-06-30": "$21,378", "2013-03-31": "$21,259", "2012-12-31": "$21,948", "2012-09-30": "$21,213", "2012-06-30": "$21,289", "2012-03-31": "$21,636", "2011-12-31": "$20,605", "2011-09-30": "$19,628", "2011-06-30": "$20,386", "2011-03-31": "$20,329", "2010-12-31": "$21,494", "2010-09-30": "$20,874", "2010-06-30": "$21,394", "2010-03-31": "$21,448", "2009-12-31": "$22,696", "2009-09-30": "$22,466", "2009-06-30": "$22,507", "2009-03-31": "$21,017", "2008-12-31": "$9,477", "2008-09-30": "$10,377", "2008-06-30": "$11,460", "2008-03-31": "$10,563", "2007-12-31": "$10,335", "2007-09-30": "$9,853", "2007-06-30": "$9,891", "2007-03-31": "$9,441", "2006-12-31": "$9,413", "2006-09-30": "$8,934", "2006-06-30": "$8,789", "2006-03-31": "$8,555", "2005-12-31": "$8,492", "2005-09-30": "$8,503", "2005-06-30": "$7,865", "2005-03-31": "$8,089"}}, "operating-income": {"Wells Fargo Annual Operating Income (Millions of US $)": {"2020": "$2,080", "2019": "$24,198", "2018": "$28,538", "2017": "$27,377", "2016": "$32,120", "2015": "$33,641", "2014": "$33,915", "2013": "$32,629", "2012": "$28,471", "2011": "$23,656", "2010": "$19,001", "2009": "$17,998", "2008": "$3,300", "2007": "$11,835", "2006": "$12,650", "2005": "$11,548"}, "Wells Fargo Quarterly Operating Income (Millions of US $)": {"2020-12-31": "$4,083", "2020-09-30": "$3,582", "2020-06-30": "$-6,249", "2020-03-31": "$664", "2019-12-31": "$3,602", "2019-09-30": "$6,116", "2019-06-30": "$7,632", "2019-03-31": "$6,848", "2018-12-31": "$7,120", "2018-09-30": "$7,598", "2018-06-30": "$7,119", "2018-03-31": "$6,701", "2017-12-31": "$4,599", "2017-09-30": "$6,781", "2017-06-30": "$8,139", "2017-03-31": "$7,858", "2016-12-31": "$7,562", "2016-09-30": "$8,255", "2016-06-30": "$8,222", "2016-03-31": "$8,081", "2015-12-31": "$8,156", "2015-09-30": "$8,773", "2015-06-30": "$8,549", "2015-03-31": "$8,163", "2014-12-31": "$8,311", "2014-09-30": "$8,597", "2014-06-30": "$8,655", "2014-03-31": "$8,352", "2013-12-31": "$8,217", "2013-09-30": "$8,301", "2013-06-30": "$8,471", "2013-03-31": "$7,640", "2012-12-31": "$7,221", "2012-09-30": "$7,510", "2012-06-30": "$7,092", "2012-03-31": "$6,648", "2011-12-31": "$6,057", "2011-09-30": "$6,140", "2011-06-30": "$6,073", "2011-03-31": "$5,386", "2010-12-31": "$5,165", "2010-09-30": "$5,176", "2010-06-30": "$4,659", "2010-03-31": "$4,001", "2009-12-31": "$3,962", "2009-09-30": "$4,671", "2009-06-30": "$4,724", "2009-03-31": "$4,641", "2008-12-31": "$-4,777", "2008-09-30": "$2,381", "2008-06-30": "$2,603", "2008-03-31": "$3,093", "2007-12-31": "$2,093", "2007-09-30": "$3,290", "2007-06-30": "$3,444", "2007-03-31": "$3,200", "2006-12-31": "$3,181", "2006-09-30": "$3,240", "2006-06-30": "$3,181", "2006-03-31": "$3,048", "2005-12-31": "$2,906", "2005-09-30": "$2,973", "2005-06-30": "$2,857", "2005-03-31": "$2,812"}}, "ebitda": {"Wells Fargo Annual EBITDA (Millions of US $)": {"2019": "$", "2018": "$", "2017": "$", "2016": "$", "2015": "$", "2014": "$", "2013": "$", "2012": "$", "2011": "$", "2010": "$", "2009": "$", "2008": "$", "2007": "$", "2006": "$", "2005": "$"}, "Wells Fargo Quarterly EBITDA (Millions of US $)": {"2020-09-30": "", "2020-06-30": "", "2020-03-31": "", "2019-12-31": "", "2019-09-30": "", "2019-06-30": "", "2019-03-31": "", "2018-12-31": "", "2018-09-30": "", "2018-06-30": "", "2018-03-31": "", "2017-12-31": "", "2017-09-30": "", "2017-06-30": "", "2017-03-31": "", "2016-12-31": "", "2016-09-30": "", "2016-06-30": "", "2016-03-31": "", "2015-12-31": "", "2015-09-30": "", "2015-06-30": "", "2015-03-31": "", "2014-12-31": "", "2014-09-30": "", "2014-06-30": "", "2014-03-31": "", "2013-12-31": "", "2013-09-30": "", "2013-06-30": "", "2013-03-31": "", "2012-12-31": "", "2012-09-30": "", "2012-06-30": "", "2012-03-31": "", "2011-12-31": "", "2011-09-30": "", "2011-06-30": "", "2011-03-31": "", "2010-12-31": "", "2010-09-30": "", "2010-06-30": "", "2010-03-31": "", "2009-12-31": "", "2009-09-30": "", "2009-06-30": "", "2009-03-31": "", "2008-12-31": "", "2008-09-30": "", "2008-06-30": "", "2008-03-31": "", "2007-12-31": "", "2007-09-30": "", "2007-06-30": "", "2007-03-31": "", "2006-12-31": "", "2006-09-30": "", "2006-06-30": "", "2006-03-31": "", "2005-12-31": "", "2005-09-30": "", "2005-06-30": "", "2005-03-31": ""}}, "net-income": {"Wells Fargo Annual Net Income (Millions of US $)": {"2020": "$1,710", "2019": "$17,938", "2018": "$20,689", "2017": "$20,554", "2016": "$20,373", "2015": "$21,470", "2014": "$21,821", "2013": "$20,889", "2012": "$17,999", "2011": "$15,025", "2010": "$11,632", "2009": "$7,990", "2008": "$2,369", "2007": "$8,057", "2006": "$8,420", "2005": "$7,671"}, "Wells Fargo Quarterly Net Income (Millions of US $)": {"2020-12-31": "$2,642", "2020-09-30": "$1,720", "2020-06-30": "$-2,694", "2020-03-31": "$42", "2019-12-31": "$2,546", "2019-09-30": "$4,037", "2019-06-30": "$5,848", "2019-03-31": "$5,507", "2018-12-31": "$5,711", "2018-09-30": "$5,453", "2018-06-30": "$4,792", "2018-03-31": "$4,733", "2017-12-31": "$5,740", "2017-09-30": "$4,131", "2017-06-30": "$5,450", "2017-03-31": "$5,233", "2016-12-31": "$4,872", "2016-09-30": "$5,243", "2016-06-30": "$5,173", "2016-03-31": "$5,085", "2015-12-31": "$5,203", "2015-09-30": "$5,443", "2015-06-30": "$5,363", "2015-03-31": "$5,461", "2014-12-31": "$5,382", "2014-09-30": "$5,408", "2014-06-30": "$5,424", "2014-03-31": "$5,607", "2013-12-31": "$5,369", "2013-09-30": "$5,317", "2013-06-30": "$5,272", "2013-03-31": "$4,931", "2012-12-31": "$4,857", "2012-09-30": "$4,717", "2012-06-30": "$4,403", "2012-03-31": "$4,022", "2011-12-31": "$3,888", "2011-09-30": "$3,839", "2011-06-30": "$3,728", "2011-03-31": "$3,570", "2010-12-31": "$3,232", "2010-09-30": "$3,150", "2010-06-30": "$2,878", "2010-03-31": "$2,372", "2009-12-31": "$394", "2009-09-30": "$2,637", "2009-06-30": "$2,575", "2009-03-31": "$2,384", "2008-12-31": "$-3,020", "2008-09-30": "$1,637", "2008-06-30": "$1,753", "2008-03-31": "$1,999", "2007-12-31": "$1,361", "2007-09-30": "$2,173", "2007-06-30": "$2,279", "2007-03-31": "$2,244", "2006-12-31": "$2,119", "2006-09-30": "$2,194", "2006-06-30": "$2,089", "2006-03-31": "$2,018", "2005-12-31": "$1,930", "2005-09-30": "$1,975", "2005-06-30": "$1,910", "2005-03-31": "$1,856"}}, "eps-earnings-per-share-diluted": {"Wells Fargo Annual EPS": {"2020": "$0.41", "2019": "$4.05", "2018": "$4.28", "2017": "$4.10", "2016": "$3.99", "2015": "$4.12", "2014": "$4.10", "2013": "$3.89", "2012": "$3.36", "2011": "$2.82", "2010": "$2.21", "2009": "$1.75", "2008": "$0.70", "2007": "$2.38", "2006": "$2.47", "2005": "$2.25"}, "Wells Fargo Quarterly EPS": {"2020-12-31": "$0.64", "2020-09-30": "$0.42", "2020-06-30": "$-0.66", "2020-03-31": "$0.01", "2019-12-31": "$0.63", "2019-09-30": "$0.92", "2019-06-30": "$1.30", "2019-03-31": "$1.20", "2018-12-31": "$1.21", "2018-09-30": "$1.13", "2018-06-30": "$0.98", "2018-03-31": "$0.96", "2017-12-31": "$1.16", "2017-09-30": "$0.83", "2017-06-30": "$1.08", "2017-03-31": "$1.03", "2016-12-31": "$0.96", "2016-09-30": "$1.03", "2016-06-30": "$1.01", "2016-03-31": "$0.99", "2015-12-31": "$1.00", "2015-09-30": "$1.05", "2015-06-30": "$1.03", "2015-03-31": "$1.04", "2014-12-31": "$1.02", "2014-09-30": "$1.02", "2014-06-30": "$1.01", "2014-03-31": "$1.05", "2013-12-31": "$1.00", "2013-09-30": "$0.99", "2013-06-30": "$0.98", "2013-03-31": "$0.92", "2012-12-31": "$0.91", "2012-09-30": "$0.88", "2012-06-30": "$0.82", "2012-03-31": "$0.75", "2011-12-31": "$0.73", "2011-09-30": "$0.72", "2011-06-30": "$0.70", "2011-03-31": "$0.67", "2010-12-31": "$0.61", "2010-09-30": "$0.60", "2010-06-30": "$0.55", "2010-03-31": "$0.45", "2009-12-31": "$0.06", "2009-09-30": "$0.56", "2009-06-30": "$0.57", "2009-03-31": "$0.56", "2008-12-31": "$-0.92", "2008-09-30": "$0.49", "2008-06-30": "$0.53", "2008-03-31": "$0.60", "2007-12-31": "$0.41", "2007-09-30": "$0.64", "2007-06-30": "$0.67", "2007-03-31": "$0.66", "2006-12-31": "$0.62", "2006-09-30": "$0.64", "2006-06-30": "$0.61", "2006-03-31": "$0.60", "2005-12-31": "$0.57", "2005-09-30": "$0.58", "2005-06-30": "$0.56", "2005-03-31": "$0.54"}}, "shares-outstanding": {"Wells Fargo Annual Shares Outstanding (Millions of Shares)": {"2020": "4,134", "2019": "4,425", "2018": "4,838", "2017": "5,017", "2016": "5,108", "2015": "5,210", "2014": "5,324", "2013": "5,371", "2012": "5,352", "2011": "5,323", "2010": "5,263", "2009": "4,563", "2008": "3,391", "2007": "3,383", "2006": "3,410", "2005": "3,411"}, "Wells Fargo Quarterly Shares Outstanding (Millions of Shares)": {"2020-12-31": "4,151", "2020-09-30": "4,132", "2020-06-30": "4,106", "2020-03-31": "4,135", "2019-12-31": "4,425", "2019-09-30": "4,390", "2019-06-30": "4,495", "2019-03-31": "4,584", "2018-12-31": "4,838", "2018-09-30": "4,823", "2018-06-30": "4,900", "2018-03-31": "4,931", "2017-12-31": "5,017", "2017-09-30": "4,997", "2017-06-30": "5,038", "2017-03-31": "5,070", "2016-12-31": "5,108", "2016-09-30": "5,095", "2016-06-30": "5,118", "2016-03-31": "5,139", "2015-12-31": "5,210", "2015-09-30": "5,194", "2015-06-30": "5,221", "2015-03-31": "5,244", "2014-12-31": "5,324", "2014-09-30": "5,310", "2014-06-30": "5,351", "2014-03-31": "5,353", "2013-12-31": "5,371", "2013-09-30": "5,382", "2013-06-30": "5,385", "2013-03-31": "5,354", "2012-12-31": "5,352", "2012-09-30": "5,356", "2012-06-30": "5,370", "2012-03-31": "5,338", "2011-12-31": "5,323", "2011-09-30": "5,319", "2011-06-30": "5,332", "2011-03-31": "5,333", "2010-12-31": "5,263", "2010-09-30": "5,273", "2010-06-30": "5,261", "2010-03-31": "5,225", "2009-12-31": "4,563", "2009-09-30": "4,706", "2009-06-30": "4,502", "2009-03-31": "4,249", "2008-12-31": "3,391", "2008-09-30": "3,331", "2008-06-30": "3,321", "2008-03-31": "3,318", "2007-12-31": "3,383", "2007-09-30": "3,374", "2007-06-30": "3,389", "2007-03-31": "3,416", "2006-12-31": "3,410", "2006-09-30": "3,416", "2006-06-30": "3,404", "2006-03-31": "3,396", "2005-12-31": "3,411", "2005-09-30": "3,411", "2005-06-30": "3,414", "2005-03-31": "3,431"}}, "total-assets": {"Wells Fargo Annual Total Assets (Millions of US $)": {"2019": "$1,927,555", "2018": "$1,895,883", "2017": "$1,951,757", "2016": "$1,930,115", "2015": "$1,787,632", "2014": "$1,687,155", "2013": "$1,523,502", "2012": "$1,422,968", "2011": "$1,313,867", "2010": "$1,258,128", "2009": "$1,243,646", "2008": "$1,309,639", "2007": "$575,442", "2006": "$481,996", "2005": "$481,741"}, "Wells Fargo Quarterly Total Assets (Millions of US $)": {"2020-09-30": "$1,922,220", "2020-06-30": "$1,968,766", "2020-03-31": "$1,981,349", "2019-12-31": "$1,927,555", "2019-09-30": "$1,943,950", "2019-06-30": "$1,923,388", "2019-03-31": "$1,887,792", "2018-12-31": "$1,895,883", "2018-09-30": "$1,872,981", "2018-06-30": "$1,879,700", "2018-03-31": "$1,915,388", "2017-12-31": "$1,951,757", "2017-09-30": "$1,934,939", "2017-06-30": "$1,930,871", "2017-03-31": "$1,951,564", "2016-12-31": "$1,930,115", "2016-09-30": "$1,942,124", "2016-06-30": "$1,889,235", "2016-03-31": "$1,849,182", "2015-12-31": "$1,787,632", "2015-09-30": "$1,751,265", "2015-06-30": "$1,720,617", "2015-03-31": "$1,737,737", "2014-12-31": "$1,687,155", "2014-09-30": "$1,636,855", "2014-06-30": "$1,598,874", "2014-03-31": "$1,546,707", "2013-12-31": "$1,523,502", "2013-09-30": "$1,488,055", "2013-06-30": "$1,440,563", "2013-03-31": "$1,436,634", "2012-12-31": "$1,422,968", "2012-09-30": "$1,374,715", "2012-06-30": "$1,336,204", "2012-03-31": "$1,333,799", "2011-12-31": "$1,313,867", "2011-09-30": "$1,304,945", "2011-06-30": "$1,259,734", "2011-03-31": "$1,244,666", "2010-12-31": "$1,258,128", "2010-09-30": "$1,220,784", "2010-06-30": "$1,225,862", "2010-03-31": "$1,223,630", "2009-12-31": "$1,243,646", "2009-09-30": "$1,228,625", "2009-06-30": "$1,284,176", "2009-03-31": "$1,285,891", "2008-12-31": "$1,309,639", "2008-09-30": "$622,361", "2008-06-30": "$609,074", "2008-03-31": "$595,221", "2007-12-31": "$575,442", "2007-09-30": "$548,727", "2007-06-30": "$539,865", "2007-03-31": "$485,901", "2006-12-31": "$481,996", "2006-09-30": "$483,441", "2006-06-30": "$499,516", "2006-03-31": "$492,428", "2005-12-31": "$481,741", "2005-09-30": "$453,494", "2005-06-30": "$434,981", "2005-03-31": "$435,643"}}, "cash-on-hand": {"Wells Fargo Annual Cash on Hand (Millions of US $)": {"2019": "$323,123", "2018": "$323,483", "2017": "$353,596", "2016": "$361,164", "2015": "$354,056", "2014": "$356,255", "2013": "$296,525", "2012": "$216,655", "2011": "$141,621", "2010": "$148,095", "2009": "$111,004", "2008": "$128,080", "2007": "$25,238", "2006": "$26,713", "2005": "$31,608"}, "Wells Fargo Quarterly Cash on Hand (Millions of US $)": {"2020-09-30": "$389,327", "2020-06-30": "$416,471", "2020-03-31": "$317,699", "2019-12-31": "$323,123", "2019-09-30": "$330,895", "2019-06-30": "$346,754", "2019-03-31": "$317,967", "2018-12-31": "$323,483", "2018-09-30": "$308,182", "2018-06-30": "$309,235", "2018-03-31": "$335,811", "2017-12-31": "$353,596", "2017-09-30": "$380,715", "2017-06-30": "$368,561", "2017-03-31": "$408,771", "2016-12-31": "$361,164", "2016-09-30": "$403,558", "2016-06-30": "$396,021", "2016-03-31": "$392,789", "2015-12-31": "$354,056", "2015-09-30": "$346,100", "2015-06-30": "$332,170", "2015-03-31": "$390,388", "2014-12-31": "$356,255", "2014-09-30": "$347,719", "2014-06-30": "$331,028", "2014-03-31": "$306,265", "2013-12-31": "$296,525", "2013-09-30": "$261,167", "2013-06-30": "$225,223", "2013-03-31": "$222,295", "2012-12-31": "$216,655", "2012-09-30": "$178,020", "2012-06-30": "$155,865", "2012-03-31": "$166,839", "2011-12-31": "$141,621", "2011-09-30": "$165,904", "2011-06-30": "$167,235", "2011-03-31": "$167,909", "2010-12-31": "$148,095", "2010-09-30": "$121,821", "2010-06-30": "$138,601", "2010-03-31": "$117,521", "2009-12-31": "$111,004", "2009-09-30": "$77,922", "2009-06-30": "$76,718", "2009-03-31": "$87,308", "2008-12-31": "$128,080", "2008-09-30": "$30,051", "2008-06-30": "$27,379", "2008-03-31": "$26,210", "2007-12-31": "$25,238", "2007-09-30": "$24,044", "2007-06-30": "$25,166", "2007-03-31": "$23,678", "2006-12-31": "$26,713", "2006-09-30": "$21,970", "2006-06-30": "$26,780", "2006-03-31": "$28,108", "2005-12-31": "$31,608", "2005-09-30": "$28,269", "2005-06-30": "$27,642", "2005-03-31": "$26,738"}}, "long-term-debt": {"Wells Fargo Annual Long Term Debt (Millions of US $)": {"2019": "$228,191", "2018": "$229,044", "2017": "$225,020", "2016": "$255,077", "2015": "$199,536", "2014": "$183,943", "2013": "$152,998", "2012": "$127,379", "2011": "$125,354", "2010": "$156,983", "2009": "$203,861", "2008": "$267,158", "2007": "$99,393", "2006": "$87,145", "2005": "$79,668"}, "Wells Fargo Quarterly Long Term Debt (Millions of US $)": {"2020-09-30": "$215,711", "2020-06-30": "$230,921", "2020-03-31": "$237,342", "2019-12-31": "$228,191", "2019-09-30": "$230,651", "2019-06-30": "$241,476", "2019-03-31": "$236,339", "2018-12-31": "$229,044", "2018-09-30": "$221,323", "2018-06-30": "$219,284", "2018-03-31": "$227,302", "2017-12-31": "$225,020", "2017-09-30": "$238,893", "2017-06-30": "$238,869", "2017-03-31": "$256,468", "2016-12-31": "$255,077", "2016-09-30": "$254,835", "2016-06-30": "$243,927", "2016-03-31": "$227,888", "2015-12-31": "$199,536", "2015-09-30": "$185,274", "2015-06-30": "$179,751", "2015-03-31": "$183,292", "2014-12-31": "$183,943", "2014-09-30": "$184,586", "2014-06-30": "$167,878", "2014-03-31": "$153,422", "2013-12-31": "$152,998", "2013-09-30": "$151,212", "2013-06-30": "$123,375", "2013-03-31": "$126,191", "2012-12-31": "$127,379", "2012-09-30": "$130,801", "2012-06-30": "$124,984", "2012-03-31": "$129,752", "2011-12-31": "$125,354", "2011-09-30": "$133,214", "2011-06-30": "$142,872", "2011-03-31": "$148,603", "2010-12-31": "$156,983", "2010-09-30": "$163,143", "2010-06-30": "$185,072", "2010-03-31": "$199,879", "2009-12-31": "$203,861", "2009-09-30": "$214,292", "2009-06-30": "$229,416", "2009-03-31": "$250,650", "2008-12-31": "$267,158", "2008-09-30": "$107,350", "2008-06-30": "$103,928", "2008-03-31": "$103,175", "2007-12-31": "$99,393", "2007-09-30": "$95,592", "2007-06-30": "$93,830", "2007-03-31": "$90,327", "2006-12-31": "$87,145", "2006-09-30": "$84,091", "2006-06-30": "$83,757", "2006-03-31": "$84,500", "2005-12-31": "$79,668", "2005-09-30": "$78,592", "2005-06-30": "$82,855", "2005-03-31": "$76,903"}}, "total-liabilities": {"Wells Fargo Annual Total Liabilities (Millions of US $)": {"2019": "$1,739,571", "2018": "$1,698,817", "2017": "$1,743,678", "2016": "$1,729,618", "2015": "$1,593,741", "2014": "$1,501,893", "2013": "$1,352,494", "2012": "$1,264,057", "2011": "$1,172,180", "2010": "$1,130,239", "2009": "$1,129,287", "2008": "$1,207,323", "2007": "$527,814", "2006": "$436,182", "2005": "$441,081"}, "Wells Fargo Quarterly Total Liabilities (Millions of US $)": {"2020-09-30": "$1,740,188", "2020-06-30": "$1,788,644", "2020-03-31": "$1,798,019", "2019-12-31": "$1,739,571", "2019-09-30": "$1,749,534", "2019-06-30": "$1,723,351", "2019-03-31": "$1,689,059", "2018-12-31": "$1,698,817", "2018-09-30": "$1,673,302", "2018-06-30": "$1,673,631", "2018-03-31": "$1,709,478", "2017-12-31": "$1,743,678", "2017-09-30": "$1,728,115", "2017-06-30": "$1,724,726", "2017-03-31": "$1,749,075", "2016-12-31": "$1,729,618", "2016-09-30": "$1,738,166", "2016-06-30": "$1,686,574", "2016-03-31": "$1,650,678", "2015-12-31": "$1,593,741", "2015-09-30": "$1,557,222", "2015-06-30": "$1,529,941", "2015-03-31": "$1,547,773", "2014-12-31": "$1,501,893", "2014-09-30": "$1,453,865", "2014-06-30": "$1,417,325", "2014-03-31": "$1,370,238", "2013-12-31": "$1,352,494", "2013-09-30": "$1,319,242", "2013-06-30": "$1,276,786", "2013-03-31": "$1,273,239", "2012-12-31": "$1,264,057", "2012-09-30": "$1,218,656", "2012-06-30": "$1,186,767", "2012-03-31": "$1,186,950", "2011-12-31": "$1,172,180", "2011-09-30": "$1,165,701", "2011-06-30": "$1,121,818", "2011-03-31": "$1,109,723", "2010-12-31": "$1,130,239", "2010-09-30": "$1,095,619", "2010-06-30": "$1,104,464", "2010-03-31": "$1,105,476", "2009-12-31": "$1,129,287", "2009-09-30": "$1,099,701", "2009-06-30": "$1,162,794", "2009-03-31": "$1,178,834", "2008-12-31": "$1,207,323", "2008-09-30": "$575,404", "2008-06-30": "$561,110", "2008-03-31": "$546,782", "2007-12-31": "$527,814", "2007-09-30": "$501,161", "2007-06-30": "$492,626", "2007-03-31": "$439,828", "2006-12-31": "$436,182", "2006-09-30": "$438,579", "2006-06-30": "$457,622", "2006-03-31": "$450,467", "2005-12-31": "$441,081", "2005-09-30": "$413,659", "2005-06-30": "$395,703", "2005-03-31": "$397,166"}}, "total-share-holder-equity": {"Wells Fargo Annual Share Holder Equity (Millions of US $)": {"2019": "$187,984", "2018": "$197,066", "2017": "$208,079", "2016": "$200,497", "2015": "$193,891", "2014": "$185,262", "2013": "$171,008", "2012": "$158,911", "2011": "$141,687", "2010": "$127,889", "2009": "$114,359", "2008": "$102,316", "2007": "$47,628", "2006": "$45,814", "2005": "$40,660"}, "Wells Fargo Quarterly Share Holder Equity (Millions of US $)": {"2020-09-30": "$182,032", "2020-06-30": "$180,122", "2020-03-31": "$183,330", "2019-12-31": "$187,984", "2019-09-30": "$194,416", "2019-06-30": "$200,037", "2019-03-31": "$198,733", "2018-12-31": "$197,066", "2018-09-30": "$199,679", "2018-06-30": "$206,069", "2018-03-31": "$205,910", "2017-12-31": "$208,079", "2017-09-30": "$206,824", "2017-06-30": "$206,145", "2017-03-31": "$202,489", "2016-12-31": "$200,497", "2016-09-30": "$203,958", "2016-06-30": "$202,661", "2016-03-31": "$198,504", "2015-12-31": "$193,891", "2015-09-30": "$194,043", "2015-06-30": "$190,676", "2015-03-31": "$189,964", "2014-12-31": "$185,262", "2014-09-30": "$182,990", "2014-06-30": "$181,549", "2014-03-31": "$176,469", "2013-12-31": "$171,008", "2013-09-30": "$168,813", "2013-06-30": "$163,777", "2013-03-31": "$163,395", "2012-12-31": "$158,911", "2012-09-30": "$156,059", "2012-06-30": "$149,437", "2012-03-31": "$146,849", "2011-12-31": "$141,687", "2011-09-30": "$139,244", "2011-06-30": "$137,916", "2011-03-31": "$134,943", "2010-12-31": "$127,889", "2010-09-30": "$125,165", "2010-06-30": "$121,398", "2010-03-31": "$118,154", "2009-12-31": "$114,359", "2009-09-30": "$128,924", "2009-06-30": "$121,382", "2009-03-31": "$107,057", "2008-12-31": "$102,316", "2008-09-30": "$46,957", "2008-06-30": "$47,964", "2008-03-31": "$48,439", "2007-12-31": "$47,628", "2007-09-30": "$47,566", "2007-06-30": "$47,239", "2007-03-31": "$46,073", "2006-12-31": "$45,814", "2006-09-30": "$44,862", "2006-06-30": "$41,894", "2006-03-31": "$41,961", "2005-12-31": "$40,660", "2005-09-30": "$39,835", "2005-06-30": "$39,278", "2005-03-31": "$38,477"}}, "profit-margins": {"current": "4.11%"}, "gross margin": {"2020-12-31": "90.08%", "2020-09-30": "86.93%", "2020-06-30": "84.13%", "2020-03-31": "82.20%", "2019-12-31": "81.86%", "2019-09-30": "82.14%", "2019-06-30": "82.99%", "2019-03-31": "84.13%", "2018-12-31": "85.50%", "2018-09-30": "87.04%", "2018-06-30": "88.08%", "2018-03-31": "89.28%", "2017-12-31": "90.43%", "2017-09-30": "91.31%", "2017-06-30": "92.37%", "2017-03-31": "93.15%", "2016-12-31": "93.73%", "2016-09-30": "94.33%", "2016-06-30": "94.86%", "2016-03-31": "95.28%", "2015-12-31": "95.58%", "2015-09-30": "95.63%", "2015-06-30": "95.56%", "2015-03-31": "95.50%", "2014-12-31": "95.45%", "2014-09-30": "95.37%", "2014-06-30": "95.33%", "2014-03-31": "95.26%", "2013-12-31": "95.13%", "2013-09-30": "95.01%", "2013-06-30": "94.80%", "2013-03-31": "94.55%", "2012-12-31": "94.34%", "2012-09-30": "93.98%", "2012-06-30": "93.47%", "2012-03-31": "93.00%", "2011-12-31": "92.41%", "2011-09-30": "92.05%", "2011-06-30": "91.76%", "2011-03-31": "91.53%", "2010-12-31": "91.38%", "2010-09-30": "91.21%", "2010-06-30": "91.12%", "2010-03-31": "90.74%", "2009-12-31": "89.91%", "2009-09-30": "88.55%", "2009-06-30": "86.52%", "2009-03-31": "84.49%", "2008-12-31": "81.11%", "2008-09-30": "78.79%", "2008-06-30": "76.38%", "2008-03-31": "74.16%", "2007-12-31": "73.56%", "2007-09-30": "73.90%", "2007-06-30": "74.29%", "2007-03-31": "74.14%", "2006-12-31": "74.39%", "2006-09-30": "75.13%", "2006-06-30": "77.22%", "2006-03-31": "79.34%", "2005-12-31": "81.54%"}, "operating margin": {"2020-12-31": "2.59%", "2020-09-30": "1.87%", "2020-06-30": "4.49%", "2020-03-31": "18.24%", "2019-12-31": "23.29%", "2019-09-30": "26.42%", "2019-06-30": "28.14%", "2019-03-31": "28.04%", "2018-12-31": "28.24%", "2018-09-30": "25.89%", "2018-06-30": "25.40%", "2018-03-31": "26.58%", "2017-12-31": "28.01%", "2017-09-30": "31.51%", "2017-06-30": "33.24%", "2017-03-31": "33.64%", "2016-12-31": "34.11%", "2016-09-30": "34.96%", "2016-06-30": "35.90%", "2016-03-31": "36.77%", "2015-12-31": "37.37%", "2015-09-30": "37.62%", "2015-06-30": "37.69%", "2015-03-31": "37.89%", "2014-12-31": "38.38%", "2014-09-30": "38.60%", "2014-06-30": "38.58%", "2014-03-31": "38.20%", "2013-12-31": "37.05%", "2013-09-30": "35.33%", "2013-06-30": "34.08%", "2013-03-31": "32.50%", "2012-12-31": "31.20%", "2012-09-30": "30.28%", "2012-06-30": "29.15%", "2012-03-31": "28.17%", "2011-12-31": "27.01%", "2011-09-30": "25.60%", "2011-06-30": "24.08%", "2011-03-31": "22.19%", "2010-12-31": "20.38%", "2010-09-30": "18.79%", "2010-06-30": "17.91%", "2010-03-31": "17.67%", "2009-12-31": "18.25%", "2009-09-30": "10.86%", "2009-06-30": "9.51%", "2009-03-31": "7.83%", "2008-12-31": "6.39%", "2008-09-30": "18.75%", "2008-06-30": "20.05%", "2008-03-31": "21.75%", "2007-12-31": "22.39%", "2007-09-30": "25.11%", "2007-06-30": "25.76%", "2007-03-31": "25.95%", "2006-12-31": "26.37%", "2006-09-30": "26.74%", "2006-06-30": "27.23%", "2006-03-31": "27.98%", "2005-12-31": "28.58%"}, "ebitda margin": {"2020-09-30": "0.00%", "2020-06-30": "0.00%", "2020-03-31": "0.00%", "2019-12-31": "0.00%", "2019-09-30": "0.00%", "2019-06-30": "0.00%", "2019-03-31": "0.00%", "2018-12-31": "0.00%", "2018-09-30": "0.00%", "2018-06-30": "0.00%", "2018-03-31": "0.00%", "2017-12-31": "0.00%", "2017-09-30": "0.00%", "2017-06-30": "0.00%", "2017-03-31": "0.00%", "2016-12-31": "0.00%", "2016-09-30": "0.00%", "2016-06-30": "0.00%", "2016-03-31": "0.00%", "2015-12-31": "0.00%", "2015-09-30": "0.00%", "2015-06-30": "0.00%", "2015-03-31": "0.00%", "2014-12-31": "0.00%", "2014-09-30": "0.00%", "2014-06-30": "0.00%", "2014-03-31": "0.00%", "2013-12-31": "0.00%", "2013-09-30": "0.00%", "2013-06-30": "0.00%", "2013-03-31": "0.00%", "2012-12-31": "0.00%", "2012-09-30": "0.00%", "2012-06-30": "0.00%", "2012-03-31": "0.00%", "2011-12-31": "0.00%", "2011-09-30": "0.00%", "2011-06-30": "0.00%", "2011-03-31": "0.00%", "2010-12-31": "0.00%", "2010-09-30": "0.00%", "2010-06-30": "0.00%", "2010-03-31": "0.00%", "2009-12-31": "0.00%", "2009-09-30": "0.00%", "2009-06-30": "0.00%", "2009-03-31": "0.00%", "2008-12-31": "0.00%", "2008-09-30": "0.00%", "2008-06-30": "0.00%", "2008-03-31": "0.00%", "2007-12-31": "0.00%", "2007-09-30": "0.00%", "2007-06-30": "0.00%", "2007-03-31": "0.00%", "2006-12-31": "0.00%", "2006-09-30": "0.00%", "2006-06-30": "0.00%", "2006-03-31": "0.00%", "2005-12-31": "0.00%"}, "pre tax profit margin": {"2020-12-31": "0.72%", "2020-09-30": "1.03%", "2020-06-30": "4.49%", "2020-03-31": "18.24%", "2019-12-31": "23.29%", "2019-09-30": "26.42%", "2019-06-30": "28.14%", "2019-03-31": "28.04%", "2018-12-31": "28.24%", "2018-09-30": "25.89%", "2018-06-30": "25.40%", "2018-03-31": "26.58%", "2017-12-31": "28.01%", "2017-09-30": "31.51%", "2017-06-30": "33.24%", "2017-03-31": "33.64%", "2016-12-31": "34.11%", "2016-09-30": "34.96%", "2016-06-30": "35.90%", "2016-03-31": "36.77%", "2015-12-31": "37.37%", "2015-09-30": "37.62%", "2015-06-30": "37.69%", "2015-03-31": "37.89%", "2014-12-31": "38.38%", "2014-09-30": "38.60%", "2014-06-30": "38.58%", "2014-03-31": "38.20%", "2013-12-31": "37.05%", "2013-09-30": "35.33%", "2013-06-30": "34.08%", "2013-03-31": "32.50%", "2012-12-31": "31.20%", "2012-09-30": "30.28%", "2012-06-30": "29.15%", "2012-03-31": "28.17%", "2011-12-31": "27.01%", "2011-09-30": "25.60%", "2011-06-30": "24.08%", "2011-03-31": "22.19%", "2010-12-31": "20.38%", "2010-09-30": "18.79%", "2010-06-30": "17.91%", "2010-03-31": "17.67%", "2009-12-31": "18.25%", "2009-09-30": "10.86%", "2009-06-30": "9.51%", "2009-03-31": "7.83%", "2008-12-31": "6.39%", "2008-09-30": "18.40%", "2008-06-30": "19.70%", "2008-03-31": "21.40%", "2007-12-31": "22.03%", "2007-09-30": "25.11%", "2007-06-30": "25.76%", "2007-03-31": "25.95%", "2006-12-31": "26.37%", "2006-09-30": "26.74%", "2006-06-30": "27.23%", "2006-03-31": "27.98%", "2005-12-31": "28.58%"}, "net profit margin": {"2020-12-31": "2.13%", "2020-09-30": "1.89%", "2020-06-30": "4.27%", "2020-03-31": "12.63%", "2019-12-31": "17.26%", "2019-09-30": "20.11%", "2019-06-30": "21.70%", "2019-03-31": "20.98%", "2018-12-31": "20.47%", "2018-09-30": "20.62%", "2018-06-30": "19.55%", "2018-03-31": "20.33%", "2017-12-31": "21.03%", "2017-09-30": "20.45%", "2017-06-30": "21.73%", "2017-03-31": "21.64%", "2016-12-31": "21.63%", "2016-09-30": "22.12%", "2016-06-30": "22.58%", "2016-03-31": "23.11%", "2015-12-31": "23.85%", "2015-09-30": "24.10%", "2015-06-30": "24.23%", "2015-03-31": "24.35%", "2014-12-31": "24.69%", "2014-09-30": "24.89%", "2014-06-30": "24.99%", "2014-03-31": "24.71%", "2013-12-31": "23.72%", "2013-09-30": "22.76%", "2013-06-30": "21.85%", "2013-03-31": "20.86%", "2012-12-31": "19.73%", "2012-09-30": "18.89%", "2012-06-30": "18.16%", "2012-03-31": "17.50%", "2011-12-31": "17.15%", "2011-09-30": "16.16%", "2011-06-30": "15.11%", "2011-03-31": "13.96%", "2010-12-31": "12.47%", "2010-09-30": "9.28%", "2010-06-30": "8.57%", "2010-03-31": "8.12%", "2009-12-31": "8.10%", "2009-09-30": "5.37%", "2009-06-30": "4.88%", "2009-03-31": "4.45%", "2008-12-31": "4.59%", "2008-09-30": "12.44%", "2008-06-30": "13.18%", "2008-03-31": "14.25%", "2007-12-31": "15.00%", "2007-09-30": "16.88%", "2007-06-30": "17.42%", "2007-03-31": "17.53%", "2006-12-31": "17.55%", "2006-09-30": "17.78%", "2006-06-30": "18.02%", "2006-03-31": "18.60%", "2005-12-31": "18.98%"}, "pe ratio": {"current": "59.20", "2021-02-05": "0.00", "2020-12-31": "0.00", "2020-09-30": "63.06", "2020-06-30": "29.08", "2020-03-31": "9.83", "2019-12-31": "12.83", "2019-09-30": "10.35", "2019-06-30": "9.18", "2019-03-31": "9.95", "2018-12-31": "9.57", "2018-09-30": "10.95", "2018-06-30": "12.28", "2018-03-31": "11.27", "2017-12-31": "13.35", "2017-09-30": "12.68", "2017-06-30": "12.05", "2017-03-31": "12.20", "2016-12-31": "12.03", "2016-09-30": "9.42", "2016-06-30": "9.94", "2016-03-31": "10.03", "2015-12-31": "11.05", "2015-09-30": "10.39", "2015-06-30": "11.39", "2015-03-31": "11.00", "2014-12-31": "10.98", "2014-09-30": "10.38", "2014-06-30": "10.52", "2014-03-31": "9.96", "2013-12-31": "9.33", "2013-09-30": "8.63", "2013-06-30": "8.82", "2013-03-31": "8.20", "2012-12-31": "7.90", "2012-09-30": "8.38", "2012-06-30": "8.49", "2012-03-31": "8.97", "2011-12-31": "7.39", "2011-09-30": "6.72", "2011-06-30": "8.15", "2011-03-31": "9.74", "2010-12-31": "10.43", "2010-09-30": "11.09", "2010-06-30": "11.56", "2010-03-31": "13.87", "2009-12-31": "11.26", "2009-09-30": "23.07", "2009-06-30": "21.50", "2009-03-31": "13.23", "2008-12-31": "25.58", "2008-09-30": "13.17", "2008-06-30": "7.54", "2008-03-31": "8.60", "2007-12-31": "8.61", "2007-09-30": "9.19", "2007-06-30": "9.13", "2007-03-31": "9.06", "2006-12-31": "9.52"}, "price sales": {"2021-02-05": "1.67", "2020-12-31": "1.55", "2020-09-30": "1.15", "2020-06-30": "1.18", "2020-03-31": "1.23", "2019-12-31": "2.22", "2019-09-30": "2.09", "2019-06-30": "2.00", "2019-03-31": "2.10", "2018-12-31": "2.05", "2018-09-30": "2.35", "2018-06-30": "2.52", "2018-03-31": "2.39", "2017-12-31": "2.80", "2017-09-30": "2.57", "2017-06-30": "2.60", "2017-03-31": "2.62", "2016-12-31": "2.61", "2016-09-30": "2.10", "2016-06-30": "2.26", "2016-03-31": "2.34", "2015-12-31": "2.66", "2015-09-30": "2.51", "2015-06-30": "2.77", "2015-03-31": "2.68", "2014-12-31": "2.72", "2014-09-30": "2.58", "2014-06-30": "2.63", "2014-03-31": "2.46", "2013-12-31": "2.21", "2013-09-30": "1.97", "2013-06-30": "1.93", "2013-03-31": "1.71", "2012-12-31": "1.56", "2012-09-30": "1.58", "2012-06-30": "1.54", "2012-03-31": "1.57", "2011-12-31": "1.27", "2011-09-30": "1.08", "2011-06-30": "1.23", "2011-03-31": "1.36", "2010-12-31": "1.30", "2010-09-30": "0.99", "2010-06-30": "0.96", "2010-03-31": "1.11", "2009-12-31": "0.91", "2009-09-30": "1.05", "2009-06-30": "0.97", "2009-03-31": "0.62", "2008-12-31": "1.37", "2008-09-30": "1.65", "2008-06-30": "1.01", "2008-03-31": "1.25", "2007-12-31": "1.32", "2007-09-30": "1.58", "2007-06-30": "1.60", "2007-03-31": "1.60", "2006-12-31": "1.68"}, "price book": {"current": "0.82", "2021-02-05": "0.74", "2020-09-30": "0.53", "2020-06-30": "0.58", "2020-03-31": "0.62", "2019-12-31": "1.13", "2019-09-30": "1.05", "2019-06-30": "0.98", "2019-03-31": "1.02", "2018-12-31": "0.99", "2018-09-30": "1.13", "2018-06-30": "1.18", "2018-03-31": "1.12", "2017-12-31": "1.28", "2017-09-30": "1.17", "2017-06-30": "1.18", "2017-03-31": "1.20", "2016-12-31": "1.20", "2016-09-30": "0.94", "2016-06-30": "1.01", "2016-03-31": "1.05", "2015-12-31": "1.20", "2015-09-30": "1.13", "2015-06-30": "1.26", "2015-03-31": "1.22", "2014-12-31": "1.26", "2014-09-30": "1.21", "2014-06-30": "1.23", "2014-03-31": "1.19", "2013-12-31": "1.12", "2013-09-30": "1.02", "2013-06-30": "1.05", "2013-03-31": "0.94", "2012-12-31": "0.88", "2012-09-30": "0.90", "2012-06-30": "0.90", "2012-03-31": "0.94", "2011-12-31": "0.77", "2011-09-30": "0.69", "2011-06-30": "0.80", "2011-03-31": "0.93", "2010-12-31": "0.95", "2010-09-30": "0.78", "2010-06-30": "0.82", "2010-03-31": "1.01", "2009-12-31": "0.90", "2009-09-30": "0.75", "2009-06-30": "0.69", "2009-03-31": "0.42", "2008-12-31": "0.88", "2008-09-30": "1.89", "2008-06-30": "1.16", "2008-03-31": "1.38", "2007-12-31": "1.44", "2007-09-30": "1.70", "2007-06-30": "1.70", "2007-03-31": "1.68", "2006-12-31": "1.75", "2006-09-30": "1.80", "2006-06-30": "1.77", "2006-03-31": "1.67"}, "price fcf": {"2021-02-05": "", "2020-09-30": "$8.82", "2020-06-30": "$8.03", "2020-03-31": "$3.96", "2019-12-31": "$1.52", "2019-09-30": "$1.80", "2019-06-30": "$6.14", "2019-03-31": "$6.10", "2018-12-31": "$7.46", "2018-09-30": "$4.40", "2018-06-30": "$4.90", "2018-03-31": "$4.21", "2017-12-31": "$3.71", "2017-09-30": "$4.62", "2017-06-30": "$2.22", "2017-03-31": "$1.64", "2016-12-31": "$0.20", "2016-09-30": "$-1.51", "2016-06-30": "$2.61", "2016-03-31": "$3.72", "2015-12-31": "$3.05", "2015-09-30": "$4.34", "2015-06-30": "$3.53", "2015-03-31": "$3.24", "2014-12-31": "$3.29", "2014-09-30": "$5.46", "2014-06-30": "$6.55", "2014-03-31": "$9.56", "2013-12-31": "$10.73", "2013-09-30": "$9.60", "2013-06-30": "$8.46", "2013-03-31": "$9.67", "2012-12-31": "$10.94", "2012-09-30": "$4.83", "2012-06-30": "$3.80", "2012-03-31": "$2.32", "2011-12-31": "$2.57", "2011-09-30": "$6.35", "2011-06-30": "$5.72", "2011-03-31": "$5.09", "2010-12-31": "$3.57", "2010-09-30": "$5.23", "2010-06-30": "$5.51", "2010-03-31": "$4.23", "2009-12-31": "$6.27", "2009-09-30": "$0.29", "2009-06-30": "$-1.29", "2009-03-31": "$2.44", "2008-12-31": "$-1.41", "2008-09-30": "$6.16", "2008-06-30": "$4.51", "2008-03-31": "$1.21", "2007-12-31": "$2.75", "2007-09-30": "$2.08", "2007-06-30": "$4.34", "2007-03-31": "$4.71", "2006-12-31": "$8.20"}, "net worth": {"value": "$134.62B"}, "current ratio": {"2020-12-31": "0.85", "2020-09-30": "0.87", "2020-06-30": "0.88", "2020-03-31": "0.87", "2019-12-31": "0.87", "2019-09-30": "0.86", "2019-06-30": "0.89", "2019-03-31": "0.88", "2018-12-31": "0.88", "2018-09-30": "0.87", "2018-06-30": "0.88", "2018-03-31": "0.88", "2017-12-31": "0.88", "2017-09-30": "0.91", "2017-06-30": "0.91", "2017-03-31": "0.93", "2016-12-31": "0.92", "2016-09-30": "0.93", "2016-06-30": "0.95", "2016-03-31": "0.95", "2015-12-31": "0.93", "2015-09-30": "0.92", "2015-06-30": "0.92", "2015-03-31": "0.93", "2014-12-31": "0.93", "2014-09-30": "0.95", "2014-06-30": "0.94", "2014-03-31": "0.93", "2013-12-31": "0.94", "2013-09-30": "0.93", "2013-06-30": "0.91", "2013-03-31": "0.92", "2012-12-31": "0.92", "2012-09-30": "0.91", "2012-06-30": "0.91", "2012-03-31": "0.91", "2011-12-31": "0.90", "2011-09-30": "0.92", "2011-06-30": "0.95", "2011-03-31": "0.97", "2010-12-31": "0.96", "2010-09-30": "0.96", "2010-06-30": "1.00", "2010-03-31": "1.01", "2009-12-31": "0.99", "2009-09-30": "1.01", "2009-06-30": "0.99", "2009-03-31": "1.03", "2008-12-31": "1.06", "2008-09-30": "0.97", "2008-06-30": "0.97", "2008-03-31": "0.99", "2007-12-31": "1.00", "2007-09-30": "1.02", "2007-06-30": "1.00", "2007-03-31": "1.08", "2006-12-31": "1.08", "2006-09-30": "1.03", "2006-06-30": "0.97", "2006-03-31": "1.03", "2005-12-31": "1.05", "2005-09-30": "1.10", "2005-06-30": "1.14", "2005-03-31": "1.11"}, "quick ratio": {"2020-12-31": "0.00", "2020-09-30": "0.00", "2020-06-30": "0.00", "2020-03-31": "0.00", "2019-12-31": "0.00", "2019-09-30": "0.00", "2019-06-30": "0.00", "2019-03-31": "0.00", "2018-12-31": "0.00", "2018-09-30": "0.00", "2018-06-30": "0.00", "2018-03-31": "0.00", "2017-12-31": "0.00", "2017-09-30": "0.00", "2017-06-30": "0.00", "2017-03-31": "0.00", "2016-12-31": "0.00", "2016-09-30": "0.00", "2016-06-30": "0.00", "2016-03-31": "0.00", "2015-12-31": "0.00", "2015-09-30": "0.00", "2015-06-30": "0.00", "2015-03-31": "0.00", "2014-12-31": "0.00", "2014-09-30": "0.00", "2014-06-30": "0.00", "2014-03-31": "0.00", "2013-12-31": "0.00", "2013-09-30": "0.00", "2013-06-30": "0.00", "2013-03-31": "0.00", "2012-12-31": "0.00", "2012-09-30": "0.00", "2012-06-30": "0.00", "2012-03-31": "0.00", "2011-12-31": "0.00", "2011-09-30": "0.00", "2011-06-30": "0.00", "2011-03-31": "0.00", "2010-12-31": "0.00", "2010-09-30": "0.00", "2010-06-30": "0.00", "2010-03-31": "0.00", "2009-12-31": "0.00", "2009-09-30": "0.00", "2009-06-30": "0.00", "2009-03-31": "0.00", "2008-12-31": "0.00", "2008-09-30": "0.00", "2008-06-30": "0.00", "2008-03-31": "0.00", "2007-12-31": "0.00", "2007-09-30": "0.00", "2007-06-30": "0.00", "2007-03-31": "0.00", "2006-12-31": "0.00", "2006-09-30": "0.00", "2006-06-30": "0.00", "2006-03-31": "0.00", "2005-12-31": "0.00", "2005-09-30": "0.00", "2005-06-30": "0.00", "2005-03-31": "0.00"}, "debt equity ratio": {"current": "1.29", "2020-12-31": "9.52", "2020-09-30": "9.56", "2020-06-30": "9.93", "2020-03-31": "9.81", "2019-12-31": "9.25", "2019-09-30": "9.00", "2019-06-30": "8.62", "2019-03-31": "8.50", "2018-12-31": "8.62", "2018-09-30": "8.38", "2018-06-30": "8.12", "2018-03-31": "8.30", "2017-12-31": "8.38", "2017-09-30": "8.36", "2017-06-30": "8.37", "2017-03-31": "8.64", "2016-12-31": "8.63", "2016-09-30": "8.52", "2016-06-30": "8.32", "2016-03-31": "8.32", "2015-12-31": "8.22", "2015-09-30": "8.03", "2015-06-30": "8.02", "2015-03-31": "8.15", "2014-12-31": "8.11", "2014-09-30": "7.95", "2014-06-30": "7.81", "2014-03-31": "7.77", "2013-12-31": "7.91", "2013-09-30": "7.82", "2013-06-30": "7.80", "2013-03-31": "7.79", "2012-12-31": "7.95", "2012-09-30": "7.81", "2012-06-30": "7.94", "2012-03-31": "8.08", "2011-12-31": "8.27", "2011-09-30": "8.37", "2011-06-30": "8.13", "2011-03-31": "8.22", "2010-12-31": "8.84", "2010-09-30": "8.75", "2010-06-30": "9.10", "2010-03-31": "9.36", "2009-12-31": "9.88", "2009-09-30": "8.53", "2009-06-30": "9.58", "2009-03-31": "11.01", "2008-12-31": "11.80", "2008-09-30": "12.25", "2008-06-30": "11.70", "2008-03-31": "11.29", "2007-12-31": "11.08", "2007-09-30": "10.54", "2007-06-30": "10.43", "2007-03-31": "9.55", "2006-12-31": "9.52", "2006-09-30": "9.78", "2006-06-30": "10.92", "2006-03-31": "10.74", "2005-12-31": "10.85", "2005-09-30": "10.38", "2005-06-30": "10.07", "2005-03-31": "10.32"}, "return on equity": {"2020-12-31": "0.94%", "2020-09-30": "0.88%", "2020-06-30": "2.11%", "2020-03-31": "6.52%", "2019-12-31": "9.19%", "2019-09-30": "10.68%", "2019-06-30": "11.32%", "2019-03-31": "10.71%", "2018-12-31": "10.23%", "2018-09-30": "10.11%", "2018-06-30": "9.38%", "2018-03-31": "9.70%", "2017-12-31": "9.98%", "2017-09-30": "9.65%", "2017-06-30": "10.23%", "2017-03-31": "10.14%", "2016-12-31": "10.12%", "2016-09-30": "10.36%", "2016-06-30": "10.60%", "2016-03-31": "10.86%", "2015-12-31": "11.17%", "2015-09-30": "11.40%", "2015-06-30": "11.54%", "2015-03-31": "11.72%", "2014-12-31": "12.02%", "2014-09-30": "12.25%", "2014-06-30": "12.45%", "2014-03-31": "12.68%", "2013-12-31": "12.53%", "2013-09-30": "12.45%", "2013-06-30": "12.32%", "2013-03-31": "12.05%", "2012-12-31": "11.78%", "2012-09-30": "11.47%", "2012-06-30": "11.19%", "2012-03-31": "10.94%", "2011-12-31": "10.85%", "2011-09-30": "10.64%", "2011-06-30": "10.40%", "2011-03-31": "10.07%", "2010-12-31": "9.45%", "2010-09-30": "7.34%", "2010-06-30": "6.86%", "2010-03-31": "6.61%", "2009-12-31": "6.78%", "2009-09-30": "3.98%", "2009-06-30": "3.79%", "2009-03-31": "3.62%", "2008-12-31": "3.86%", "2008-09-30": "14.14%", "2008-06-30": "15.21%", "2008-03-31": "16.37%", "2007-12-31": "17.10%", "2007-09-30": "18.89%", "2007-06-30": "19.21%", "2007-03-31": "19.36%", "2006-12-31": "19.30%", "2006-09-30": "19.44%", "2006-06-30": "19.50%", "2006-03-31": "19.37%", "2005-12-31": "19.39%"}, "return on assets": {"2020-12-31": "0.09%", "2020-09-30": "0.08%", "2020-06-30": "0.20%", "2020-03-31": "0.64%", "2019-12-31": "0.93%", "2019-09-30": "1.10%", "2019-06-30": "1.19%", "2019-03-31": "1.14%", "2018-12-31": "1.09%", "2018-09-30": "1.09%", "2018-06-30": "1.01%", "2018-03-31": "1.04%", "2017-12-31": "1.06%", "2017-09-30": "1.02%", "2017-06-30": "1.07%", "2017-03-31": "1.06%", "2016-12-31": "1.07%", "2016-09-30": "1.11%", "2016-06-30": "1.15%", "2016-03-31": "1.19%", "2015-12-31": "1.23%", "2015-09-30": "1.26%", "2015-06-30": "1.27%", "2015-03-31": "1.30%", "2014-12-31": "1.35%", "2014-09-30": "1.38%", "2014-06-30": "1.41%", "2014-03-31": "1.44%", "2013-12-31": "1.42%", "2013-09-30": "1.41%", "2013-06-30": "1.39%", "2013-03-31": "1.36%", "2012-12-31": "1.32%", "2012-09-30": "1.27%", "2012-06-30": "1.22%", "2012-03-31": "1.19%", "2011-12-31": "1.17%", "2011-09-30": "1.13%", "2011-06-30": "1.10%", "2011-03-31": "1.04%", "2010-12-31": "0.94%", "2010-09-30": "0.72%", "2010-06-30": "0.67%", "2010-03-31": "0.64%", "2009-12-31": "0.63%", "2009-09-30": "0.36%", "2009-06-30": "0.32%", "2009-03-31": "0.29%", "2008-12-31": "0.30%", "2008-09-30": "1.12%", "2008-06-30": "1.25%", "2008-03-31": "1.38%", "2007-12-31": "1.50%", "2007-09-30": "1.71%", "2007-06-30": "1.78%", "2007-03-31": "1.77%", "2006-12-31": "1.72%", "2006-09-30": "1.68%", "2006-06-30": "1.66%", "2006-03-31": "1.68%", "2005-12-31": "1.70%"}, "return on investments": {"2020-12-31": "0.51%", "2020-09-30": "0.39%", "2020-06-30": "0.99%", "2020-03-31": "4.23%", "2019-12-31": "5.63%", "2019-09-30": "6.42%", "2019-06-30": "6.78%", "2019-03-31": "6.72%", "2018-12-31": "6.69%", "2018-09-30": "6.08%", "2018-06-30": "5.80%", "2018-03-31": "5.97%", "2017-12-31": "6.14%", "2017-09-30": "6.72%", "2017-06-30": "7.00%", "2017-03-31": "7.01%", "2016-12-31": "7.19%", "2016-09-30": "7.58%", "2016-06-30": "8.08%", "2016-03-31": "8.55%", "2015-12-31": "8.87%", "2015-09-30": "9.06%", "2015-06-30": "9.08%", "2015-03-31": "9.24%", "2014-12-31": "9.58%", "2014-09-30": "9.87%", "2014-06-30": "10.13%", "2014-03-31": "10.58%", "2013-12-31": "10.69%", "2013-09-30": "10.70%", "2013-06-30": "10.73%", "2013-03-31": "10.36%", "2012-12-31": "10.13%", "2012-09-30": "9.89%", "2012-06-30": "9.51%", "2012-03-31": "9.09%", "2011-12-31": "8.57%", "2011-09-30": "8.12%", "2011-06-30": "7.67%", "2011-03-31": "7.01%", "2010-12-31": "6.35%", "2010-09-30": "5.78%", "2010-06-30": "5.38%", "2010-03-31": "5.22%", "2009-12-31": "5.26%", "2009-09-30": "2.61%", "2009-06-30": "2.26%", "2009-03-31": "1.88%", "2008-12-31": "1.60%", "2008-09-30": "6.73%", "2008-06-30": "7.46%", "2008-03-31": "8.18%", "2007-12-31": "8.47%", "2007-09-30": "9.48%", "2007-06-30": "9.69%", "2007-03-31": "9.77%", "2006-12-31": "9.84%", "2006-09-30": "9.87%", "2006-06-30": "9.87%", "2006-03-31": "9.67%", "2005-12-31": "9.70%"}, "return on tangible equity": {"2020-09-30": "1.10%", "2020-06-30": "2.63%", "2020-03-31": "8.16%", "2019-12-31": "11.54%", "2019-09-30": "13.45%", "2019-06-30": "14.34%", "2019-03-31": "13.61%", "2018-12-31": "13.01%", "2018-09-30": "12.79%", "2018-06-30": "11.79%", "2018-03-31": "12.15%", "2017-12-31": "12.48%", "2017-09-30": "12.09%", "2017-06-30": "12.77%", "2017-03-31": "12.63%", "2016-12-31": "12.58%", "2016-09-30": "12.88%", "2016-06-30": "13.22%", "2016-03-31": "13.61%", "2015-12-31": "14.03%", "2015-09-30": "14.36%", "2015-06-30": "14.66%", "2015-03-31": "14.96%", "2014-12-31": "15.50%", "2014-09-30": "15.98%", "2014-06-30": "16.35%", "2014-03-31": "16.80%", "2013-12-31": "16.60%", "2013-09-30": "16.45%", "2013-06-30": "16.27%", "2013-03-31": "15.95%", "2012-12-31": "15.76%", "2012-09-30": "15.53%", "2012-06-30": "15.35%", "2012-03-31": "15.21%", "2011-12-31": "15.29%", "2011-09-30": "15.22%", "2011-06-30": "15.03%", "2011-03-31": "14.69%", "2010-12-31": "13.97%", "2010-09-30": "11.05%", "2010-06-30": "10.33%", "2010-03-31": "10.03%", "2009-12-31": "10.27%", "2009-09-30": "6.06%", "2009-06-30": "6.31%", "2009-03-31": "6.80%", "2008-12-31": "8.44%", "2008-09-30": "40.91%", "2008-06-30": "42.22%", "2008-03-31": "44.55%", "2007-12-31": "48.19%", "2007-09-30": "53.30%", "2007-06-30": "54.44%", "2007-03-31": "54.21%", "2006-12-31": "52.50%", "2006-09-30": "50.70%", "2006-06-30": "47.37%", "2006-03-31": "43.03%", "2005-12-31": "41.07%"}, "dividend yield history": {"last payout": "$0.40", "last yield": "1.23%"}}