{"ticker": "WCC", "price": {"title": "WESCO Historical Annual Stock Price Data", "value": 86.77, "historical": {"2021": {"Average Stock Price": "82.9333", "Year Open": "76.5800", "Year High": "86.7700", "Year Low": "75.9800", "Year Close": "86.7700", "Annual % Change": "10.54%"}, "2020": {"Average Stock Price": "43.6725", "Year Open": "58.8800", "Year High": "78.5000", "Year Low": "15.7700", "Year Close": "78.5000", "Annual % Change": "32.18%"}, "2019": {"Average Stock Price": "51.0796", "Year Open": "48.0400", "Year High": "59.9900", "Year Low": "42.5900", "Year Close": "59.3900", "Annual % Change": "23.73%"}, "2018": {"Average Stock Price": "59.1694", "Year Open": "66.8000", "Year High": "68.7500", "Year Low": "44.0900", "Year Close": "48.0000", "Annual % Change": "-29.57%"}, "2017": {"Average Stock Price": "62.0786", "Year Open": "67.5500", "Year High": "74.4500", "Year Low": "49.6000", "Year Close": "68.1500", "Annual % Change": "2.40%"}, "2016": {"Average Stock Price": "55.4877", "Year Open": "44.0900", "Year High": "72.1500", "Year Low": "36.0500", "Year Close": "66.5500", "Annual % Change": "52.36%"}, "2015": {"Average Stock Price": "61.2208", "Year Open": "76.1000", "Year High": "76.1000", "Year Low": "40.0400", "Year Close": "43.6800", "Annual % Change": "-42.68%"}, "2014": {"Average Stock Price": "83.5618", "Year Open": "89.8400", "Year High": "93.8100", "Year Low": "71.1800", "Year Close": "76.2100", "Annual % Change": "-16.32%"}, "2013": {"Average Stock Price": "75.5173", "Year Open": "69.2000", "Year High": "91.1200", "Year Low": "65.4600", "Year Close": "91.0700", "Annual % Change": "35.06%"}, "2012": {"Average Stock Price": "61.1587", "Year Open": "54.3100", "Year High": "67.6000", "Year Low": "52.3100", "Year Close": "67.4300", "Annual % Change": "27.20%"}, "2011": {"Average Stock Price": "51.2794", "Year Open": "53.2500", "Year High": "63.7900", "Year Low": "32.0900", "Year Close": "53.0100", "Annual % Change": "0.40%"}, "2010": {"Average Stock Price": "37.5896", "Year Open": "27.5800", "Year High": "53.2100", "Year Low": "27.5500", "Year Close": "52.8000", "Annual % Change": "95.48%"}, "2009": {"Average Stock Price": "23.9385", "Year Open": "19.5000", "Year High": "30.1400", "Year Low": "13.4200", "Year Close": "27.0100", "Annual % Change": "40.46%"}, "2008": {"Average Stock Price": "33.4009", "Year Open": "39.3500", "Year High": "46.1100", "Year Low": "11.8900", "Year Close": "19.2300", "Annual % Change": "-51.49%"}, "2007": {"Average Stock Price": "55.0784", "Year Open": "57.8600", "Year High": "69.3500", "Year Low": "38.2500", "Year Close": "39.6400", "Annual % Change": "-32.60%"}, "2006": {"Average Stock Price": "62.1497", "Year Open": "44.2500", "Year High": "79.8500", "Year Low": "43.4900", "Year Close": "58.8100", "Annual % Change": "37.63%"}, "2005": {"Average Stock Price": "33.2959", "Year Open": "30.0000", "Year High": "43.7600", "Year Low": "23.4700", "Year Close": "42.7300", "Annual % Change": "44.16%"}, "2004": {"Average Stock Price": "18.8031", "Year Open": "9.1500", "Year High": "29.9400", "Year Low": "9.1500", "Year Close": "29.6400", "Annual % Change": "234.92%"}, "2003": {"Average Stock Price": "5.5254", "Year Open": "5.5000", "Year High": "9.1300", "Year Low": "3.4400", "Year Close": "8.8500", "Annual % Change": "61.20%"}, "2002": {"Average Stock Price": "5.6188", "Year Open": "4.9800", "Year High": "7.4000", "Year Low": "3.1400", "Year Close": "5.4900", "Annual % Change": "10.91%"}, "2001": {"Average Stock Price": "7.5740", "Year Open": "7.1900", "Year High": "11.0000", "Year Low": "4.0500", "Year Close": "4.9500", "Annual % Change": "-31.72%"}, "2000": {"Average Stock Price": "8.6572", "Year Open": "8.7500", "Year High": "10.6900", "Year Low": "6.6200", "Year Close": "7.2500", "Annual % Change": "-18.36%"}}}, "market cap": {"value": "$4.34B"}, "income statement": {"Revenue": {"2019-12-31": "8358.91700", "2018-12-31": "8176.60100", "2017-12-31": "7679.02100", "2016-12-31": "7336.01700", "2015-12-31": "7518.48700", "2014-12-31": "7889.62600", "2013-12-31": "7513.34200", "2012-12-31": "6579.30100", "2011-12-31": "6125.71800", "2010-12-31": "5063.86200", "2009-12-31": "4623.95400", "2008-12-31": "6110.84000", "2007-12-31": "6003.45200", "2006-12-31": "5320.60300", "2005-12-31": "4421.10300"}, "Cost Of Goods Sold": {"2019-12-31": "6777.45600", "2018-12-31": "6609.22000", "2017-12-31": "6194.36600", "2016-12-31": "5887.81400", "2015-12-31": "6024.82600", "2014-12-31": "6278.58400", "2013-12-31": "5967.89200", "2012-12-31": "5247.85500", "2011-12-31": "4889.14900", "2010-12-31": "4065.42500", "2009-12-31": "3724.06100", "2008-12-31": "4904.16400", "2007-12-31": "4781.33600", "2006-12-31": "4234.07900", "2005-12-31": "3580.39800"}, "Gross Profit": {"2019-12-31": "1581.46100", "2018-12-31": "1567.38100", "2017-12-31": "1484.65500", "2016-12-31": "1448.20300", "2015-12-31": "1493.66100", "2014-12-31": "1611.04200", "2013-12-31": "1545.45000", "2012-12-31": "1331.44600", "2011-12-31": "1236.56900", "2010-12-31": "998.43680", "2009-12-31": "899.89310", "2008-12-31": "1206.67600", "2007-12-31": "1222.11600", "2006-12-31": "1086.52400", "2005-12-31": "840.70510"}, "Research And Development Expenses": {"2019-12-31": "", "2018-12-31": "", "2017-12-31": "", "2016-12-31": "", "2015-12-31": "", "2014-12-31": "", "2013-12-31": "", "2012-12-31": "", "2011-12-31": "", "2010-12-31": "", "2009-12-31": "", "2008-12-31": "", "2007-12-31": "", "2006-12-31": "", "2005-12-31": ""}, "SG&A Expenses": {"2019-12-31": "1173.13700", "2018-12-31": "1151.94400", "2017-12-31": "1101.59800", "2016-12-31": "1050.79900", "2015-12-31": "1054.95100", "2014-12-31": "1076.80800", "2013-12-31": "996.81000", "2012-12-31": "961.01400", "2011-12-31": "871.98300", "2010-12-31": "763.58300", "2009-12-31": "693.89600", "2008-12-31": "834.27800", "2007-12-31": "791.13300", "2006-12-31": "692.88100", "2005-12-31": "612.78000"}, "Other Operating Income Or Expenses": {"2019-12-31": "", "2018-12-31": "", "2017-12-31": "", "2016-12-31": "", "2015-12-31": "", "2014-12-31": "", "2013-12-31": "", "2012-12-31": "", "2011-12-31": "", "2010-12-31": "", "2009-12-31": "", "2008-12-31": "", "2007-12-31": "", "2006-12-31": "", "2005-12-31": ""}, "Operating Expenses": {"2019-12-31": "8012.70000", "2018-12-31": "7824.16100", "2017-12-31": "7359.98100", "2016-12-31": "7005.47100", "2015-12-31": "7144.74500", "2014-12-31": "7423.40900", "2013-12-31": "7032.34400", "2012-12-31": "6246.43000", "2011-12-31": "5792.73900", "2010-12-31": "4852.94300", "2009-12-31": "4444.00200", "2008-12-31": "5765.17300", "2007-12-31": "5609.22800", "2006-12-31": "4955.62000", "2005-12-31": "4211.81700"}, "Operating Income": {"2019-12-31": "346.21680", "2018-12-31": "352.43990", "2017-12-31": "319.03960", "2016-12-31": "330.54640", "2015-12-31": "373.74170", "2014-12-31": "466.21680", "2013-12-31": "480.99760", "2012-12-31": "332.87060", "2011-12-31": "332.97900", "2010-12-31": "210.91850", "2009-12-31": "179.95210", "2008-12-31": "345.66700", "2007-12-31": "394.22460", "2006-12-31": "364.98290", "2005-12-31": "209.28610"}, "Total Non-Operating Income/Expense": {"2019-12-31": "-64.15600", "2018-12-31": "-71.41500", "2017-12-31": "-66.60000", "2016-12-31": "-198.99500", "2015-12-31": "-69.83200", "2014-12-31": "-82.06400", "2013-12-31": "-101.14700", "2012-12-31": "-51.23200", "2011-12-31": "-53.60300", "2010-12-31": "-53.27800", "2009-12-31": "-42.80100", "2008-12-31": "-54.80000", "2007-12-31": "-76.45900", "2006-12-31": "-47.41700", "2005-12-31": "-58.40200"}, "Pre-Tax Income": {"2019-12-31": "282.06100", "2018-12-31": "281.02500", "2017-12-31": "252.44000", "2016-12-31": "131.55100", "2015-12-31": "303.91000", "2014-12-31": "384.15300", "2013-12-31": "379.85100", "2012-12-31": "281.63900", "2011-12-31": "279.37600", "2010-12-31": "157.64100", "2009-12-31": "137.15100", "2008-12-31": "290.86700", "2007-12-31": "317.76500", "2006-12-31": "317.56600", "2005-12-31": "150.88400"}, "Income Taxes": {"2019-12-31": "59.86300", "2018-12-31": "55.67000", "2017-12-31": "89.30700", "2016-12-31": "30.43100", "2015-12-31": "95.53700", "2014-12-31": "108.71600", "2013-12-31": "103.33300", "2012-12-31": "79.88000", "2011-12-31": "83.13600", "2010-12-31": "42.16400", "2009-12-31": "32.06300", "2008-12-31": "86.73400", "2007-12-31": "85.20800", "2006-12-31": "100.24600", "2005-12-31": "47.35800"}, "Income After Taxes": {"2019-12-31": "222.19800", "2018-12-31": "225.35500", "2017-12-31": "163.13300", "2016-12-31": "101.12000", "2015-12-31": "208.37300", "2014-12-31": "275.43700", "2013-12-31": "276.51800", "2012-12-31": "201.75900", "2011-12-31": "196.24000", "2010-12-31": "115.47700", "2009-12-31": "105.08800", "2008-12-31": "204.13300", "2007-12-31": "232.55700", "2006-12-31": "217.32000", "2005-12-31": "103.52600"}, "Other Income": {"2019-12-31": "", "2018-12-31": "", "2017-12-31": "", "2016-12-31": "", "2015-12-31": "", "2014-12-31": "", "2013-12-31": "", "2012-12-31": "", "2011-12-31": "", "2010-12-31": "", "2009-12-31": "", "2008-12-31": "", "2007-12-31": "", "2006-12-31": "", "2005-12-31": ""}, "Income From Continuous Operations": {"2019-12-31": "222.19800", "2018-12-31": "225.35500", "2017-12-31": "163.13300", "2016-12-31": "101.12000", "2015-12-31": "208.37300", "2014-12-31": "275.43700", "2013-12-31": "276.51800", "2012-12-31": "201.75900", "2011-12-31": "196.24000", "2010-12-31": "115.47700", "2009-12-31": "105.08800", "2008-12-31": "204.13300", "2007-12-31": "232.55700", "2006-12-31": "217.32000", "2005-12-31": "103.52600"}, "Income From Discontinued Operations": {"2019-12-31": "", "2018-12-31": "", "2017-12-31": "", "2016-12-31": "", "2015-12-31": "", "2014-12-31": "", "2013-12-31": "", "2012-12-31": "", "2011-12-31": "", "2010-12-31": "", "2009-12-31": "", "2008-12-31": "", "2007-12-31": "", "2006-12-31": "", "2005-12-31": ""}, "Net Income": {"2019-12-31": "223.42600", "2018-12-31": "227.34300", "2017-12-31": "163.46000", "2016-12-31": "101.58800", "2015-12-31": "210.68700", "2014-12-31": "275.90600", "2013-12-31": "276.43000", "2012-12-31": "201.77700", "2011-12-31": "196.25100", "2010-12-31": "115.47700", "2009-12-31": "105.08800", "2008-12-31": "204.13300", "2007-12-31": "232.55700", "2006-12-31": "217.32000", "2005-12-31": "103.52600"}, "EBITDA": {"2019-12-31": "408.32380", "2018-12-31": "415.43700", "2017-12-31": "383.05650", "2016-12-31": "404.08840", "2015-12-31": "450.90470", "2014-12-31": "542.79580", "2013-12-31": "557.82760", "2012-12-31": "375.34660", "2011-12-31": "371.52000", "2010-12-31": "241.69950", "2009-12-31": "221.29710", "2008-12-31": "390.28400", "2007-12-31": "448.43760", "2006-12-31": "396.16290", "2005-12-31": "226.07010"}, "EBIT": {"2019-12-31": "346.21680", "2018-12-31": "352.43990", "2017-12-31": "319.03960", "2016-12-31": "330.54640", "2015-12-31": "373.74170", "2014-12-31": "466.21680", "2013-12-31": "480.99760", "2012-12-31": "332.87060", "2011-12-31": "332.97900", "2010-12-31": "210.91850", "2009-12-31": "179.95210", "2008-12-31": "345.66700", "2007-12-31": "394.22460", "2006-12-31": "364.98290", "2005-12-31": "209.28610"}, "Basic Shares Outstanding": {"2019-12-31": "43.10400", "2018-12-31": "46.72200", "2017-12-31": "47.84900", "2016-12-31": "44.11600", "2015-12-31": "43.43300", "2014-12-31": "44.44000", "2013-12-31": "44.14800", "2012-12-31": "43.67700", "2011-12-31": "43.22000", "2010-12-31": "42.49900", "2009-12-31": "42.28200", "2008-12-31": "42.35800", "2007-12-31": "45.70000", "2006-12-31": "48.72400", "2005-12-31": "47.08600"}, "Shares Outstanding": {"2019-12-31": "43.48700", "2018-12-31": "47.19900", "2017-12-31": "48.36100", "2016-12-31": "48.33300", "2015-12-31": "50.37300", "2014-12-31": "53.25800", "2013-12-31": "52.65000", "2012-12-31": "51.13400", "2011-12-31": "49.62300", "2010-12-31": "46.11300", "2009-12-31": "42.67200", "2008-12-31": "43.30600", "2007-12-31": "48.25000", "2006-12-31": "52.46400", "2005-12-31": "49.23800"}, "Basic EPS": {"2019-12-31": "5.18000", "2018-12-31": "4.87000", "2017-12-31": "3.42000", "2016-12-31": "2.30000", "2015-12-31": "4.85000", "2014-12-31": "6.21000", "2013-12-31": "6.26000", "2012-12-31": "4.62000", "2011-12-31": "4.54000", "2010-12-31": "2.72000", "2009-12-31": "2.49000", "2008-12-31": "4.82000", "2007-12-31": "5.09000", "2006-12-31": "4.46000", "2005-12-31": "2.20000"}, "EPS - Earnings Per Share": {"2019-12-31": "5.14000", "2018-12-31": "4.82000", "2017-12-31": "3.38000", "2016-12-31": "2.10000", "2015-12-31": "4.18000", "2014-12-31": "5.18000", "2013-12-31": "5.25000", "2012-12-31": "3.95000", "2011-12-31": "3.96000", "2010-12-31": "2.50000", "2009-12-31": "2.46000", "2008-12-31": "4.71000", "2007-12-31": "4.82000", "2006-12-31": "4.14000", "2005-12-31": "2.10000"}}, "income statement, quarterly": {"Revenue": {"2020-09-30": "4141.80100", "2020-06-30": "2086.70600", "2020-03-31": "1968.64700", "2019-12-31": "2099.45200", "2019-09-30": "2148.11000", "2019-06-30": "2150.08800", "2019-03-31": "1961.26700", "2018-12-31": "2011.44700", "2018-09-30": "2067.24500", "2018-06-30": "2103.99400", "2018-03-31": "1993.91500", "2017-12-31": "1996.64700", "2017-09-30": "2000.15900", "2017-06-30": "1909.62400", "2017-03-31": "1772.59100", "2016-12-31": "1793.26200", "2016-09-30": "1855.21200", "2016-06-30": "1911.58200", "2016-03-31": "1775.96100", "2015-12-31": "1861.54000", "2015-09-30": "1923.89900", "2015-06-30": "1916.71800", "2015-03-31": "1816.33000", "2014-12-31": "1995.48600", "2014-09-30": "2078.15000", "2014-06-30": "2005.16500", "2014-03-31": "1810.82500", "2013-12-31": "1880.07000", "2013-09-30": "1931.26000", "2013-06-30": "1893.95300", "2013-03-31": "1808.05900", "2012-12-31": "1644.36300", "2012-09-30": "1656.18600", "2012-06-30": "1672.73400", "2012-03-31": "1606.01800", "2011-12-31": "1589.52200", "2011-09-30": "1580.37600", "2011-06-30": "1524.51500", "2011-03-31": "1431.30500", "2010-12-31": "1331.58700", "2010-09-30": "1324.55500", "2010-06-30": "1259.12100", "2010-03-31": "1148.59900", "2009-12-31": "1132.71900", "2009-09-30": "1152.42700", "2009-06-30": "1159.21800", "2009-03-31": "1179.59000", "2008-12-31": "1429.79400", "2008-09-30": "1628.08700", "2008-06-30": "1587.75300", "2008-03-31": "1465.20600", "2007-12-31": "1489.18100", "2007-09-30": "1545.60700", "2007-06-30": "1518.10800", "2007-03-31": "1450.55600", "2006-12-31": "1376.05300", "2006-09-30": "1343.06600", "2006-06-30": "1335.97600", "2006-03-31": "1265.50800", "2005-12-31": "1236.72300", "2005-09-30": "1131.44900", "2005-06-30": "1062.06000", "2005-03-31": "990.87100"}, "Cost Of Goods Sold": {"2020-09-30": "3356.25900", "2020-06-30": "1692.93100", "2020-03-31": "1592.24900", "2019-12-31": "1709.65800", "2019-09-30": "1747.91300", "2019-06-30": "1741.11400", "2019-03-31": "1578.77100", "2018-12-31": "1621.11700", "2018-09-30": "1670.03700", "2018-06-30": "1704.10000", "2018-03-31": "1613.96600", "2017-12-31": "1613.46900", "2017-09-30": "1614.81400", "2017-06-30": "1543.51000", "2017-03-31": "1422.57300", "2016-12-31": "1444.73500", "2016-09-30": "1490.17300", "2016-06-30": "1532.11300", "2016-03-31": "1420.79300", "2015-12-31": "1497.99000", "2015-09-30": "1543.11300", "2015-06-30": "1535.08400", "2015-03-31": "1448.63900", "2014-12-31": "1593.32800", "2014-09-30": "1655.78700", "2014-06-30": "1593.43700", "2014-03-31": "1436.03200", "2013-12-31": "1503.90100", "2013-09-30": "1535.60900", "2013-06-30": "1501.40300", "2013-03-31": "1426.97900", "2012-12-31": "1307.09300", "2012-09-30": "1317.43200", "2012-06-30": "1337.06200", "2012-03-31": "1286.26800", "2011-12-31": "1261.48300", "2011-09-30": "1264.74500", "2011-06-30": "1217.66600", "2011-03-31": "1145.25500", "2010-12-31": "1061.30400", "2010-09-30": "1066.76900", "2010-06-30": "1016.16900", "2010-03-31": "921.18300", "2009-12-31": "915.80580", "2009-09-30": "931.53600", "2009-06-30": "935.30600", "2009-03-31": "941.41300", "2008-12-31": "1145.44900", "2008-09-30": "1311.73100", "2008-06-30": "1277.42300", "2008-03-31": "1169.56100", "2007-12-31": "1187.26100", "2007-09-30": "1232.52000", "2007-06-30": "1210.02200", "2007-03-31": "1151.53300", "2006-12-31": "1088.84800", "2006-09-30": "1067.40600", "2006-06-30": "1065.42200", "2006-03-31": "1012.40300", "2005-12-31": "984.09890", "2005-09-30": "923.13600", "2005-06-30": "867.47400", "2005-03-31": "805.68900"}, "Gross Profit": {"2020-09-30": "785.54170", "2020-06-30": "393.77500", "2020-03-31": "376.39790", "2019-12-31": "389.79370", "2019-09-30": "400.19710", "2019-06-30": "408.97390", "2019-03-31": "382.49600", "2018-12-31": "390.33000", "2018-09-30": "397.20810", "2018-06-30": "399.89390", "2018-03-31": "379.94910", "2017-12-31": "383.17760", "2017-09-30": "385.34510", "2017-06-30": "366.11400", "2017-03-31": "350.01790", "2016-12-31": "348.52700", "2016-09-30": "365.03910", "2016-06-30": "379.46900", "2016-03-31": "355.16810", "2015-12-31": "363.55000", "2015-09-30": "380.78600", "2015-06-30": "381.63400", "2015-03-31": "367.69090", "2014-12-31": "402.15820", "2014-09-30": "422.36290", "2014-06-30": "411.72800", "2014-03-31": "374.79300", "2013-12-31": "376.16860", "2013-09-30": "395.65100", "2013-06-30": "392.55000", "2013-03-31": "381.08000", "2012-12-31": "337.27000", "2012-09-30": "338.75400", "2012-06-30": "335.67200", "2012-03-31": "319.75000", "2011-12-31": "328.03880", "2011-09-30": "315.63100", "2011-06-30": "306.84900", "2011-03-31": "286.05000", "2010-12-31": "270.28250", "2010-09-30": "257.78600", "2010-06-30": "242.95200", "2010-03-31": "227.41600", "2009-12-31": "216.91330", "2009-09-30": "220.89100", "2009-06-30": "223.91200", "2009-03-31": "238.17690", "2008-12-31": "284.34470", "2008-09-30": "316.35610", "2008-06-30": "310.33010", "2008-03-31": "295.64500", "2007-12-31": "301.92030", "2007-09-30": "313.08700", "2007-06-30": "308.08610", "2007-03-31": "299.02310", "2006-12-31": "287.20510", "2006-09-30": "275.66000", "2006-06-30": "270.55400", "2006-03-31": "253.10500", "2005-12-31": "252.62410", "2005-09-30": "208.31300", "2005-06-30": "194.58610", "2005-03-31": "185.18190"}, "Research And Development Expenses": {"2020-09-30": "", "2020-06-30": "", "2020-03-31": "", "2019-12-31": "", "2019-09-30": "", "2019-06-30": "", "2019-03-31": "", "2018-12-31": "", "2018-09-30": "", "2018-06-30": "", "2018-03-31": "", "2017-12-31": "", "2017-09-30": "", "2017-06-30": "", "2017-03-31": "", "2016-12-31": "", "2016-09-30": "", "2016-06-30": "", "2016-03-31": "", "2015-12-31": "", "2015-09-30": "", "2015-06-30": "", "2015-03-31": "", "2014-12-31": "", "2014-09-30": "", "2014-06-30": "", "2014-03-31": "", "2013-12-31": "", "2013-09-30": "", "2013-06-30": "", "2013-03-31": "", "2012-12-31": "", "2012-09-30": "", "2012-06-30": "", "2012-03-31": "", "2011-12-31": "", "2011-09-30": "", "2011-06-30": "", "2011-03-31": "", "2010-12-31": "", "2010-09-30": "", "2010-06-30": "", "2010-03-31": "", "2009-12-31": "", "2009-09-30": "", "2009-06-30": "", "2009-03-31": "", "2008-12-31": "", "2008-09-30": "", "2008-06-30": "", "2008-03-31": "", "2007-12-31": "", "2007-09-30": "", "2007-06-30": "", "2007-03-31": "", "2006-12-31": "", "2006-09-30": "", "2006-06-30": "", "2006-03-31": "", "2005-12-31": "", "2005-09-30": "", "2005-06-30": "", "2005-03-31": ""}, "SG&A Expenses": {"2020-09-30": "561.97100", "2020-06-30": "359.75000", "2020-03-31": "299.39200", "2019-12-31": "289.91500", "2019-09-30": "290.85200", "2019-06-30": "295.84200", "2019-03-31": "296.52800", "2018-12-31": "284.15400", "2018-09-30": "284.07300", "2018-06-30": "292.88800", "2018-03-31": "290.82900", "2017-12-31": "285.94700", "2017-09-30": "280.49700", "2017-06-30": "267.73500", "2017-03-31": "267.41900", "2016-12-31": "251.44290", "2016-09-30": "255.54700", "2016-06-30": "274.52300", "2016-03-31": "269.28600", "2015-12-31": "256.97310", "2015-09-30": "258.15100", "2015-06-30": "275.24200", "2015-03-31": "264.58500", "2014-12-31": "260.94000", "2014-09-30": "271.69700", "2014-06-30": "278.70900", "2014-03-31": "265.46200", "2013-12-31": "248.64600", "2013-09-30": "255.20200", "2013-06-30": "265.50600", "2013-03-31": "227.45600", "2012-12-31": "275.88390", "2012-09-30": "225.81200", "2012-06-30": "231.17900", "2012-03-31": "228.13900", "2011-12-31": "227.80690", "2011-09-30": "216.20500", "2011-06-30": "214.21200", "2011-03-31": "213.75900", "2010-12-31": "203.99000", "2010-09-30": "190.57700", "2010-06-30": "185.97700", "2010-03-31": "183.03900", "2009-12-31": "168.18400", "2009-09-30": "168.30900", "2009-06-30": "169.91400", "2009-03-31": "187.48900", "2008-12-31": "204.57500", "2008-09-30": "211.26200", "2008-06-30": "206.80200", "2008-03-31": "211.63900", "2007-12-31": "193.52700", "2007-09-30": "194.75300", "2007-06-30": "195.29500", "2007-03-31": "207.55800", "2006-12-31": "184.64100", "2006-09-30": "168.83000", "2006-06-30": "169.51200", "2006-03-31": "169.89800", "2005-12-31": "170.81200", "2005-09-30": "157.30000", "2005-06-30": "141.98700", "2005-03-31": "142.68100"}, "Other Operating Income Or Expenses": {"2020-09-30": "", "2020-06-30": "", "2020-03-31": "", "2019-12-31": "", "2019-09-30": "", "2019-06-30": "", "2019-03-31": "", "2018-12-31": "", "2018-09-30": "", "2018-06-30": "", "2018-03-31": "", "2017-12-31": "", "2017-09-30": "", "2017-06-30": "", "2017-03-31": "", "2016-12-31": "", "2016-09-30": "", "2016-06-30": "", "2016-03-31": "", "2015-12-31": "", "2015-09-30": "", "2015-06-30": "", "2015-03-31": "", "2014-12-31": "", "2014-09-30": "", "2014-06-30": "", "2014-03-31": "", "2013-12-31": "", "2013-09-30": "", "2013-06-30": "", "2013-03-31": "", "2012-12-31": "", "2012-09-30": "", "2012-06-30": "", "2012-03-31": "", "2011-12-31": "", "2011-09-30": "", "2011-06-30": "", "2011-03-31": "", "2010-12-31": "", "2010-09-30": "", "2010-06-30": "", "2010-03-31": "", "2009-12-31": "", "2009-09-30": "", "2009-06-30": "", "2009-03-31": "", "2008-12-31": "", "2008-09-30": "", "2008-06-30": "", "2008-03-31": "", "2007-12-31": "", "2007-09-30": "", "2007-06-30": "", "2007-03-31": "", "2006-12-31": "", "2006-09-30": "", "2006-06-30": "", "2006-03-31": "", "2005-12-31": "", "2005-09-30": "", "2005-06-30": "", "2005-03-31": ""}, "Operating Expenses": {"2020-09-30": "3963.70600", "2020-06-30": "2071.43600", "2020-03-31": "1907.73400", "2019-12-31": "2015.64400", "2019-09-30": "2054.37700", "2019-06-30": "2052.13800", "2019-03-31": "1890.54100", "2018-12-31": "1920.94800", "2018-09-30": "1969.72800", "2018-06-30": "2012.81100", "2018-03-31": "1920.67400", "2017-12-31": "1915.67400", "2017-09-30": "1911.38500", "2017-06-30": "1826.96600", "2017-03-31": "1705.95700", "2016-12-31": "1712.76600", "2016-09-30": "1762.65700", "2016-06-30": "1823.59500", "2016-03-31": "1706.45300", "2015-12-31": "1771.58400", "2015-09-30": "1817.55100", "2015-06-30": "1826.46500", "2015-03-31": "1729.14500", "2014-12-31": "1871.30900", "2014-09-30": "1944.90200", "2014-06-30": "1889.33200", "2014-03-31": "1717.86600", "2013-12-31": "1769.51600", "2013-09-30": "1807.61400", "2013-06-30": "1784.06200", "2013-03-31": "1671.15200", "2012-12-31": "1594.10700", "2012-09-30": "1553.15400", "2012-06-30": "1576.68300", "2012-03-31": "1522.48600", "2011-12-31": "1498.03600", "2011-09-30": "1488.62400", "2011-06-30": "1439.51900", "2011-03-31": "1366.56000", "2010-12-31": "1271.54500", "2010-09-30": "1263.30900", "2010-06-30": "1207.76600", "2010-03-31": "1110.32300", "2009-12-31": "1090.10800", "2009-09-30": "1106.25500", "2009-06-30": "1111.58000", "2009-03-31": "1136.05900", "2008-12-31": "1356.58700", "2008-09-30": "1529.53600", "2008-06-30": "1490.91700", "2008-03-31": "1388.13300", "2007-12-31": "1390.39300", "2007-09-30": "1436.31100", "2007-06-30": "1414.50300", "2007-03-31": "1368.02100", "2006-12-31": "1282.90000", "2006-09-30": "1242.88900", "2006-06-30": "1241.24800", "2006-03-31": "1188.58300", "2005-12-31": "1162.22000", "2005-09-30": "1084.14300", "2005-06-30": "1013.14500", "2005-03-31": "952.30910"}, "Operating Income": {"2020-09-30": "178.09470", "2020-06-30": "15.27000", "2020-03-31": "60.91300", "2019-12-31": "83.80740", "2019-09-30": "93.73320", "2019-06-30": "97.95000", "2019-03-31": "70.72600", "2018-12-31": "90.49890", "2018-09-30": "97.51710", "2018-06-30": "91.18290", "2018-03-31": "73.24110", "2017-12-31": "80.97300", "2017-09-30": "88.77410", "2017-06-30": "82.65810", "2017-03-31": "66.63390", "2016-12-31": "80.49660", "2016-09-30": "92.55510", "2016-06-30": "87.98710", "2016-03-31": "69.50810", "2015-12-31": "89.95570", "2015-09-30": "106.34800", "2015-06-30": "90.25290", "2015-03-31": "87.18490", "2014-12-31": "124.17680", "2014-09-30": "133.24790", "2014-06-30": "115.83300", "2014-03-31": "92.95900", "2013-12-31": "110.55360", "2013-09-30": "123.64600", "2013-06-30": "109.89110", "2013-03-31": "136.90690", "2012-12-31": "50.25560", "2012-09-30": "103.03200", "2012-06-30": "96.05100", "2012-03-31": "83.53200", "2011-12-31": "91.48600", "2011-09-30": "91.75210", "2011-06-30": "84.99600", "2011-03-31": "64.74500", "2010-12-31": "60.04140", "2010-09-30": "61.24600", "2010-06-30": "51.35500", "2010-03-31": "38.27600", "2009-12-31": "42.61110", "2009-09-30": "46.17200", "2009-06-30": "47.63790", "2009-03-31": "43.53100", "2008-12-31": "73.20730", "2008-09-30": "98.55120", "2008-06-30": "96.83610", "2008-03-31": "77.07300", "2007-12-31": "98.78870", "2007-09-30": "109.29600", "2007-06-30": "103.60500", "2007-03-31": "82.53500", "2006-12-31": "93.15260", "2006-09-30": "100.17710", "2006-06-30": "94.72800", "2006-03-31": "76.92510", "2005-12-31": "74.50330", "2005-09-30": "47.30600", "2005-06-30": "48.91500", "2005-03-31": "38.56190"}, "Total Non-Operating Income/Expense": {"2020-09-30": "-73.76300", "2020-06-30": "-60.58300", "2020-03-31": "-16.47200", "2019-12-31": "-16.22100", "2019-09-30": "-13.50800", "2019-06-30": "-17.30700", "2019-03-31": "-17.12000", "2018-12-31": "-16.84100", "2018-09-30": "-17.05000", "2018-06-30": "-17.74100", "2018-03-31": "-19.78300", "2017-12-31": "-17.13000", "2017-09-30": "-16.83500", "2017-06-30": "-16.36900", "2017-03-31": "-16.26600", "2016-12-31": "-15.98900", "2016-09-30": "-144.72500", "2016-06-30": "-19.45200", "2016-03-31": "-18.82900", "2015-12-31": "-9.90800", "2015-09-30": "-20.41700", "2015-06-30": "-18.61300", "2015-03-31": "-20.89400", "2014-12-31": "-20.24100", "2014-09-30": "-20.79800", "2014-06-30": "-20.33700", "2014-03-31": "-20.68800", "2013-12-31": "-33.83300", "2013-09-30": "-23.61900", "2013-06-30": "-21.76900", "2013-03-31": "-21.92600", "2012-12-31": "-18.13900", "2012-09-30": "-12.65400", "2012-06-30": "-11.47700", "2012-03-31": "-8.96200", "2011-12-31": "-11.95200", "2011-09-30": "-15.07900", "2011-06-30": "-13.93100", "2011-03-31": "-12.64100", "2010-12-31": "-15.88400", "2010-09-30": "-13.74800", "2010-06-30": "-12.62200", "2010-03-31": "-11.02400", "2009-12-31": "-12.94200", "2009-09-30": "-6.24700", "2009-06-30": "-12.72000", "2009-03-31": "-10.89200", "2008-12-31": "-12.67100", "2008-09-30": "-13.37200", "2008-06-30": "-13.41900", "2008-03-31": "-15.33800", "2007-12-31": "-29.88500", "2007-09-30": "-17.56900", "2007-06-30": "-16.78500", "2007-03-31": "-12.22000", "2006-12-31": "-13.18000", "2006-09-30": "-10.90800", "2006-06-30": "-11.87700", "2006-03-31": "-11.45200", "2005-12-31": "-17.11200", "2005-09-30": "-10.24600", "2005-06-30": "-9.85300", "2005-03-31": "-21.19100"}, "Pre-Tax Income": {"2020-09-30": "104.33200", "2020-06-30": "-45.31300", "2020-03-31": "44.44100", "2019-12-31": "67.58700", "2019-09-30": "80.22500", "2019-06-30": "80.64300", "2019-03-31": "53.60600", "2018-12-31": "73.65800", "2018-09-30": "80.46700", "2018-06-30": "73.44200", "2018-03-31": "53.45800", "2017-12-31": "63.84400", "2017-09-30": "71.93900", "2017-06-30": "66.28900", "2017-03-31": "50.36800", "2016-12-31": "64.50700", "2016-09-30": "-52.17000", "2016-06-30": "68.53500", "2016-03-31": "50.67900", "2015-12-31": "80.04800", "2015-09-30": "85.93100", "2015-06-30": "71.64000", "2015-03-31": "66.29100", "2014-12-31": "103.93600", "2014-09-30": "112.45000", "2014-06-30": "95.49600", "2014-03-31": "72.27100", "2013-12-31": "76.72100", "2013-09-30": "100.02700", "2013-06-30": "88.12200", "2013-03-31": "114.98100", "2012-12-31": "32.11700", "2012-09-30": "90.37800", "2012-06-30": "84.57400", "2012-03-31": "74.57000", "2011-12-31": "79.53400", "2011-09-30": "76.67300", "2011-06-30": "71.06500", "2011-03-31": "52.10400", "2010-12-31": "44.15800", "2010-09-30": "47.49800", "2010-06-30": "38.73300", "2010-03-31": "27.25200", "2009-12-31": "29.66900", "2009-09-30": "39.92500", "2009-06-30": "34.91800", "2009-03-31": "32.63900", "2008-12-31": "60.53600", "2008-09-30": "85.17900", "2008-06-30": "83.41700", "2008-03-31": "61.73500", "2007-12-31": "68.90300", "2007-09-30": "91.72700", "2007-06-30": "86.82000", "2007-03-31": "70.31500", "2006-12-31": "79.97300", "2006-09-30": "89.26900", "2006-06-30": "82.85100", "2006-03-31": "65.47300", "2005-12-31": "57.39100", "2005-09-30": "37.06000", "2005-06-30": "39.06200", "2005-03-31": "17.37100"}, "Income Taxes": {"2020-09-30": "24.29400", "2020-06-30": "-10.85400", "2020-03-31": "10.26600", "2019-12-31": "14.89300", "2019-09-30": "15.88600", "2019-06-30": "17.42800", "2019-03-31": "11.65600", "2018-12-31": "15.59200", "2018-09-30": "13.82200", "2018-06-30": "15.76900", "2018-03-31": "10.48700", "2017-12-31": "41.62200", "2017-09-30": "18.36300", "2017-06-30": "16.75400", "2017-03-31": "12.56800", "2016-12-31": "16.75200", "2016-09-30": "-21.14900", "2016-06-30": "18.68300", "2016-03-31": "16.14500", "2015-12-31": "31.49100", "2015-09-30": "23.54700", "2015-06-30": "21.00100", "2015-03-31": "19.49800", "2014-12-31": "29.95900", "2014-09-30": "31.63200", "2014-06-30": "26.70900", "2014-03-31": "20.41600", "2013-12-31": "18.76600", "2013-09-30": "30.90900", "2013-06-30": "22.77100", "2013-03-31": "30.88700", "2012-12-31": "5.62100", "2012-09-30": "26.98700", "2012-06-30": "25.64200", "2012-03-31": "21.63000", "2011-12-31": "24.69600", "2011-09-30": "22.78300", "2011-06-30": "20.85800", "2011-03-31": "14.79900", "2010-12-31": "9.33500", "2010-09-30": "13.83700", "2010-06-30": "10.94000", "2010-03-31": "8.05200", "2009-12-31": "7.91600", "2009-09-30": "6.30600", "2009-06-30": "8.46400", "2009-03-31": "9.37700", "2008-12-31": "20.80800", "2008-09-30": "21.45100", "2008-06-30": "25.43000", "2008-03-31": "19.04500", "2007-12-31": "15.94500", "2007-09-30": "19.95300", "2007-06-30": "27.15300", "2007-03-31": "22.15700", "2006-12-31": "21.66600", "2006-09-30": "29.88400", "2006-06-30": "27.67300", "2006-03-31": "21.02300", "2005-12-31": "17.65600", "2005-09-30": "12.05200", "2005-06-30": "11.62300", "2005-03-31": "6.02700"}, "Income After Taxes": {"2020-09-30": "80.03800", "2020-06-30": "-34.45900", "2020-03-31": "34.17500", "2019-12-31": "52.69400", "2019-09-30": "64.33900", "2019-06-30": "63.21500", "2019-03-31": "41.95000", "2018-12-31": "58.06600", "2018-09-30": "66.64500", "2018-06-30": "57.67300", "2018-03-31": "42.97100", "2017-12-31": "22.22200", "2017-09-30": "53.57600", "2017-06-30": "49.53500", "2017-03-31": "37.80000", "2016-12-31": "47.75500", "2016-09-30": "-31.02100", "2016-06-30": "49.85200", "2016-03-31": "34.53400", "2015-12-31": "48.55700", "2015-09-30": "62.38400", "2015-06-30": "50.63900", "2015-03-31": "46.79300", "2014-12-31": "73.97700", "2014-09-30": "80.81800", "2014-06-30": "68.78700", "2014-03-31": "51.85500", "2013-12-31": "57.95500", "2013-09-30": "69.11800", "2013-06-30": "65.35100", "2013-03-31": "84.09400", "2012-12-31": "26.49600", "2012-09-30": "63.39100", "2012-06-30": "58.93200", "2012-03-31": "52.94000", "2011-12-31": "54.83800", "2011-09-30": "53.89000", "2011-06-30": "50.20700", "2011-03-31": "37.30500", "2010-12-31": "34.82300", "2010-09-30": "33.66100", "2010-06-30": "27.79300", "2010-03-31": "19.20000", "2009-12-31": "21.75300", "2009-09-30": "33.61900", "2009-06-30": "26.45400", "2009-03-31": "23.26200", "2008-12-31": "39.72800", "2008-09-30": "63.72800", "2008-06-30": "57.98700", "2008-03-31": "42.69000", "2007-12-31": "52.95800", "2007-09-30": "71.77400", "2007-06-30": "59.66700", "2007-03-31": "48.15800", "2006-12-31": "58.30700", "2006-09-30": "59.38500", "2006-06-30": "55.17800", "2006-03-31": "44.45000", "2005-12-31": "39.73500", "2005-09-30": "25.00800", "2005-06-30": "27.43900", "2005-03-31": "11.34400"}, "Other Income": {"2020-09-30": "", "2020-06-30": "", "2020-03-31": "", "2019-12-31": "", "2019-09-30": "", "2019-06-30": "", "2019-03-31": "", "2018-12-31": "", "2018-09-30": "", "2018-06-30": "", "2018-03-31": "", "2017-12-31": "", "2017-09-30": "", "2017-06-30": "", "2017-03-31": "", "2016-12-31": "", "2016-09-30": "", "2016-06-30": "", "2016-03-31": "", "2015-12-31": "", "2015-09-30": "", "2015-06-30": "", "2015-03-31": "", "2014-12-31": "", "2014-09-30": "", "2014-06-30": "", "2014-03-31": "", "2013-12-31": "", "2013-09-30": "", "2013-06-30": "", "2013-03-31": "", "2012-12-31": "", "2012-09-30": "", "2012-06-30": "", "2012-03-31": "", "2011-12-31": "", "2011-09-30": "", "2011-06-30": "", "2011-03-31": "", "2010-12-31": "", "2010-09-30": "", "2010-06-30": "", "2010-03-31": "", "2009-12-31": "", "2009-09-30": "", "2009-06-30": "", "2009-03-31": "", "2008-12-31": "", "2008-09-30": "", "2008-06-30": "", "2008-03-31": "", "2007-12-31": "", "2007-09-30": "", "2007-06-30": "", "2007-03-31": "", "2006-12-31": "", "2006-09-30": "", "2006-06-30": "", "2006-03-31": "", "2005-12-31": "", "2005-09-30": "", "2005-06-30": "", "2005-03-31": ""}, "Income From Continuous Operations": {"2020-09-30": "80.03800", "2020-06-30": "-34.45900", "2020-03-31": "34.17500", "2019-12-31": "52.69400", "2019-09-30": "64.33900", "2019-06-30": "63.21500", "2019-03-31": "41.95000", "2018-12-31": "58.06600", "2018-09-30": "66.64500", "2018-06-30": "57.67300", "2018-03-31": "42.97100", "2017-12-31": "22.22200", "2017-09-30": "53.57600", "2017-06-30": "49.53500", "2017-03-31": "37.80000", "2016-12-31": "47.75500", "2016-09-30": "-31.02100", "2016-06-30": "49.85200", "2016-03-31": "34.53400", "2015-12-31": "48.55700", "2015-09-30": "62.38400", "2015-06-30": "50.63900", "2015-03-31": "46.79300", "2014-12-31": "73.97700", "2014-09-30": "80.81800", "2014-06-30": "68.78700", "2014-03-31": "51.85500", "2013-12-31": "57.95500", "2013-09-30": "69.11800", "2013-06-30": "65.35100", "2013-03-31": "84.09400", "2012-12-31": "26.49600", "2012-09-30": "63.39100", "2012-06-30": "58.93200", "2012-03-31": "52.94000", "2011-12-31": "54.83800", "2011-09-30": "53.89000", "2011-06-30": "50.20700", "2011-03-31": "37.30500", "2010-12-31": "34.82300", "2010-09-30": "33.66100", "2010-06-30": "27.79300", "2010-03-31": "19.20000", "2009-12-31": "21.75300", "2009-09-30": "33.61900", "2009-06-30": "26.45400", "2009-03-31": "23.26200", "2008-12-31": "39.72800", "2008-09-30": "63.72800", "2008-06-30": "57.98700", "2008-03-31": "42.69000", "2007-12-31": "52.95800", "2007-09-30": "71.77400", "2007-06-30": "59.66700", "2007-03-31": "48.15800", "2006-12-31": "58.30700", "2006-09-30": "59.38500", "2006-06-30": "55.17800", "2006-03-31": "44.45000", "2005-12-31": "39.73500", "2005-09-30": "25.00800", "2005-06-30": "27.43900", "2005-03-31": "11.34400"}, "Income From Discontinued Operations": {"2020-09-30": "", "2020-06-30": "", "2020-03-31": "", "2019-12-31": "", "2019-09-30": "", "2019-06-30": "", "2019-03-31": "", "2018-12-31": "", "2018-09-30": "", "2018-06-30": "", "2018-03-31": "", "2017-12-31": "", "2017-09-30": "", "2017-06-30": "", "2017-03-31": "", "2016-12-31": "", "2016-09-30": "", "2016-06-30": "", "2016-03-31": "", "2015-12-31": "", "2015-09-30": "", "2015-06-30": "", "2015-03-31": "", "2014-12-31": "", "2014-09-30": "", "2014-06-30": "", "2014-03-31": "", "2013-12-31": "", "2013-09-30": "", "2013-06-30": "", "2013-03-31": "", "2012-12-31": "", "2012-09-30": "", "2012-06-30": "", "2012-03-31": "", "2011-12-31": "", "2011-09-30": "", "2011-06-30": "", "2011-03-31": "", "2010-12-31": "", "2010-09-30": "", "2010-06-30": "", "2010-03-31": "", "2009-12-31": "", "2009-09-30": "", "2009-06-30": "", "2009-03-31": "", "2008-12-31": "", "2008-09-30": "", "2008-06-30": "", "2008-03-31": "", "2007-12-31": "", "2007-09-30": "", "2007-06-30": "", "2007-03-31": "", "2006-12-31": "", "2006-09-30": "", "2006-06-30": "", "2006-03-31": "", "2005-12-31": "", "2005-09-30": "", "2005-06-30": "", "2005-03-31": ""}, "Net Income": {"2020-09-30": "66.16700", "2020-06-30": "-35.78200", "2020-03-31": "34.40700", "2019-12-31": "53.09800", "2019-09-30": "64.49500", "2019-06-30": "63.46400", "2019-03-31": "42.36900", "2018-12-31": "58.13300", "2018-09-30": "66.84900", "2018-06-30": "57.94000", "2018-03-31": "44.42100", "2017-12-31": "22.54600", "2017-09-30": "53.67500", "2017-06-30": "49.51000", "2017-03-31": "37.72900", "2016-12-31": "47.34800", "2016-09-30": "-31.61100", "2016-06-30": "49.79800", "2016-03-31": "36.05300", "2015-12-31": "48.41200", "2015-09-30": "63.50300", "2015-06-30": "51.74100", "2015-03-31": "47.03100", "2014-12-31": "74.38300", "2014-09-30": "80.81600", "2014-06-30": "68.80200", "2014-03-31": "51.90500", "2013-12-31": "57.99400", "2013-09-30": "69.16200", "2013-06-30": "65.28500", "2013-03-31": "83.98900", "2012-12-31": "26.51000", "2012-09-30": "63.41500", "2012-06-30": "58.87400", "2012-03-31": "52.97800", "2011-12-31": "54.84900", "2011-09-30": "53.89000", "2011-06-30": "50.20700", "2011-03-31": "37.30500", "2010-12-31": "34.82300", "2010-09-30": "33.66100", "2010-06-30": "27.79300", "2010-03-31": "19.20000", "2009-12-31": "21.75300", "2009-09-30": "33.61900", "2009-06-30": "26.45400", "2009-03-31": "23.26200", "2008-12-31": "39.72800", "2008-09-30": "63.72800", "2008-06-30": "57.98700", "2008-03-31": "42.69000", "2007-12-31": "52.95800", "2007-09-30": "71.77400", "2007-06-30": "59.66700", "2007-03-31": "48.15800", "2006-12-31": "58.30700", "2006-09-30": "59.38500", "2006-06-30": "55.17800", "2006-03-31": "44.45000", "2005-12-31": "39.73500", "2005-09-30": "25.00800", "2005-06-30": "27.43900", "2005-03-31": "11.34400"}, "EBITDA": {"2020-09-30": "223.57070", "2020-06-30": "34.02500", "2020-03-31": "77.00600", "2019-12-31": "99.87940", "2019-09-30": "109.34420", "2019-06-30": "113.13200", "2019-03-31": "85.96800", "2018-12-31": "106.17490", "2018-09-30": "113.13510", "2018-06-30": "107.00690", "2018-03-31": "89.12010", "2017-12-31": "97.23200", "2017-09-30": "104.84600", "2017-06-30": "98.37910", "2017-03-31": "82.59890", "2016-12-31": "103.76960", "2016-09-30": "109.49210", "2016-06-30": "104.94510", "2016-03-31": "85.88210", "2015-12-31": "118.77170", "2015-09-30": "122.63500", "2015-06-30": "106.39190", "2015-03-31": "103.10590", "2014-12-31": "149.77980", "2014-09-30": "150.66590", "2014-06-30": "133.01900", "2014-03-31": "109.33100", "2013-12-31": "136.71060", "2013-09-30": "140.44900", "2013-06-30": "127.04410", "2013-03-31": "153.62390", "2012-12-31": "66.30060", "2012-09-30": "112.94200", "2012-06-30": "104.49300", "2012-03-31": "91.61100", "2011-12-31": "101.47800", "2011-09-30": "102.58110", "2011-06-30": "93.90900", "2011-03-31": "73.55200", "2010-12-31": "67.42640", "2010-09-30": "69.06000", "2010-06-30": "58.92200", "2010-03-31": "46.29100", "2009-12-31": "50.61210", "2009-09-30": "56.28000", "2009-06-30": "59.01290", "2009-03-31": "55.39200", "2008-12-31": "84.24730", "2008-09-30": "109.56710", "2008-06-30": "107.99710", "2008-03-31": "88.47300", "2007-12-31": "122.95270", "2007-09-30": "119.30200", "2007-06-30": "113.74900", "2007-03-31": "92.43400", "2006-12-31": "103.40660", "2006-09-30": "107.38510", "2006-06-30": "101.61200", "2006-03-31": "83.75910", "2005-12-31": "79.02430", "2005-09-30": "51.18000", "2005-06-30": "52.81300", "2005-03-31": "43.05290"}, "EBIT": {"2020-09-30": "178.09470", "2020-06-30": "15.27000", "2020-03-31": "60.91300", "2019-12-31": "83.80770", "2019-09-30": "93.73320", "2019-06-30": "97.95000", "2019-03-31": "70.72600", "2018-12-31": "90.49890", "2018-09-30": "97.51710", "2018-06-30": "91.18290", "2018-03-31": "73.24110", "2017-12-31": "80.97350", "2017-09-30": "88.77410", "2017-06-30": "82.65810", "2017-03-31": "66.63390", "2016-12-31": "80.49620", "2016-09-30": "92.55510", "2016-06-30": "87.98710", "2016-03-31": "69.50810", "2015-12-31": "89.95580", "2015-09-30": "106.34800", "2015-06-30": "90.25290", "2015-03-31": "87.18490", "2014-12-31": "124.17690", "2014-09-30": "133.24790", "2014-06-30": "115.83300", "2014-03-31": "92.95900", "2013-12-31": "110.55360", "2013-09-30": "123.64600", "2013-06-30": "109.89110", "2013-03-31": "136.90690", "2012-12-31": "50.25560", "2012-09-30": "103.03200", "2012-06-30": "96.05100", "2012-03-31": "83.53200", "2011-12-31": "91.48600", "2011-09-30": "91.75210", "2011-06-30": "84.99600", "2011-03-31": "64.74500", "2010-12-31": "60.04150", "2010-09-30": "61.24600", "2010-06-30": "51.35500", "2010-03-31": "38.27600", "2009-12-31": "42.61120", "2009-09-30": "46.17200", "2009-06-30": "47.63790", "2009-03-31": "43.53100", "2008-12-31": "73.20680", "2008-09-30": "98.55120", "2008-06-30": "96.83610", "2008-03-31": "77.07300", "2007-12-31": "98.78860", "2007-09-30": "109.29600", "2007-06-30": "103.60500", "2007-03-31": "82.53500", "2006-12-31": "93.15270", "2006-09-30": "100.17710", "2006-06-30": "94.72800", "2006-03-31": "76.92510", "2005-12-31": "74.50320", "2005-09-30": "47.30600", "2005-06-30": "48.91500", "2005-03-31": "38.56190"}, "Basic Shares Outstanding": {"2020-09-30": "50.04300", "2020-06-30": "42.68300", "2020-03-31": "41.83700", "2019-12-31": "43.10400", "2019-09-30": "42.10000", "2019-06-30": "43.49300", "2019-03-31": "45.07600", "2018-12-31": "46.72200", "2018-09-30": "47.01000", "2018-06-30": "47.08500", "2018-03-31": "47.03800", "2017-12-31": "47.84900", "2017-09-30": "47.41500", "2017-06-30": "48.29400", "2017-03-31": "48.70700", "2016-12-31": "44.11600", "2016-09-30": "43.37800", "2016-06-30": "42.23800", "2016-03-31": "42.21000", "2015-12-31": "43.43300", "2015-09-30": "43.19100", "2015-06-30": "43.99700", "2015-03-31": "44.40600", "2014-12-31": "44.44000", "2014-09-30": "44.47500", "2014-06-30": "44.44900", "2014-03-31": "44.34800", "2013-12-31": "44.14800", "2013-09-30": "44.18000", "2013-06-30": "44.10000", "2013-03-31": "44.08500", "2012-12-31": "43.67700", "2012-09-30": "43.70500", "2012-06-30": "43.60500", "2012-03-31": "43.47700", "2011-12-31": "43.22000", "2011-09-30": "43.28900", "2011-06-30": "43.19000", "2011-03-31": "43.06000", "2010-12-31": "42.49900", "2010-09-30": "42.49100", "2010-06-30": "42.47800", "2010-03-31": "42.44300", "2009-12-31": "42.28200", "2009-09-30": "42.27900", "2009-06-30": "42.26700", "2009-03-31": "42.24700", "2008-12-31": "42.35800", "2008-09-30": "42.15500", "2008-06-30": "42.50300", "2008-03-31": "42.74200", "2007-12-31": "45.70000", "2007-09-30": "44.31600", "2007-06-30": "45.82200", "2007-03-31": "48.90100", "2006-12-31": "48.72400", "2006-09-30": "48.97100", "2006-06-30": "48.63400", "2006-03-31": "48.03100", "2005-12-31": "47.08600", "2005-09-30": "47.17000", "2005-06-30": "46.98200", "2005-03-31": "46.69500"}, "Shares Outstanding": {"2020-09-30": "50.48700", "2020-06-30": "42.77500", "2020-03-31": "42.07500", "2019-12-31": "43.48700", "2019-09-30": "42.37800", "2019-06-30": "43.81600", "2019-03-31": "45.49100", "2018-12-31": "47.19900", "2018-09-30": "47.48600", "2018-06-30": "47.55000", "2018-03-31": "47.60800", "2017-12-31": "48.36100", "2017-09-30": "47.80400", "2017-06-30": "48.77600", "2017-03-31": "49.40100", "2016-12-31": "48.33300", "2016-09-30": "43.37800", "2016-06-30": "48.62700", "2016-03-31": "46.81300", "2015-12-31": "50.37300", "2015-09-30": "49.71800", "2015-06-30": "51.90200", "2015-03-31": "52.19600", "2014-12-31": "53.25800", "2014-09-30": "53.24300", "2014-06-30": "53.47600", "2014-03-31": "53.37300", "2013-12-31": "52.65000", "2013-09-30": "52.54600", "2013-06-30": "52.35800", "2013-03-31": "52.41000", "2012-12-31": "51.13400", "2012-09-30": "50.77300", "2012-06-30": "51.07800", "2012-03-31": "51.28500", "2011-12-31": "49.62300", "2011-09-30": "48.47100", "2011-06-30": "50.32100", "2011-03-31": "50.43300", "2010-12-31": "46.11300", "2010-09-30": "45.52400", "2010-06-30": "46.04200", "2010-03-31": "43.65400", "2009-12-31": "42.67200", "2009-09-30": "42.75800", "2009-06-30": "42.74100", "2009-03-31": "42.56400", "2008-12-31": "43.30600", "2008-09-30": "43.10000", "2008-06-30": "43.61700", "2008-03-31": "44.03300", "2007-12-31": "48.25000", "2007-09-30": "46.61100", "2007-06-30": "48.74200", "2007-03-31": "52.00700", "2006-12-31": "52.46400", "2006-09-30": "52.50200", "2006-06-30": "52.66400", "2006-03-31": "51.49300", "2005-12-31": "49.23800", "2005-09-30": "49.43300", "2005-06-30": "49.17500", "2005-03-31": "49.22600"}, "Basic EPS": {"2020-09-30": "1.32000", "2020-06-30": "-0.84000", "2020-03-31": "0.82000", "2019-12-31": "1.25000", "2019-09-30": "1.53000", "2019-06-30": "1.46000", "2019-03-31": "0.94000", "2018-12-31": "1.28000", "2018-09-30": "1.42000", "2018-06-30": "1.23000", "2018-03-31": "0.94000", "2017-12-31": "0.49000", "2017-09-30": "1.13000", "2017-06-30": "1.03000", "2017-03-31": "0.77000", "2016-12-31": "1.00000", "2016-09-30": "-0.73000", "2016-06-30": "1.18000", "2016-03-31": "0.85000", "2015-12-31": "1.14000", "2015-09-30": "1.47000", "2015-06-30": "1.18000", "2015-03-31": "1.06000", "2014-12-31": "1.67000", "2014-09-30": "1.82000", "2014-06-30": "1.55000", "2014-03-31": "1.17000", "2013-12-31": "1.30000", "2013-09-30": "1.57000", "2013-06-30": "1.48000", "2013-03-31": "1.91000", "2012-12-31": "0.60000", "2012-09-30": "1.45000", "2012-06-30": "1.35000", "2012-03-31": "1.22000", "2011-12-31": "1.27000", "2011-09-30": "1.24000", "2011-06-30": "1.16000", "2011-03-31": "0.87000", "2010-12-31": "0.83000", "2010-09-30": "0.79000", "2010-06-30": "0.65000", "2010-03-31": "0.45000", "2009-12-31": "0.51000", "2009-09-30": "0.80000", "2009-06-30": "0.63000", "2009-03-31": "0.55000", "2008-12-31": "0.95000", "2008-09-30": "1.51000", "2008-06-30": "1.36000", "2008-03-31": "1.00000", "2007-12-31": "1.19000", "2007-09-30": "1.62000", "2007-06-30": "1.30000", "2007-03-31": "0.98000", "2006-12-31": "1.19000", "2006-09-30": "1.21000", "2006-06-30": "1.13000", "2006-03-31": "0.93000", "2005-12-31": "0.85000", "2005-09-30": "0.53000", "2005-06-30": "0.58000", "2005-03-31": "0.24000"}, "EPS - Earnings Per Share": {"2020-09-30": "1.31000", "2020-06-30": "-0.84000", "2020-03-31": "0.82000", "2019-12-31": "1.24000", "2019-09-30": "1.52000", "2019-06-30": "1.45000", "2019-03-31": "0.93000", "2018-12-31": "1.26000", "2018-09-30": "1.41000", "2018-06-30": "1.22000", "2018-03-31": "0.93000", "2017-12-31": "0.48000", "2017-09-30": "1.12000", "2017-06-30": "1.02000", "2017-03-31": "0.76000", "2016-12-31": "1.04000", "2016-09-30": "-0.73000", "2016-06-30": "1.02000", "2016-03-31": "0.77000", "2015-12-31": "1.00000", "2015-09-30": "1.28000", "2015-06-30": "1.00000", "2015-03-31": "0.90000", "2014-12-31": "1.40000", "2014-09-30": "1.52000", "2014-06-30": "1.29000", "2014-03-31": "0.97000", "2013-12-31": "1.08000", "2013-09-30": "1.32000", "2013-06-30": "1.25000", "2013-03-31": "1.60000", "2012-12-31": "0.52000", "2012-09-30": "1.25000", "2012-06-30": "1.15000", "2012-03-31": "1.03000", "2011-12-31": "1.11000", "2011-09-30": "1.11000", "2011-06-30": "1.00000", "2011-03-31": "0.74000", "2010-12-31": "0.72000", "2010-09-30": "0.74000", "2010-06-30": "0.60000", "2010-03-31": "0.44000", "2009-12-31": "0.50000", "2009-09-30": "0.79000", "2009-06-30": "0.62000", "2009-03-31": "0.55000", "2008-12-31": "0.93000", "2008-09-30": "1.48000", "2008-06-30": "1.33000", "2008-03-31": "0.97000", "2007-12-31": "1.13000", "2007-09-30": "1.54000", "2007-06-30": "1.22000", "2007-03-31": "0.93000", "2006-12-31": "1.10000", "2006-09-30": "1.13000", "2006-06-30": "1.05000", "2006-03-31": "0.86000", "2005-12-31": "0.80000", "2005-09-30": "0.51000", "2005-06-30": "0.56000", "2005-03-31": "0.23000"}}, "balance sheet": {"Cash On Hand": {"2019-12-31": "150.90200", "2018-12-31": "96.34300", "2017-12-31": "117.95300", "2016-12-31": "110.13100", "2015-12-31": "160.27900", "2014-12-31": "128.31900", "2013-12-31": "123.72500", "2012-12-31": "86.09900", "2011-12-31": "63.86900", "2010-12-31": "53.57700", "2009-12-31": "112.32900", "2008-12-31": "86.33800", "2007-12-31": "72.29700", "2006-12-31": "73.39500", "2005-12-31": "22.12500"}, "Receivables": {"2019-12-31": "1301.75900", "2018-12-31": "1288.46400", "2017-12-31": "1294.55900", "2016-12-31": "1125.14600", "2015-12-31": "1230.31300", "2014-12-31": "1312.32700", "2013-12-31": "1193.52300", "2012-12-31": "1134.88500", "2011-12-31": "995.07000", "2010-12-31": "848.05000", "2009-12-31": "696.69700", "2008-12-31": "852.77500", "2007-12-31": "928.09000", "2006-12-31": "906.98900", "2005-12-31": "364.64300"}, "Inventory": {"2019-12-31": "1011.67400", "2018-12-31": "948.72600", "2017-12-31": "956.14800", "2016-12-31": "821.44100", "2015-12-31": "810.06700", "2014-12-31": "819.50200", "2013-12-31": "787.32400", "2012-12-31": "793.97400", "2011-12-31": "626.96700", "2010-12-31": "588.84800", "2009-12-31": "507.21500", "2008-12-31": "605.67800", "2007-12-31": "666.02700", "2006-12-31": "613.56900", "2005-12-31": "500.79800"}, "Pre-Paid Expenses": {"2019-12-31": "76.07600", "2018-12-31": "52.10700", "2017-12-31": "40.18900", "2016-12-31": "46.36000", "2015-12-31": "48.42000", "2014-12-31": "54.27400", "2013-12-31": "56.35200", "2012-12-31": "44.72800", "2011-12-31": "23.29700", "2010-12-31": "20.16500", "2009-12-31": "13.07700", "2008-12-31": "10.01500", "2007-12-31": "10.05900", "2006-12-31": "9.06800", "2005-12-31": "7.89800"}, "Other Current Assets": {"2019-12-31": "", "2018-12-31": "", "2017-12-31": "", "2016-12-31": "", "2015-12-31": "", "2014-12-31": "", "2013-12-31": "", "2012-12-31": "", "2011-12-31": "", "2010-12-31": "", "2009-12-31": "", "2008-12-31": "", "2007-12-31": "", "2006-12-31": "", "2005-12-31": ""}, "Total Current Assets": {"2019-12-31": "2540.41100", "2018-12-31": "2385.64000", "2017-12-31": "2408.84900", "2016-12-31": "2103.07800", "2015-12-31": "2257.53400", "2014-12-31": "2350.33800", "2013-12-31": "2205.61500", "2012-12-31": "2101.83700", "2011-12-31": "1737.42000", "2010-12-31": "1513.68600", "2009-12-31": "1331.00400", "2008-12-31": "1557.66300", "2007-12-31": "1680.49900", "2006-12-31": "1618.01200", "2005-12-31": "908.86300"}, "Property, Plant, And Equipment": {"2019-12-31": "181.44800", "2018-12-31": "160.87800", "2017-12-31": "156.44500", "2016-12-31": "157.60700", "2015-12-31": "166.73900", "2014-12-31": "182.72500", "2013-12-31": "198.65400", "2012-12-31": "210.72300", "2011-12-31": "133.55000", "2010-12-31": "118.04500", "2009-12-31": "116.30900", "2008-12-31": "119.22300", "2007-12-31": "104.11900", "2006-12-31": "107.01600", "2005-12-31": "103.08300"}, "Long-Term Investments": {"2019-12-31": "", "2018-12-31": "", "2017-12-31": "", "2016-12-31": "", "2015-12-31": "", "2014-12-31": "", "2013-12-31": "", "2012-12-31": "", "2011-12-31": "", "2010-12-31": "", "2009-12-31": "43.95700", "2008-12-31": "46.25100", "2007-12-31": "", "2006-12-31": "", "2005-12-31": ""}, "Goodwill And Intangible Assets": {"2019-12-31": "2046.31500", "2018-12-31": "2038.61900", "2017-12-31": "2138.98100", "2016-12-31": "2124.31200", "2015-12-31": "2085.31100", "2014-12-31": "2165.28000", "2013-12-31": "2173.55800", "2012-12-31": "2274.55800", "2011-12-31": "1165.00100", "2010-12-31": "1146.02100", "2009-12-31": "944.71800", "2008-12-31": "951.46700", "2007-12-31": "1058.14900", "2006-12-31": "1078.77900", "2005-12-31": "626.10900"}, "Other Long-Term Assets": {"2019-12-31": "2.37900", "2018-12-31": "3.52500", "2017-12-31": "6.99000", "2016-12-31": "31.04100", "2015-12-31": "41.92100", "2014-12-31": "33.68000", "2013-12-31": "44.62200", "2012-12-31": "41.16900", "2011-12-31": "24.39100", "2010-12-31": "13.13500", "2009-12-31": "24.68700", "2008-12-31": "28.44600", "2007-12-31": "17.12000", "2006-12-31": "20.17600", "2005-12-31": "13.10400"}, "Total Long-Term Assets": {"2019-12-31": "2477.22400", "2018-12-31": "2219.39600", "2017-12-31": "2326.61900", "2016-12-31": "2328.76300", "2015-12-31": "2312.19200", "2014-12-31": "2404.09900", "2013-12-31": "2443.27800", "2012-12-31": "2527.79200", "2011-12-31": "1341.03200", "2010-12-31": "1313.08800", "2009-12-31": "1163.18900", "2008-12-31": "1162.19800", "2007-12-31": "1179.38800", "2006-12-31": "1205.97100", "2005-12-31": "742.29600"}, "Total Assets": {"2019-12-31": "5017.63500", "2018-12-31": "4605.03600", "2017-12-31": "4735.46800", "2016-12-31": "4431.84100", "2015-12-31": "4569.72600", "2014-12-31": "4754.43700", "2013-12-31": "4648.89300", "2012-12-31": "4629.62900", "2011-12-31": "3078.45200", "2010-12-31": "2826.77400", "2009-12-31": "2494.19300", "2008-12-31": "2719.86100", "2007-12-31": "2859.88700", "2006-12-31": "2823.98300", "2005-12-31": "1651.15900"}, "Total Current Liabilities": {"2019-12-31": "1084.05900", "2018-12-31": "1061.94600", "2017-12-31": "1040.96900", "2016-12-31": "873.79900", "2015-12-31": "947.80100", "2014-12-31": "1063.87200", "2013-12-31": "1051.66300", "2012-12-31": "1007.99500", "2011-12-31": "845.84600", "2010-12-31": "708.23300", "2009-12-31": "680.83400", "2008-12-31": "1006.00900", "2007-12-31": "1291.92500", "2006-12-31": "1153.67200", "2005-12-31": "719.88600"}, "Long Term Debt": {"2019-12-31": "1257.06700", "2018-12-31": "1167.31100", "2017-12-31": "1313.26100", "2016-12-31": "1363.13500", "2015-12-31": "1439.06200", "2014-12-31": "1366.43000", "2013-12-31": "1447.63400", "2012-12-31": "1695.41300", "2011-12-31": "642.92200", "2010-12-31": "725.89300", "2009-12-31": "597.86900", "2008-12-31": "801.42700", "2007-12-31": "811.31100", "2006-12-31": "743.88700", "2005-12-31": "352.23200"}, "Other Non-Current Liabilities": {"2019-12-31": "91.39100", "2018-12-31": "102.08600", "2017-12-31": "128.23700", "2016-12-31": "63.03100", "2015-12-31": "44.15400", "2014-12-31": "49.22700", "2013-12-31": "43.47100", "2012-12-31": "72.06000", "2011-12-31": "20.76900", "2010-12-31": "33.17800", "2009-12-31": "28.13300", "2008-12-31": "20.58500", "2007-12-31": "30.09100", "2006-12-31": "13.52000", "2005-12-31": "9.50700"}, "Total Long Term Liabilities": {"2019-12-31": "1674.90500", "2018-12-31": "1413.36400", "2017-12-31": "1578.35600", "2016-12-31": "1594.41100", "2015-12-31": "1848.05400", "2014-12-31": "1762.40000", "2013-12-31": "1832.43900", "2012-12-31": "2067.94300", "2011-12-31": "886.69600", "2010-12-31": "969.94700", "2009-12-31": "817.07000", "2008-12-31": "958.74800", "2007-12-31": "959.48600", "2006-12-31": "907.08400", "2005-12-31": "439.82300"}, "Total Liabilities": {"2019-12-31": "2758.96400", "2018-12-31": "2475.31000", "2017-12-31": "2619.32500", "2016-12-31": "2468.21000", "2015-12-31": "2795.85500", "2014-12-31": "2826.27200", "2013-12-31": "2884.10200", "2012-12-31": "3075.93800", "2011-12-31": "1732.54200", "2010-12-31": "1678.18000", "2009-12-31": "1497.90400", "2008-12-31": "1964.75700", "2007-12-31": "2251.41100", "2006-12-31": "2060.75600", "2005-12-31": "1159.70900"}, "Common Stock Net": {"2019-12-31": "0.63600", "2018-12-31": "0.63500", "2017-12-31": "0.63400", "2016-12-31": "0.63100", "2015-12-31": "0.62900", "2014-12-31": "0.62700", "2013-12-31": "0.62400", "2012-12-31": "0.62200", "2011-12-31": "0.61400", "2010-12-31": "0.60900", "2009-12-31": "0.60300", "2008-12-31": "0.60000", "2007-12-31": "0.58900", "2006-12-31": "0.58100", "2005-12-31": "0.56100"}, "Retained Earnings (Accumulated Deficit)": {"2019-12-31": "2530.42900", "2018-12-31": "2307.46200", "2017-12-31": "2079.69700", "2016-12-31": "1914.75700", "2015-12-31": "1854.45600", "2014-12-31": "1643.91400", "2013-12-31": "1368.38600", "2012-12-31": "1092.71900", "2011-12-31": "891.78900", "2010-12-31": "697.67600", "2009-12-31": "582.19900", "2008-12-31": "477.11100", "2007-12-31": "284.79400", "2006-12-31": "48.98800", "2005-12-31": "-168.33200"}, "Comprehensive Income": {"2019-12-31": "-367.77200", "2018-12-31": "-408.43500", "2017-12-31": "-312.59000", "2016-12-31": "-391.97100", "2015-12-31": "-423.15500", "2014-12-31": "-201.89200", "2013-12-31": "-76.54300", "2012-12-31": "-1.04400", "2011-12-31": "10.05700", "2010-12-31": "22.63300", "2009-12-31": "10.98500", "2008-12-31": "-18.33800", "2007-12-31": "25.83200", "2006-12-31": "14.53000", "2005-12-31": "13.63500"}, "Other Share Holders Equity": {"2019-12-31": "", "2018-12-31": "", "2017-12-31": "", "2016-12-31": "", "2015-12-31": "", "2014-12-31": "", "2013-12-31": "", "2012-12-31": "", "2011-12-31": "", "2010-12-31": "", "2009-12-31": "", "2008-12-31": "", "2007-12-31": "", "2006-12-31": "", "2005-12-31": ""}, "Share Holder Equity": {"2019-12-31": "2258.67100", "2018-12-31": "2129.72600", "2017-12-31": "2116.14300", "2016-12-31": "1963.63100", "2015-12-31": "1773.87100", "2014-12-31": "1928.16500", "2013-12-31": "1764.79100", "2012-12-31": "1553.69100", "2011-12-31": "1345.91000", "2010-12-31": "1148.59400", "2009-12-31": "996.28900", "2008-12-31": "755.10400", "2007-12-31": "608.47600", "2006-12-31": "763.22700", "2005-12-31": "491.45000"}, "Total Liabilities And Share Holders Equity": {"2019-12-31": "5017.63500", "2018-12-31": "4605.03600", "2017-12-31": "4735.46800", "2016-12-31": "4431.84100", "2015-12-31": "4569.72600", "2014-12-31": "4754.43700", "2013-12-31": "4648.89300", "2012-12-31": "4629.62900", "2011-12-31": "3078.45200", "2010-12-31": "2826.77400", "2009-12-31": "2494.19300", "2008-12-31": "2719.86100", "2007-12-31": "2859.88700", "2006-12-31": "2823.98300", "2005-12-31": "1651.15900"}}, "balance sheet, quarterly": {"Cash On Hand": {"2020-09-30": "352.24900", "2020-06-30": "265.22200", "2020-03-31": "342.56000", "2019-12-31": "150.90200", "2019-09-30": "138.16000", "2019-06-30": "87.21800", "2019-03-31": "106.10000", "2018-12-31": "96.34300", "2018-09-30": "142.76000", "2018-06-30": "110.94000", "2018-03-31": "123.89700", "2017-12-31": "117.95300", "2017-09-30": "94.08300", "2017-06-30": "87.79900", "2017-03-31": "103.00000", "2016-12-31": "110.13100", "2016-09-30": "112.83700", "2016-06-30": "160.29000", "2016-03-31": "147.83400", "2015-12-31": "160.27900", "2015-09-30": "132.85200", "2015-06-30": "174.30700", "2015-03-31": "154.35100", "2014-12-31": "128.31900", "2014-09-30": "110.36800", "2014-06-30": "101.64300", "2014-03-31": "96.35600", "2013-12-31": "123.72500", "2013-09-30": "98.57500", "2013-06-30": "104.51200", "2013-03-31": "116.79100", "2012-12-31": "86.09900", "2012-09-30": "107.63700", "2012-06-30": "72.19800", "2012-03-31": "63.64100", "2011-12-31": "63.86900", "2011-09-30": "94.04900", "2011-06-30": "78.61500", "2011-03-31": "52.43200", "2010-12-31": "53.57700", "2010-09-30": "103.12000", "2010-06-30": "95.80400", "2010-03-31": "121.07400", "2009-12-31": "112.32900", "2009-09-30": "111.34500", "2009-06-30": "103.29000", "2009-03-31": "105.13500", "2008-12-31": "86.33800", "2008-09-30": "103.27000", "2008-06-30": "115.53200", "2008-03-31": "94.43200", "2007-12-31": "72.29700", "2007-09-30": "64.49800", "2007-06-30": "65.03800", "2007-03-31": "55.36900", "2006-12-31": "73.39500", "2006-09-30": "59.27300", "2006-06-30": "37.82300", "2006-03-31": "30.35000", "2005-12-31": "22.12500", "2005-09-30": "60.86600", "2005-06-30": "15.02100", "2005-03-31": "18.76500"}, "Receivables": {"2020-09-30": "2721.52300", "2020-06-30": "2647.06100", "2020-03-31": "1292.02200", "2019-12-31": "1285.38800", "2019-09-30": "1397.38300", "2019-06-30": "1421.23500", "2019-03-31": "1343.89100", "2018-12-31": "1288.46400", "2018-09-30": "1346.55600", "2018-06-30": "1319.69100", "2018-03-31": "1276.37400", "2017-12-31": "1294.55900", "2017-09-30": "1319.20000", "2017-06-30": "1214.29900", "2017-03-31": "1127.80400", "2016-12-31": "1125.14600", "2016-09-30": "1170.64100", "2016-06-30": "1173.33700", "2016-03-31": "1150.59600", "2015-12-31": "1230.31300", "2015-09-30": "1220.99600", "2015-06-30": "1185.71300", "2015-03-31": "1206.09500", "2014-12-31": "1312.32700", "2014-09-30": "1350.48300", "2014-06-30": "1304.15000", "2014-03-31": "1212.25700", "2013-12-31": "1193.52300", "2013-09-30": "1236.59400", "2013-06-30": "1211.66800", "2013-03-31": "1208.43500", "2012-12-31": "1134.88500", "2012-09-30": "1079.98400", "2012-06-30": "1060.13500", "2012-03-31": "1043.91700", "2011-12-31": "995.07000", "2011-09-30": "999.77100", "2011-06-30": "961.10100", "2011-03-31": "925.52300", "2010-12-31": "848.05000", "2010-09-30": "842.55100", "2010-06-30": "769.84200", "2010-03-31": "748.70400", "2009-12-31": "696.69700", "2009-09-30": "734.58300", "2009-06-30": "742.52200", "2009-03-31": "753.97900", "2008-12-31": "852.77500", "2008-09-30": "995.78700", "2008-06-30": "967.74400", "2008-03-31": "913.14400", "2007-12-31": "928.09000", "2007-09-30": "973.59500", "2007-06-30": "946.12100", "2007-03-31": "929.50400", "2006-12-31": "906.98900", "2006-09-30": "492.15700", "2006-06-30": "418.58000", "2006-03-31": "379.20100", "2005-12-31": "364.64300", "2005-09-30": "478.30000", "2005-06-30": "357.71900", "2005-03-31": "362.01100"}, "Inventory": {"2020-09-30": "2357.63400", "2020-06-30": "2368.82700", "2020-03-31": "950.52100", "2019-12-31": "1011.67400", "2019-09-30": "961.99700", "2019-06-30": "1004.12700", "2019-03-31": "1001.35300", "2018-12-31": "948.72600", "2018-09-30": "926.76800", "2018-06-30": "935.23100", "2018-03-31": "949.51100", "2017-12-31": "956.14800", "2017-09-30": "925.04900", "2017-06-30": "866.30100", "2017-03-31": "850.11800", "2016-12-31": "821.44100", "2016-09-30": "832.51000", "2016-06-30": "831.05300", "2016-03-31": "844.10600", "2015-12-31": "810.06700", "2015-09-30": "844.95500", "2015-06-30": "847.04500", "2015-03-31": "814.36300", "2014-12-31": "819.50200", "2014-09-30": "846.16600", "2014-06-30": "850.17900", "2014-03-31": "811.09500", "2013-12-31": "787.32400", "2013-09-30": "795.91700", "2013-06-30": "808.74700", "2013-03-31": "792.40400", "2012-12-31": "793.97400", "2012-09-30": "662.76400", "2012-06-30": "651.82400", "2012-03-31": "634.65900", "2011-12-31": "626.96700", "2011-09-30": "631.42100", "2011-06-30": "634.14800", "2011-03-31": "631.08400", "2010-12-31": "588.84800", "2010-09-30": "551.98200", "2010-06-30": "531.48600", "2010-03-31": "507.05700", "2009-12-31": "507.21500", "2009-09-30": "495.30100", "2009-06-30": "516.73800", "2009-03-31": "561.07000", "2008-12-31": "605.67800", "2008-09-30": "654.60800", "2008-06-30": "646.44600", "2008-03-31": "615.28100", "2007-12-31": "666.02700", "2007-09-30": "648.14700", "2007-06-30": "634.83600", "2007-03-31": "606.11700", "2006-12-31": "613.56900", "2006-09-30": "542.24400", "2006-06-30": "536.24900", "2006-03-31": "507.93000", "2005-12-31": "500.79800", "2005-09-30": "456.88000", "2005-06-30": "390.09900", "2005-03-31": "384.85100"}, "Pre-Paid Expenses": {"2020-09-30": "166.04400", "2020-06-30": "157.27600", "2020-03-31": "192.37500", "2019-12-31": "92.44700", "2019-09-30": "80.94000", "2019-06-30": "72.28400", "2019-03-31": "62.40600", "2018-12-31": "52.10700", "2018-09-30": "90.41500", "2018-06-30": "81.07800", "2018-03-31": "68.88900", "2017-12-31": "40.18900", "2017-09-30": "71.79500", "2017-06-30": "137.14600", "2017-03-31": "122.43800", "2016-12-31": "46.36000", "2016-09-30": "127.83900", "2016-06-30": "141.95700", "2016-03-31": "131.90600", "2015-12-31": "48.42000", "2015-09-30": "167.28700", "2015-06-30": "160.98500", "2015-03-31": "138.65200", "2014-12-31": "54.27400", "2014-09-30": "107.98900", "2014-06-30": "108.76800", "2014-03-31": "140.19100", "2013-12-31": "56.35200", "2013-09-30": "59.98100", "2013-06-30": "39.11400", "2013-03-31": "30.29200", "2012-12-31": "44.72800", "2012-09-30": "26.10900", "2012-06-30": "24.03100", "2012-03-31": "22.68000", "2011-12-31": "23.29700", "2011-09-30": "27.26300", "2011-06-30": "27.73700", "2011-03-31": "21.55400", "2010-12-31": "20.16500", "2010-09-30": "18.50600", "2010-06-30": "16.99800", "2010-03-31": "12.97700", "2009-12-31": "13.07700", "2009-09-30": "13.74800", "2009-06-30": "14.34600", "2009-03-31": "9.89600", "2008-12-31": "10.01500", "2008-09-30": "12.06100", "2008-06-30": "13.21900", "2008-03-31": "11.15200", "2007-12-31": "10.05900", "2007-09-30": "10.18700", "2007-06-30": "10.24100", "2007-03-31": "8.80800", "2006-12-31": "9.06800", "2006-09-30": "9.55400", "2006-06-30": "9.53500", "2006-03-31": "7.63100", "2005-12-31": "7.89800", "2005-09-30": "10.61400", "2005-06-30": "9.38300", "2005-03-31": "9.41000"}, "Other Current Assets": {"2020-09-30": "", "2020-06-30": "", "2020-03-31": "", "2019-12-31": "", "2019-09-30": "", "2019-06-30": "", "2019-03-31": "", "2018-12-31": "", "2018-09-30": "", "2018-06-30": "", "2018-03-31": "", "2017-12-31": "", "2017-09-30": "", "2017-06-30": "", "2017-03-31": "", "2016-12-31": "", "2016-09-30": "", "2016-06-30": "", "2016-03-31": "", "2015-12-31": "", "2015-09-30": "", "2015-06-30": "", "2015-03-31": "", "2014-12-31": "", "2014-09-30": "", "2014-06-30": "", "2014-03-31": "", "2013-12-31": "", "2013-09-30": "", "2013-06-30": "", "2013-03-31": "", "2012-12-31": "", "2012-09-30": "", "2012-06-30": "", "2012-03-31": "", "2011-12-31": "", "2011-09-30": "", "2011-06-30": "", "2011-03-31": "", "2010-12-31": "", "2010-09-30": "", "2010-06-30": "", "2010-03-31": "", "2009-12-31": "", "2009-09-30": "", "2009-06-30": "", "2009-03-31": "", "2008-12-31": "", "2008-09-30": "", "2008-06-30": "", "2008-03-31": "", "2007-12-31": "", "2007-09-30": "", "2007-06-30": "", "2007-03-31": "", "2006-12-31": "", "2006-09-30": "", "2006-06-30": "", "2006-03-31": "", "2005-12-31": "", "2005-09-30": "", "2005-06-30": "", "2005-03-31": ""}, "Total Current Assets": {"2020-09-30": "5597.45000", "2020-06-30": "5438.38600", "2020-03-31": "2777.47800", "2019-12-31": "2540.41100", "2019-09-30": "2578.48000", "2019-06-30": "2584.86400", "2019-03-31": "2513.75000", "2018-12-31": "2385.64000", "2018-09-30": "2506.49900", "2018-06-30": "2446.94000", "2018-03-31": "2418.67100", "2017-12-31": "2408.84900", "2017-09-30": "2410.12700", "2017-06-30": "2305.54500", "2017-03-31": "2203.36000", "2016-12-31": "2103.07800", "2016-09-30": "2243.82700", "2016-06-30": "2306.63700", "2016-03-31": "2274.44200", "2015-12-31": "2257.53400", "2015-09-30": "2366.09000", "2015-06-30": "2368.05000", "2015-03-31": "2313.46100", "2014-12-31": "2350.33800", "2014-09-30": "2450.03700", "2014-06-30": "2408.54100", "2014-03-31": "2259.89900", "2013-12-31": "2205.61500", "2013-09-30": "2218.67000", "2013-06-30": "2194.65600", "2013-03-31": "2176.69400", "2012-12-31": "2101.83700", "2012-09-30": "1905.92500", "2012-06-30": "1836.15100", "2012-03-31": "1794.40600", "2011-12-31": "1737.42000", "2011-09-30": "1761.88800", "2011-06-30": "1704.75900", "2011-03-31": "1633.73500", "2010-12-31": "1513.68600", "2010-09-30": "1517.81200", "2010-06-30": "1415.75200", "2010-03-31": "1391.48200", "2009-12-31": "1331.00400", "2009-09-30": "1357.84800", "2009-06-30": "1379.77400", "2009-03-31": "1432.93600", "2008-12-31": "1557.66300", "2008-09-30": "1765.99300", "2008-06-30": "1743.01700", "2008-03-31": "1637.15500", "2007-12-31": "1680.49900", "2007-09-30": "1713.39700", "2007-06-30": "1670.47300", "2007-03-31": "1617.51900", "2006-12-31": "1618.01200", "2006-09-30": "1120.21200", "2006-06-30": "1017.57100", "2006-03-31": "938.82400", "2005-12-31": "908.86300", "2005-09-30": "1013.28000", "2005-06-30": "777.52100", "2005-03-31": "779.56500"}, "Property, Plant, And Equipment": {"2020-09-30": "400.22200", "2020-06-30": "403.07200", "2020-03-31": "183.99700", "2019-12-31": "181.44800", "2019-09-30": "174.45900", "2019-06-30": "172.35900", "2019-03-31": "166.68800", "2018-12-31": "160.87800", "2018-09-30": "157.12900", "2018-06-30": "157.49200", "2018-03-31": "156.36400", "2017-12-31": "156.44500", "2017-09-30": "157.59100", "2017-06-30": "155.20300", "2017-03-31": "156.58800", "2016-12-31": "157.60700", "2016-09-30": "160.91500", "2016-06-30": "163.85700", "2016-03-31": "167.53900", "2015-12-31": "166.73900", "2015-09-30": "171.78900", "2015-06-30": "180.04900", "2015-03-31": "173.87800", "2014-12-31": "182.72500", "2014-09-30": "191.39300", "2014-06-30": "199.95100", "2014-03-31": "195.26300", "2013-12-31": "198.65400", "2013-09-30": "201.90500", "2013-06-30": "198.93000", "2013-03-31": "207.16600", "2012-12-31": "210.72300", "2012-09-30": "140.99800", "2012-06-30": "137.19900", "2012-03-31": "134.45500", "2011-12-31": "133.55000", "2011-09-30": "129.48200", "2011-06-30": "126.28800", "2011-03-31": "120.02300", "2010-12-31": "118.04500", "2010-09-30": "114.36400", "2010-06-30": "114.35500", "2010-03-31": "114.61500", "2009-12-31": "116.30900", "2009-09-30": "117.70500", "2009-06-30": "117.16600", "2009-03-31": "116.85900", "2008-12-31": "119.22300", "2008-09-30": "116.38100", "2008-06-30": "113.47000", "2008-03-31": "110.50500", "2007-12-31": "104.11900", "2007-09-30": "104.67600", "2007-06-30": "104.90600", "2007-03-31": "104.71500", "2006-12-31": "107.01600", "2006-09-30": "104.77100", "2006-06-30": "104.37300", "2006-03-31": "103.56900", "2005-12-31": "103.08300", "2005-09-30": "103.17900", "2005-06-30": "94.96300", "2005-03-31": "93.46700"}, "Long-Term Investments": {"2020-09-30": "", "2020-06-30": "", "2020-03-31": "", "2019-12-31": "", "2019-09-30": "", "2019-06-30": "", "2019-03-31": "", "2018-12-31": "", "2018-09-30": "", "2018-06-30": "", "2018-03-31": "", "2017-12-31": "", "2017-09-30": "", "2017-06-30": "", "2017-03-31": "", "2016-12-31": "", "2016-09-30": "", "2016-06-30": "", "2016-03-31": "", "2015-12-31": "", "2015-09-30": "", "2015-06-30": "", "2015-03-31": "", "2014-12-31": "", "2014-09-30": "", "2014-06-30": "", "2014-03-31": "", "2013-12-31": "", "2013-09-30": "", "2013-06-30": "", "2013-03-31": "", "2012-12-31": "", "2012-09-30": "", "2012-06-30": "", "2012-03-31": "", "2011-12-31": "", "2011-09-30": "", "2011-06-30": "", "2011-03-31": "", "2010-12-31": "", "2010-09-30": "", "2010-06-30": "", "2010-03-31": "40.04600", "2009-12-31": "43.95700", "2009-09-30": "44.54000", "2009-06-30": "45.11200", "2009-03-31": "45.68400", "2008-12-31": "46.25100", "2008-09-30": "46.81100", "2008-06-30": "47.78700", "2008-03-31": "47.26700", "2007-12-31": "", "2007-09-30": "", "2007-06-30": "", "2007-03-31": "", "2006-12-31": "", "2006-09-30": "", "2006-06-30": "", "2006-03-31": "", "2005-12-31": "", "2005-09-30": "", "2005-06-30": "", "2005-03-31": ""}, "Goodwill And Intangible Assets": {"2020-09-30": "5197.28600", "2020-06-30": "5202.73600", "2020-03-31": "1985.59100", "2019-12-31": "2046.31500", "2019-09-30": "2039.56400", "2019-06-30": "2057.19200", "2019-03-31": "2051.22400", "2018-12-31": "2038.61900", "2018-09-30": "2089.31800", "2018-06-30": "2085.27300", "2018-03-31": "2108.97700", "2017-12-31": "2138.98100", "2017-09-30": "2155.07100", "2017-06-30": "2121.96600", "2017-03-31": "2110.85100", "2016-12-31": "2124.31200", "2016-09-30": "2143.06300", "2016-06-30": "2160.30300", "2016-03-31": "2184.40900", "2015-12-31": "2085.31100", "2015-09-30": "2055.20600", "2015-06-30": "2128.44500", "2015-03-31": "2074.25400", "2014-12-31": "2165.28000", "2014-09-30": "2211.97300", "2014-06-30": "2266.56100", "2014-03-31": "2201.29200", "2013-12-31": "2173.55800", "2013-09-30": "2219.95200", "2013-06-30": "2202.95900", "2013-03-31": "2244.66400", "2012-12-31": "2274.55800", "2012-09-30": "1331.57300", "2012-06-30": "1172.07000", "2012-03-31": "1176.85600", "2011-12-31": "1165.00100", "2011-09-30": "1137.37600", "2011-06-30": "1146.08900", "2011-03-31": "1148.72400", "2010-12-31": "1146.02100", "2010-09-30": "952.32300", "2010-06-30": "954.49800", "2010-03-31": "945.46900", "2009-12-31": "944.71800", "2009-09-30": "946.48500", "2009-06-30": "948.15700", "2009-03-31": "949.78400", "2008-12-31": "951.46700", "2008-09-30": "948.33800", "2008-06-30": "950.26400", "2008-03-31": "950.10400", "2007-12-31": "1058.14900", "2007-09-30": "1043.67300", "2007-06-30": "1046.36000", "2007-03-31": "1046.54700", "2006-12-31": "1078.77900", "2006-09-30": "629.47200", "2006-06-30": "631.91200", "2006-03-31": "629.71100", "2005-12-31": "626.10900", "2005-09-30": "608.65200", "2005-06-30": "401.57500", "2005-03-31": "401.59100"}, "Other Long-Term Assets": {"2020-09-30": "133.23900", "2020-06-30": "138.05800", "2020-03-31": "12.28800", "2019-12-31": "13.62700", "2019-09-30": "17.65600", "2019-06-30": "20.11800", "2019-03-31": "19.98700", "2018-12-31": "3.52500", "2018-09-30": "25.84500", "2018-06-30": "25.28100", "2018-03-31": "29.30100", "2017-12-31": "6.99000", "2017-09-30": "41.67900", "2017-06-30": "40.95700", "2017-03-31": "40.45000", "2016-12-31": "31.04100", "2016-09-30": "61.54800", "2016-06-30": "61.87900", "2016-03-31": "64.43800", "2015-12-31": "41.92100", "2015-09-30": "49.42400", "2015-06-30": "49.82300", "2015-03-31": "50.78700", "2014-12-31": "33.68000", "2014-09-30": "52.06500", "2014-06-30": "54.07900", "2014-03-31": "54.61500", "2013-12-31": "44.62200", "2013-09-30": "38.94400", "2013-06-30": "39.14900", "2013-03-31": "40.72000", "2012-12-31": "41.16900", "2012-09-30": "23.57200", "2012-06-30": "23.24200", "2012-03-31": "24.07200", "2011-12-31": "24.39100", "2011-09-30": "13.44800", "2011-06-30": "12.01800", "2011-03-31": "12.65300", "2010-12-31": "13.13500", "2010-09-30": "13.10500", "2010-06-30": "12.29200", "2010-03-31": "12.67400", "2009-12-31": "24.68700", "2009-09-30": "13.69000", "2009-06-30": "12.02300", "2009-03-31": "11.54700", "2008-12-31": "28.44600", "2008-09-30": "29.96600", "2008-06-30": "30.70800", "2008-03-31": "31.36800", "2007-12-31": "17.12000", "2007-09-30": "18.18500", "2007-06-30": "19.11000", "2007-03-31": "19.48200", "2006-12-31": "20.17600", "2006-09-30": "13.64400", "2006-06-30": "12.07800", "2006-03-31": "12.62900", "2005-12-31": "13.10400", "2005-09-30": "13.73300", "2005-06-30": "5.48400", "2005-03-31": "4.90300"}, "Total Long-Term Assets": {"2020-09-30": "6270.88900", "2020-06-30": "6293.62800", "2020-03-31": "2453.47800", "2019-12-31": "2477.22400", "2019-09-30": "2468.93100", "2019-06-30": "2483.07200", "2019-03-31": "2470.88800", "2018-12-31": "2219.39600", "2018-09-30": "2272.29200", "2018-06-30": "2268.04600", "2018-03-31": "2294.64200", "2017-12-31": "2326.61900", "2017-09-30": "2354.34100", "2017-06-30": "2318.12600", "2017-03-31": "2307.88900", "2016-12-31": "2328.76300", "2016-09-30": "2365.52600", "2016-06-30": "2386.03900", "2016-03-31": "2416.38600", "2015-12-31": "2312.19200", "2015-09-30": "2276.41900", "2015-06-30": "2358.31700", "2015-03-31": "2298.91900", "2014-12-31": "2404.09900", "2014-09-30": "2455.43100", "2014-06-30": "2520.59100", "2014-03-31": "2451.17000", "2013-12-31": "2443.27800", "2013-09-30": "2460.80100", "2013-06-30": "2441.03800", "2013-03-31": "2492.55000", "2012-12-31": "2527.79200", "2012-09-30": "1514.06900", "2012-06-30": "1350.53600", "2012-03-31": "1352.79500", "2011-12-31": "1341.03200", "2011-09-30": "1305.53600", "2011-06-30": "1321.19800", "2011-03-31": "1318.78000", "2010-12-31": "1313.08800", "2010-09-30": "1117.44700", "2010-06-30": "1116.85200", "2010-03-31": "1147.67100", "2009-12-31": "1163.18900", "2009-09-30": "1140.88900", "2009-06-30": "1139.79400", "2009-03-31": "1139.76600", "2008-12-31": "1162.19800", "2008-09-30": "1154.90200", "2008-06-30": "1156.16900", "2008-03-31": "1152.98700", "2007-12-31": "1179.38800", "2007-09-30": "1166.53400", "2007-06-30": "1170.37600", "2007-03-31": "1170.74400", "2006-12-31": "1205.97100", "2006-09-30": "747.88700", "2006-06-30": "748.36300", "2006-03-31": "745.90910", "2005-12-31": "742.29600", "2005-09-30": "725.56400", "2005-06-30": "502.02200", "2005-03-31": "499.96100"}, "Total Assets": {"2020-09-30": "11868.34000", "2020-06-30": "11732.01000", "2020-03-31": "5230.95600", "2019-12-31": "5017.63500", "2019-09-30": "5047.41100", "2019-06-30": "5067.93600", "2019-03-31": "4984.63800", "2018-12-31": "4605.03600", "2018-09-30": "4778.79100", "2018-06-30": "4714.98600", "2018-03-31": "4713.31300", "2017-12-31": "4735.46800", "2017-09-30": "4764.46800", "2017-06-30": "4623.67100", "2017-03-31": "4511.24900", "2016-12-31": "4431.84100", "2016-09-30": "4609.35300", "2016-06-30": "4692.67600", "2016-03-31": "4690.82800", "2015-12-31": "4569.72600", "2015-09-30": "4642.50900", "2015-06-30": "4726.36700", "2015-03-31": "4612.38000", "2014-12-31": "4754.43700", "2014-09-30": "4905.46800", "2014-06-30": "4929.13200", "2014-03-31": "4711.06900", "2013-12-31": "4648.89300", "2013-09-30": "4679.47100", "2013-06-30": "4635.69400", "2013-03-31": "4669.24400", "2012-12-31": "4629.62900", "2012-09-30": "3419.99400", "2012-06-30": "3186.68700", "2012-03-31": "3147.20100", "2011-12-31": "3078.45200", "2011-09-30": "3067.42400", "2011-06-30": "3025.95700", "2011-03-31": "2952.51500", "2010-12-31": "2826.77400", "2010-09-30": "2635.25900", "2010-06-30": "2532.60400", "2010-03-31": "2539.15300", "2009-12-31": "2494.19300", "2009-09-30": "2498.73700", "2009-06-30": "2519.56800", "2009-03-31": "2572.70200", "2008-12-31": "2719.86100", "2008-09-30": "2920.89500", "2008-06-30": "2899.18600", "2008-03-31": "2790.14200", "2007-12-31": "2859.88700", "2007-09-30": "2879.93100", "2007-06-30": "2840.84900", "2007-03-31": "2788.26300", "2006-12-31": "2823.98300", "2006-09-30": "1868.09900", "2006-06-30": "1765.93400", "2006-03-31": "1684.73300", "2005-12-31": "1651.15900", "2005-09-30": "1738.84400", "2005-06-30": "1279.54300", "2005-03-31": "1279.52600"}, "Total Current Liabilities": {"2020-09-30": "2540.93500", "2020-06-30": "2301.72600", "2020-03-31": "1040.50500", "2019-12-31": "1084.05900", "2019-09-30": "1104.52400", "2019-06-30": "1124.83200", "2019-03-31": "1150.72200", "2018-12-31": "1061.94600", "2018-09-30": "1051.52800", "2018-06-30": "1025.90900", "2018-03-31": "1021.60100", "2017-12-31": "1040.96900", "2017-09-30": "1043.49300", "2017-06-30": "964.40600", "2017-03-31": "920.06900", "2016-12-31": "873.79900", "2016-09-30": "959.98200", "2016-06-30": "970.94700", "2016-03-31": "983.30200", "2015-12-31": "947.80100", "2015-09-30": "1016.77700", "2015-06-30": "1011.71100", "2015-03-31": "1039.11200", "2014-12-31": "1063.87200", "2014-09-30": "1126.68100", "2014-06-30": "1114.36700", "2014-03-31": "1086.17200", "2013-12-31": "1051.66300", "2013-09-30": "1036.81100", "2013-06-30": "1041.01400", "2013-03-31": "1038.72700", "2012-12-31": "1007.99500", "2012-09-30": "910.03600", "2012-06-30": "894.50500", "2012-03-31": "878.17100", "2011-12-31": "845.84600", "2011-09-30": "822.74100", "2011-06-30": "776.61600", "2011-03-31": "806.75500", "2010-12-31": "708.23300", "2010-09-30": "834.84400", "2010-06-30": "778.31300", "2010-03-31": "749.84800", "2009-12-31": "680.83400", "2009-09-30": "609.22500", "2009-06-30": "600.26600", "2009-03-31": "876.87700", "2008-12-31": "1006.00900", "2008-09-30": "1411.01000", "2008-06-30": "1344.09500", "2008-03-31": "1274.56000", "2007-12-31": "1291.92500", "2007-09-30": "1362.28400", "2007-06-30": "1290.10100", "2007-03-31": "1243.58500", "2006-12-31": "1153.67200", "2006-09-30": "734.50600", "2006-06-30": "698.55400", "2006-03-31": "698.85600", "2005-12-31": "719.88600", "2005-09-30": "877.87500", "2005-06-30": "573.47200", "2005-03-31": "583.23500"}, "Long Term Debt": {"2020-09-30": "4878.12400", "2020-06-30": "5068.54900", "2020-03-31": "1542.60200", "2019-12-31": "1257.06700", "2019-09-30": "1346.33300", "2019-06-30": "1399.48600", "2019-03-31": "1214.27600", "2018-12-31": "1167.31100", "2018-09-30": "1229.31400", "2018-06-30": "1261.70500", "2018-03-31": "1292.09400", "2017-12-31": "1313.26100", "2017-09-30": "1368.30100", "2017-06-30": "1334.54200", "2017-03-31": "1309.80000", "2016-12-31": "1363.13500", "2016-09-30": "", "2016-06-30": "1360.65800", "2016-03-31": "1391.22700", "2015-12-31": "1439.06200", "2015-09-30": "1454.70500", "2015-06-30": "1436.80200", "2015-03-31": "1336.88100", "2014-12-31": "1366.43000", "2014-09-30": "1471.77400", "2014-06-30": "1520.96000", "2014-03-31": "1457.58600", "2013-12-31": "1447.63400", "2013-09-30": "1535.46400", "2013-06-30": "1572.41500", "2013-03-31": "1634.81300", "2012-12-31": "1695.41300", "2012-09-30": "696.75800", "2012-06-30": "562.75000", "2012-03-31": "603.32800", "2011-12-31": "642.92200", "2011-09-30": "725.66900", "2011-06-30": "753.59000", "2011-03-31": "703.33900", "2010-12-31": "725.89300", "2010-09-30": "483.64600", "2010-06-30": "483.81200", "2010-03-31": "540.95200", "2009-12-31": "597.86900", "2009-09-30": "701.04700", "2009-06-30": "929.90500", "2009-03-31": "757.20100", "2008-12-31": "801.42700", "2008-09-30": "649.73400", "2008-06-30": "742.69300", "2008-03-31": "748.02200", "2007-12-31": "811.31100", "2007-09-30": "801.57600", "2007-06-30": "838.48500", "2007-03-31": "777.23800", "2006-12-31": "743.88700", "2006-09-30": "348.81600", "2006-06-30": "349.12200", "2006-03-31": "348.47700", "2005-12-31": "352.23200", "2005-09-30": "351.65400", "2005-06-30": "247.74800", "2005-03-31": "268.07900"}, "Other Non-Current Liabilities": {"2020-09-30": "292.38000", "2020-06-30": "293.50800", "2020-03-31": "85.57400", "2019-12-31": "91.39100", "2019-09-30": "79.96800", "2019-06-30": "83.58200", "2019-03-31": "99.17100", "2018-12-31": "102.08600", "2018-09-30": "119.06400", "2018-06-30": "121.11900", "2018-03-31": "127.93700", "2017-12-31": "128.23700", "2017-09-30": "65.81100", "2017-06-30": "63.92800", "2017-03-31": "63.42600", "2016-12-31": "63.03100", "2016-09-30": "56.80000", "2016-06-30": "56.54800", "2016-03-31": "54.02000", "2015-12-31": "44.15400", "2015-09-30": "49.50100", "2015-06-30": "51.73300", "2015-03-31": "49.38700", "2014-12-31": "49.22700", "2014-09-30": "48.54100", "2014-06-30": "44.01300", "2014-03-31": "42.88200", "2013-12-31": "43.47100", "2013-09-30": "52.16900", "2013-06-30": "70.48900", "2013-03-31": "72.71800", "2012-12-31": "72.06000", "2012-09-30": "24.49500", "2012-06-30": "24.59200", "2012-03-31": "24.35600", "2011-12-31": "20.76900", "2011-09-30": "19.84900", "2011-06-30": "21.52100", "2011-03-31": "30.99600", "2010-12-31": "33.17800", "2010-09-30": "30.69300", "2010-06-30": "28.63900", "2010-03-31": "28.13800", "2009-12-31": "28.13300", "2009-09-30": "27.64300", "2009-06-30": "25.58500", "2009-03-31": "23.29900", "2008-12-31": "20.58500", "2008-09-30": "28.57100", "2008-06-30": "30.15800", "2008-03-31": "29.73900", "2007-12-31": "30.09100", "2007-09-30": "28.29300", "2007-06-30": "27.88200", "2007-03-31": "26.38700", "2006-12-31": "13.52000", "2006-09-30": "12.39600", "2006-06-30": "11.33700", "2006-03-31": "10.56100", "2005-12-31": "9.50700", "2005-09-30": "10.15000", "2005-06-30": "8.82800", "2005-03-31": "9.42500"}, "Total Long Term Liabilities": {"2020-09-30": "6114.18000", "2020-06-30": "6329.88700", "2020-03-31": "1988.32500", "2019-12-31": "1674.90500", "2019-09-30": "1756.17700", "2019-06-30": "1808.28100", "2019-03-31": "1637.55400", "2018-12-31": "1413.36400", "2018-09-30": "1495.42600", "2018-06-30": "1523.32200", "2018-03-31": "1558.79800", "2017-12-31": "1578.35600", "2017-09-30": "1613.74200", "2017-06-30": "1564.15900", "2017-03-31": "1533.69700", "2016-12-31": "1594.41100", "2016-09-30": "1656.73800", "2016-06-30": "1779.15500", "2016-03-31": "1814.04400", "2015-12-31": "1848.05400", "2015-09-30": "1865.88400", "2015-06-30": "1848.71300", "2015-03-31": "1735.95000", "2014-12-31": "1762.40000", "2014-09-30": "1870.14200", "2014-06-30": "1925.26300", "2014-03-31": "1851.33800", "2013-12-31": "1832.43900", "2013-09-30": "1904.33500", "2013-06-30": "1952.03300", "2013-03-31": "2013.14700", "2012-12-31": "2067.94300", "2012-09-30": "965.42800", "2012-06-30": "823.71600", "2012-03-31": "857.85100", "2011-12-31": "886.69600", "2011-09-30": "961.17600", "2011-06-30": "996.03410", "2011-03-31": "946.53590", "2010-12-31": "969.94700", "2010-09-30": "705.11800", "2010-06-30": "702.93700", "2010-03-31": "762.06000", "2009-12-31": "817.07000", "2009-09-30": "928.10100", "2009-06-30": "1097.70800", "2009-03-31": "920.13000", "2008-12-31": "958.74800", "2008-09-30": "792.86900", "2008-06-30": "885.66300", "2008-03-31": "886.94300", "2007-12-31": "959.48600", "2007-09-30": "945.85400", "2007-06-30": "991.64800", "2007-03-31": "921.48500", "2006-12-31": "907.08400", "2006-09-30": "438.41200", "2006-06-30": "437.57800", "2006-03-31": "438.18400", "2005-12-31": "439.82300", "2005-09-30": "421.34500", "2005-06-30": "300.32800", "2005-03-31": "321.25800"}, "Total Liabilities": {"2020-09-30": "8655.11500", "2020-06-30": "8631.61300", "2020-03-31": "3028.83000", "2019-12-31": "2758.96400", "2019-09-30": "2860.70100", "2019-06-30": "2933.11300", "2019-03-31": "2788.27600", "2018-12-31": "2475.31000", "2018-09-30": "2546.95400", "2018-06-30": "2549.23100", "2018-03-31": "2580.39900", "2017-12-31": "2619.32500", "2017-09-30": "2657.23500", "2017-06-30": "2528.56500", "2017-03-31": "2453.76600", "2016-12-31": "2468.21000", "2016-09-30": "2616.72000", "2016-06-30": "2750.10200", "2016-03-31": "2797.34600", "2015-12-31": "2795.85500", "2015-09-30": "2882.66100", "2015-06-30": "2860.42400", "2015-03-31": "2775.06200", "2014-12-31": "2826.27200", "2014-09-30": "2996.82300", "2014-06-30": "3039.63000", "2014-03-31": "2937.51000", "2013-12-31": "2884.10200", "2013-09-30": "2941.14600", "2013-06-30": "2993.04700", "2013-03-31": "3051.87400", "2012-12-31": "3075.93800", "2012-09-30": "1875.46400", "2012-06-30": "1718.22100", "2012-03-31": "1736.02200", "2011-12-31": "1732.54200", "2011-09-30": "1783.91700", "2011-06-30": "1772.65000", "2011-03-31": "1753.29100", "2010-12-31": "1678.18000", "2010-09-30": "1539.96200", "2010-06-30": "1481.25000", "2010-03-31": "1511.90800", "2009-12-31": "1497.90400", "2009-09-30": "1537.32600", "2009-06-30": "1697.97400", "2009-03-31": "1797.00700", "2008-12-31": "1964.75700", "2008-09-30": "2203.87900", "2008-06-30": "2229.75800", "2008-03-31": "2161.50300", "2007-12-31": "2251.41100", "2007-09-30": "2308.13800", "2007-06-30": "2281.74900", "2007-03-31": "2165.07000", "2006-12-31": "2060.75600", "2006-09-30": "1172.91800", "2006-06-30": "1136.13200", "2006-03-31": "1137.04000", "2005-12-31": "1159.70900", "2005-09-30": "1299.22000", "2005-06-30": "873.80000", "2005-03-31": "904.49300"}, "Common Stock Net": {"2020-09-30": "0.71900", "2020-06-30": "0.71900", "2020-03-31": "0.63700", "2019-12-31": "0.63600", "2019-09-30": "0.63600", "2019-06-30": "0.63600", "2019-03-31": "0.63600", "2018-12-31": "0.63500", "2018-09-30": "0.63500", "2018-06-30": "0.63400", "2018-03-31": "0.63400", "2017-12-31": "0.63400", "2017-09-30": "0.63300", "2017-06-30": "0.63300", "2017-03-31": "0.63300", "2016-12-31": "0.63100", "2016-09-30": "0.63100", "2016-06-30": "0.62900", "2016-03-31": "0.62900", "2015-12-31": "0.62900", "2015-09-30": "0.62900", "2015-06-30": "0.62900", "2015-03-31": "0.62800", "2014-12-31": "0.62700", "2014-09-30": "0.62700", "2014-06-30": "0.62700", "2014-03-31": "0.62600", "2013-12-31": "0.62400", "2013-09-30": "0.62300", "2013-06-30": "0.62200", "2013-03-31": "0.62300", "2012-12-31": "0.62200", "2012-09-30": "0.61800", "2012-06-30": "0.61700", "2012-03-31": "0.61500", "2011-12-31": "0.61400", "2011-09-30": "0.61200", "2011-06-30": "0.61200", "2011-03-31": "0.61000", "2010-12-31": "0.60900", "2010-09-30": "0.60400", "2010-06-30": "0.60300", "2010-03-31": "0.60300", "2009-12-31": "0.60300", "2009-09-30": "0.60100", "2009-06-30": "0.60100", "2009-03-31": "0.60100", "2008-12-31": "0.60000", "2008-09-30": "0.59900", "2008-06-30": "0.59900", "2008-03-31": "0.59200", "2007-12-31": "0.58900", "2007-09-30": "0.58900", "2007-06-30": "0.58900", "2007-03-31": "0.58800", "2006-12-31": "0.58100", "2006-09-30": "0.57600", "2006-06-30": "0.57400", "2006-03-31": "0.56700", "2005-12-31": "0.56100", "2005-09-30": "0.55600", "2005-06-30": "0.55400", "2005-03-31": "0.55300"}, "Retained Earnings (Accumulated Deficit)": {"2020-09-30": "2596.02200", "2020-06-30": "2529.84200", "2020-03-31": "2565.59700", "2019-12-31": "2530.42900", "2019-09-30": "2477.25900", "2019-06-30": "2412.76800", "2019-03-31": "2349.30000", "2018-12-31": "2307.46200", "2018-09-30": "2249.32700", "2018-06-30": "2182.48400", "2018-03-31": "2124.53500", "2017-12-31": "2079.69700", "2017-09-30": "2056.96100", "2017-06-30": "2044.71900", "2017-03-31": "1994.61700", "2016-12-31": "1914.75700", "2016-09-30": "1909.18900", "2016-06-30": "1940.76700", "2016-03-31": "1890.96700", "2015-12-31": "1854.45600", "2015-09-30": "1806.05200", "2015-06-30": "1742.54900", "2015-03-31": "1690.80800", "2014-12-31": "1643.91400", "2014-09-30": "1569.53100", "2014-06-30": "1488.72200", "2014-03-31": "1419.91900", "2013-12-31": "1368.38600", "2013-09-30": "1310.39300", "2013-06-30": "1241.98700", "2013-03-31": "1176.70800", "2012-12-31": "1092.71900", "2012-09-30": "1066.21600", "2012-06-30": "1003.64100", "2012-03-31": "944.76700", "2011-12-31": "891.78900", "2011-09-30": "836.94000", "2011-06-30": "783.05000", "2011-03-31": "734.98100", "2010-12-31": "697.67600", "2010-09-30": "662.85300", "2010-06-30": "629.19300", "2010-03-31": "601.39900", "2009-12-31": "582.19900", "2009-09-30": "560.44600", "2009-06-30": "526.82700", "2009-03-31": "500.37300", "2008-12-31": "477.11100", "2008-09-30": "455.61900", "2008-06-30": "389.75100", "2008-03-31": "329.62400", "2007-12-31": "284.79400", "2007-09-30": "223.76100", "2007-06-30": "151.98700", "2007-03-31": "92.32000", "2006-12-31": "48.98800", "2006-09-30": "-9.31900", "2006-06-30": "-68.70400", "2006-03-31": "-123.88200", "2005-12-31": "-168.33200", "2005-09-30": "-208.06700", "2005-06-30": "-233.07500", "2005-03-31": "-260.51400"}, "Comprehensive Income": {"2020-09-30": "-377.46100", "2020-06-30": "-418.88900", "2020-03-31": "-461.62300", "2019-12-31": "-367.77200", "2019-09-30": "-382.53000", "2019-06-30": "-365.67400", "2019-03-31": "-385.91800", "2018-12-31": "-408.43500", "2018-09-30": "-349.61900", "2018-06-30": "-370.10500", "2018-03-31": "-341.39000", "2017-12-31": "-312.59000", "2017-09-30": "-295.62200", "2017-06-30": "-342.16400", "2017-03-31": "-375.54500", "2016-12-31": "-391.97100", "2016-09-30": "-356.65900", "2016-06-30": "-342.66600", "2016-03-31": "-340.90100", "2015-12-31": "-423.15500", "2015-09-30": "-385.52600", "2015-06-30": "-290.16400", "2015-03-31": "-315.70600", "2014-12-31": "-201.89200", "2014-09-30": "-143.81400", "2014-06-30": "-80.02000", "2014-03-31": "-123.04300", "2013-12-31": "-76.54300", "2013-09-30": "-44.25500", "2013-06-30": "-68.87400", "2013-03-31": "-24.52500", "2012-12-31": "-1.04400", "2012-09-30": "24.35400", "2012-06-30": "13.70200", "2012-03-31": "19.24700", "2011-12-31": "10.05700", "2011-09-30": "5.94800", "2011-06-30": "32.35900", "2011-03-31": "30.61900", "2010-12-31": "22.63300", "2010-09-30": "16.71200", "2010-06-30": "10.81100", "2010-03-31": "18.38900", "2009-12-31": "10.98500", "2009-09-30": "3.06200", "2009-06-30": "-8.33300", "2009-03-31": "-24.34400", "2008-12-31": "-18.33800", "2008-09-30": "13.88200", "2008-06-30": "21.39900", "2008-03-31": "19.07500", "2007-12-31": "25.83200", "2007-09-30": "23.88400", "2007-06-30": "22.29200", "2007-03-31": "14.53300", "2006-12-31": "14.53000", "2006-09-30": "16.62900", "2006-06-30": "16.54300", "2006-03-31": "13.77400", "2005-12-31": "13.63500", "2005-09-30": "12.44200", "2005-06-30": "9.04200", "2005-03-31": "9.29100"}, "Other Share Holders Equity": {"2020-09-30": "", "2020-06-30": "", "2020-03-31": "", "2019-12-31": "", "2019-09-30": "", "2019-06-30": "", "2019-03-31": "", "2018-12-31": "", "2018-09-30": "", "2018-06-30": "", "2018-03-31": "", "2017-12-31": "", "2017-09-30": "", "2017-06-30": "", "2017-03-31": "", "2016-12-31": "", "2016-09-30": "", "2016-06-30": "", "2016-03-31": "", "2015-12-31": "", "2015-09-30": "", "2015-06-30": "", "2015-03-31": "", "2014-12-31": "", "2014-09-30": "", "2014-06-30": "", "2014-03-31": "", "2013-12-31": "", "2013-09-30": "", "2013-06-30": "", "2013-03-31": "", "2012-12-31": "", "2012-09-30": "", "2012-06-30": "", "2012-03-31": "", "2011-12-31": "", "2011-09-30": "", "2011-06-30": "", "2011-03-31": "", "2010-12-31": "", "2010-09-30": "", "2010-06-30": "", "2010-03-31": "", "2009-12-31": "", "2009-09-30": "", "2009-06-30": "", "2009-03-31": "", "2008-12-31": "", "2008-09-30": "", "2008-06-30": "", "2008-03-31": "", "2007-12-31": "", "2007-09-30": "", "2007-06-30": "", "2007-03-31": "", "2006-12-31": "", "2006-09-30": "", "2006-06-30": "", "2006-03-31": "", "2005-12-31": "", "2005-09-30": "", "2005-06-30": "", "2005-03-31": ""}, "Share Holder Equity": {"2020-09-30": "3213.22400", "2020-06-30": "3100.40100", "2020-03-31": "2202.12600", "2019-12-31": "2258.67100", "2019-09-30": "2186.71000", "2019-06-30": "2134.82300", "2019-03-31": "2196.36200", "2018-12-31": "2129.72600", "2018-09-30": "2231.83700", "2018-06-30": "2165.75500", "2018-03-31": "2132.91400", "2017-12-31": "2116.14300", "2017-09-30": "2107.23300", "2017-06-30": "2095.10600", "2017-03-31": "2057.48300", "2016-12-31": "1963.63100", "2016-09-30": "1992.63300", "2016-06-30": "1942.57400", "2016-03-31": "1893.48200", "2015-12-31": "1773.87100", "2015-09-30": "1759.84800", "2015-06-30": "1865.94300", "2015-03-31": "1837.31800", "2014-12-31": "1928.16500", "2014-09-30": "1908.64500", "2014-06-30": "1889.50200", "2014-03-31": "1773.55900", "2013-12-31": "1764.79100", "2013-09-30": "1738.32500", "2013-06-30": "1642.64700", "2013-03-31": "1617.37000", "2012-12-31": "1553.69100", "2012-09-30": "1544.53000", "2012-06-30": "1468.46600", "2012-03-31": "1411.17900", "2011-12-31": "1345.91000", "2011-09-30": "1283.50700", "2011-06-30": "1253.30700", "2011-03-31": "1199.22400", "2010-12-31": "1148.59400", "2010-09-30": "1095.29700", "2010-06-30": "1051.35400", "2010-03-31": "1027.24500", "2009-12-31": "996.28900", "2009-09-30": "961.41100", "2009-06-30": "821.59400", "2009-03-31": "775.69500", "2008-12-31": "755.10400", "2008-09-30": "717.01600", "2008-06-30": "669.42800", "2008-03-31": "628.63900", "2007-12-31": "608.47600", "2007-09-30": "571.79300", "2007-06-30": "559.10000", "2007-03-31": "623.19300", "2006-12-31": "763.22700", "2006-09-30": "695.18100", "2006-06-30": "629.80200", "2006-03-31": "547.69300", "2005-12-31": "491.45000", "2005-09-30": "439.62400", "2005-06-30": "405.74300", "2005-03-31": "375.03300"}, "Total Liabilities And Share Holders Equity": {"2020-09-30": "11868.34000", "2020-06-30": "11732.01000", "2020-03-31": "5230.95600", "2019-12-31": "5017.63500", "2019-09-30": "5047.41100", "2019-06-30": "5067.93600", "2019-03-31": "4984.63800", "2018-12-31": "4605.03600", "2018-09-30": "4778.79100", "2018-06-30": "4714.98600", "2018-03-31": "4713.31300", "2017-12-31": "4735.46800", "2017-09-30": "4764.46800", "2017-06-30": "4623.67100", "2017-03-31": "4511.24900", "2016-12-31": "4431.84100", "2016-09-30": "4609.35300", "2016-06-30": "4692.67600", "2016-03-31": "4690.82800", "2015-12-31": "4569.72600", "2015-09-30": "4642.50900", "2015-06-30": "4726.36700", "2015-03-31": "4612.38000", "2014-12-31": "4754.43700", "2014-09-30": "4905.46800", "2014-06-30": "4929.13200", "2014-03-31": "4711.06900", "2013-12-31": "4648.89300", "2013-09-30": "4679.47100", "2013-06-30": "4635.69400", "2013-03-31": "4669.24400", "2012-12-31": "4629.62900", "2012-09-30": "3419.99400", "2012-06-30": "3186.68700", "2012-03-31": "3147.20100", "2011-12-31": "3078.45200", "2011-09-30": "3067.42400", "2011-06-30": "3025.95700", "2011-03-31": "2952.51500", "2010-12-31": "2826.77400", "2010-09-30": "2635.25900", "2010-06-30": "2532.60400", "2010-03-31": "2539.15300", "2009-12-31": "2494.19300", "2009-09-30": "2498.73700", "2009-06-30": "2519.56800", "2009-03-31": "2572.70200", "2008-12-31": "2719.86100", "2008-09-30": "2920.89500", "2008-06-30": "2899.18600", "2008-03-31": "2790.14200", "2007-12-31": "2859.88700", "2007-09-30": "2879.93100", "2007-06-30": "2840.84900", "2007-03-31": "2788.26300", "2006-12-31": "2823.98300", "2006-09-30": "1868.09900", "2006-06-30": "1765.93400", "2006-03-31": "1684.73300", "2005-12-31": "1651.15900", "2005-09-30": "1738.84400", "2005-06-30": "1279.54300", "2005-03-31": "1279.52600"}}, "cash flow statement": {"Net Income/Loss": {"2019-12-31": "222.19800", "2018-12-31": "225.35500", "2017-12-31": "163.13300", "2016-12-31": "101.12000", "2015-12-31": "208.37300", "2014-12-31": "275.43700", "2013-12-31": "276.51800", "2012-12-31": "201.75900", "2011-12-31": "196.24000", "2010-12-31": "115.47700", "2009-12-31": "105.08800", "2008-12-31": "204.13300", "2007-12-31": "232.55700", "2006-12-31": "217.32000", "2005-12-31": "103.52600"}, "Total Depreciation And Amortization - Cash Flow": {"2019-12-31": "62.10700", "2018-12-31": "62.99700", "2017-12-31": "64.01700", "2016-12-31": "73.54200", "2015-12-31": "77.16300", "2014-12-31": "76.57900", "2013-12-31": "76.83000", "2012-12-31": "42.47600", "2011-12-31": "38.54100", "2010-12-31": "30.78100", "2009-12-31": "41.34500", "2008-12-31": "44.61700", "2007-12-31": "54.21300", "2006-12-31": "31.18000", "2005-12-31": "16.78400"}, "Other Non-Cash Items": {"2019-12-31": "32.26700", "2018-12-31": "25.58200", "2017-12-31": "-35.58700", "2016-12-31": "91.25200", "2015-12-31": "55.70400", "2014-12-31": "7.27100", "2013-12-31": "44.88900", "2012-12-31": "19.84900", "2011-12-31": "26.57700", "2010-12-31": "39.64600", "2009-12-31": "-0.08700", "2008-12-31": "-0.39200", "2007-12-31": "2.72800", "2006-12-31": "-7.31600", "2005-12-31": "14.78300"}, "Total Non-Cash Items": {"2019-12-31": "94.37400", "2018-12-31": "88.57900", "2017-12-31": "28.43000", "2016-12-31": "164.79400", "2015-12-31": "132.86700", "2014-12-31": "83.85000", "2013-12-31": "121.71900", "2012-12-31": "62.32500", "2011-12-31": "65.11800", "2010-12-31": "70.42700", "2009-12-31": "41.25800", "2008-12-31": "44.22500", "2007-12-31": "56.94100", "2006-12-31": "23.86400", "2005-12-31": "31.56700"}, "Change In Accounts Receivable": {"2019-12-31": "11.45300", "2018-12-31": "-22.93400", "2017-12-31": "-112.97700", "2016-12-31": "56.76700", "2015-12-31": "97.34400", "2014-12-31": "-100.68800", "2013-12-31": "-73.44700", "2012-12-31": "36.41500", "2011-12-31": "-143.49100", "2010-12-31": "-118.47800", "2009-12-31": "179.66200", "2008-12-31": "28.35200", "2007-12-31": "4.46200", "2006-12-31": "-18.33200", "2005-12-31": "105.34000"}, "Change In Inventories": {"2019-12-31": "-47.29700", "2018-12-31": "-8.70200", "2017-12-31": "-119.00200", "2016-12-31": "-1.61200", "2015-12-31": "2.41000", "2014-12-31": "-36.84700", "2013-12-31": "-9.33900", "2012-12-31": "-29.33900", "2011-12-31": "-33.76900", "2010-12-31": "-33.95600", "2009-12-31": "107.84800", "2008-12-31": "26.55600", "2007-12-31": "-33.63200", "2006-12-31": "-27.67300", "2005-12-31": "-60.22000"}, "Change In Accounts Payable": {"2019-12-31": "23.50500", "2018-12-31": "9.19300", "2017-12-31": "102.87000", "2016-12-31": "-40.60700", "2015-12-31": "-55.91400", "2014-12-31": "37.58700", "2013-12-31": "37.78900", "2012-12-31": "-24.34600", "2011-12-31": "101.67700", "2010-12-31": "53.90200", "2009-12-31": "-114.28900", "2008-12-31": "-31.19800", "2007-12-31": "19.43600", "2006-12-31": "-27.87300", "2005-12-31": "95.65700"}, "Change In Assets/Liabilities": {"2019-12-31": "-29.61000", "2018-12-31": "-9.89500", "2017-12-31": "61.96400", "2016-12-31": "27.23300", "2015-12-31": "-75.38900", "2014-12-31": "-15.80200", "2013-12-31": "-18.93600", "2012-12-31": "43.86800", "2011-12-31": "-28.23000", "2010-12-31": "5.48900", "2009-12-31": "-8.48500", "2008-12-31": "8.40800", "2007-12-31": "2.23000", "2006-12-31": "21.05200", "2005-12-31": "12.52700"}, "Total Change In Assets/Liabilities": {"2019-12-31": "-81.03000", "2018-12-31": "-13.56100", "2017-12-31": "-42.46600", "2016-12-31": "39.85900", "2015-12-31": "-46.56400", "2014-12-31": "-108.13100", "2013-12-31": "-83.09600", "2012-12-31": "24.10000", "2011-12-31": "-93.82500", "2010-12-31": "-58.62100", "2009-12-31": "145.31800", "2008-12-31": "31.50300", "2007-12-31": "-27.22000", "2006-12-31": "-34.10100", "2005-12-31": "160.00400"}, "Cash Flow From Operating Activities": {"2019-12-31": "224.36700", "2018-12-31": "296.72100", "2017-12-31": "149.12200", "2016-12-31": "300.23500", "2015-12-31": "283.04900", "2014-12-31": "251.15600", "2013-12-31": "315.14100", "2012-12-31": "288.18400", "2011-12-31": "167.53300", "2010-12-31": "127.28300", "2009-12-31": "291.66400", "2008-12-31": "279.86100", "2007-12-31": "262.27800", "2006-12-31": "207.08300", "2005-12-31": "295.09700"}, "Net Change In Property, Plant, And Equipment": {"2019-12-31": "-27.27200", "2018-12-31": "-23.74900", "2017-12-31": "-14.74100", "2016-12-31": "-9.59600", "2015-12-31": "-18.63500", "2014-12-31": "-5.55700", "2013-12-31": "-17.01800", "2012-12-31": "-21.52600", "2011-12-31": "-33.25000", "2010-12-31": "-14.20000", "2009-12-31": "-12.85000", "2008-12-31": "-31.49000", "2007-12-31": "-15.63100", "2006-12-31": "-13.73500", "2005-12-31": "-14.15400"}, "Net Change In Intangible Assets": {"2019-12-31": "", "2018-12-31": "", "2017-12-31": "", "2016-12-31": "", "2015-12-31": "", "2014-12-31": "", "2013-12-31": "", "2012-12-31": "", "2011-12-31": "", "2010-12-31": "", "2009-12-31": "", "2008-12-31": "", "2007-12-31": "", "2006-12-31": "", "2005-12-31": ""}, "Net Acquisitions/Divestitures": {"2019-12-31": "-27.59700", "2018-12-31": "", "2017-12-31": "", "2016-12-31": "-50.89000", "2015-12-31": "-151.59500", "2014-12-31": "-138.63000", "2013-12-31": "", "2012-12-31": "-1289.48000", "2011-12-31": "-48.09300", "2010-12-31": "-225.39700", "2009-12-31": "-0.26200", "2008-12-31": "47.92000", "2007-12-31": "-32.39800", "2006-12-31": "-540.44700", "2005-12-31": "-278.82900"}, "Net Change In Short-term Investments": {"2019-12-31": "", "2018-12-31": "", "2017-12-31": "", "2016-12-31": "", "2015-12-31": "", "2014-12-31": "", "2013-12-31": "", "2012-12-31": "", "2011-12-31": "", "2010-12-31": "", "2009-12-31": "", "2008-12-31": "", "2007-12-31": "", "2006-12-31": "", "2005-12-31": ""}, "Net Change In Long-Term Investments": {"2019-12-31": "", "2018-12-31": "", "2017-12-31": "", "2016-12-31": "", "2015-12-31": "", "2014-12-31": "", "2013-12-31": "", "2012-12-31": "", "2011-12-31": "", "2010-12-31": "", "2009-12-31": "", "2008-12-31": "", "2007-12-31": "", "2006-12-31": "", "2005-12-31": ""}, "Net Change In Investments - Total": {"2019-12-31": "", "2018-12-31": "", "2017-12-31": "", "2016-12-31": "", "2015-12-31": "", "2014-12-31": "", "2013-12-31": "", "2012-12-31": "", "2011-12-31": "", "2010-12-31": "", "2009-12-31": "", "2008-12-31": "", "2007-12-31": "", "2006-12-31": "", "2005-12-31": ""}, "Investing Activities - Other": {"2019-12-31": "-5.93100", "2018-12-31": "-10.39300", "2017-12-31": "9.44600", "2016-12-31": "-10.00000", "2015-12-31": "", "2014-12-31": "", "2013-12-31": "-1.20500", "2012-12-31": "", "2011-12-31": "", "2010-12-31": "19.05400", "2009-12-31": "2.42000", "2008-12-31": "", "2007-12-31": "", "2006-12-31": "-1.74500", "2005-12-31": "2.01400"}, "Cash Flow From Investing Activities": {"2019-12-31": "-60.80000", "2018-12-31": "-34.14200", "2017-12-31": "-5.29500", "2016-12-31": "-70.48600", "2015-12-31": "-170.23000", "2014-12-31": "-144.18700", "2013-12-31": "-18.22300", "2012-12-31": "-1311.00600", "2011-12-31": "-81.34300", "2010-12-31": "-220.54300", "2009-12-31": "-10.69200", "2008-12-31": "16.43000", "2007-12-31": "-48.02900", "2006-12-31": "-555.92700", "2005-12-31": "-290.96900"}, "Net Long-Term Debt": {"2019-12-31": "87.98710", "2018-12-31": "-125.40300", "2017-12-31": "-52.00000", "2016-12-31": "-240.83010", "2015-12-31": "92.75810", "2014-12-31": "-75.59300", "2013-12-31": "-253.72090", "2012-12-31": "1053.23600", "2011-12-31": "-84.09090", "2010-12-31": "33.45610", "2009-12-31": "-255.58200", "2008-12-31": "6.95500", "2007-12-31": "83.97410", "2006-12-31": "343.61300", "2005-12-31": "-19.85600"}, "Net Current Debt": {"2019-12-31": "-29.57600", "2018-12-31": "-21.31100", "2017-12-31": "19.98800", "2016-12-31": "-24.95000", "2015-12-31": "0.68000", "2014-12-31": "13.48100", "2013-12-31": "12.65300", "2012-12-31": "6.31700", "2011-12-31": "19.89900", "2010-12-31": "-4.60100", "2009-12-31": "1.82300", "2008-12-31": "-213.58100", "2007-12-31": "120.61600", "2006-12-31": "24.13800", "2005-12-31": "3.69500"}, "Debt Issuance/Retirement Net - Total": {"2019-12-31": "58.41110", "2018-12-31": "-146.71400", "2017-12-31": "-32.01200", "2016-12-31": "-265.78010", "2015-12-31": "93.43810", "2014-12-31": "-62.11200", "2013-12-31": "-241.06790", "2012-12-31": "1059.55300", "2011-12-31": "-64.19190", "2010-12-31": "28.85510", "2009-12-31": "-253.75900", "2008-12-31": "-206.62600", "2007-12-31": "204.59010", "2006-12-31": "367.75100", "2005-12-31": "-16.16100"}, "Net Common Equity Issued/Repurchased": {"2019-12-31": "-153.04900", "2018-12-31": "-127.16900", "2017-12-31": "-106.79200", "2016-12-31": "-4.81800", "2015-12-31": "-155.80500", "2014-12-31": "-6.38400", "2013-12-31": "-7.86000", "2012-12-31": "-9.10600", "2011-12-31": "-7.42100", "2010-12-31": "1.11600", "2009-12-31": "1.31300", "2008-12-31": "-68.13000", "2007-12-31": "-434.80200", "2006-12-31": "6.86200", "2005-12-31": "8.17300"}, "Net Total Equity Issued/Repurchased": {"2019-12-31": "-153.04900", "2018-12-31": "-127.16900", "2017-12-31": "-106.79200", "2016-12-31": "-4.81800", "2015-12-31": "-155.80500", "2014-12-31": "-6.38400", "2013-12-31": "-7.86000", "2012-12-31": "-9.10600", "2011-12-31": "-7.42100", "2010-12-31": "1.11600", "2009-12-31": "1.31300", "2008-12-31": "-68.13000", "2007-12-31": "-434.80200", "2006-12-31": "6.86200", "2005-12-31": "8.17300"}, "Total Common And Preferred Stock Dividends Paid": {"2019-12-31": "", "2018-12-31": "", "2017-12-31": "", "2016-12-31": "", "2015-12-31": "", "2014-12-31": "", "2013-12-31": "", "2012-12-31": "", "2011-12-31": "", "2010-12-31": "", "2009-12-31": "", "2008-12-31": "", "2007-12-31": "", "2006-12-31": "", "2005-12-31": ""}, "Financial Activities - Other": {"2019-12-31": "-15.12800", "2018-12-31": "-1.21100", "2017-12-31": "-2.39200", "2016-12-31": "-5.66500", "2015-12-31": "-5.44800", "2014-12-31": "-26.99400", "2013-12-31": "-8.59100", "2012-12-31": "-6.39900", "2011-12-31": "0.70500", "2010-12-31": "0.66400", "2009-12-31": "-12.49900", "2008-12-31": "9.76700", "2007-12-31": "17.60600", "2006-12-31": "25.50200", "2005-12-31": "-9.04300"}, "Cash Flow From Financial Activities": {"2019-12-31": "-109.76600", "2018-12-31": "-275.09400", "2017-12-31": "-141.19600", "2016-12-31": "-276.26300", "2015-12-31": "-67.81500", "2014-12-31": "-95.49000", "2013-12-31": "-257.51900", "2012-12-31": "1044.04800", "2011-12-31": "-70.90800", "2010-12-31": "30.63500", "2009-12-31": "-264.94500", "2008-12-31": "-264.98900", "2007-12-31": "-212.60600", "2006-12-31": "400.11500", "2005-12-31": "-17.03100"}, "Net Cash Flow": {"2019-12-31": "54.55900", "2018-12-31": "-21.61000", "2017-12-31": "7.82200", "2016-12-31": "-50.14800", "2015-12-31": "31.96000", "2014-12-31": "4.59400", "2013-12-31": "37.62600", "2012-12-31": "22.23000", "2011-12-31": "10.29200", "2010-12-31": "-58.75200", "2009-12-31": "25.99100", "2008-12-31": "14.04100", "2007-12-31": "-1.09800", "2006-12-31": "51.27000", "2005-12-31": "-12.39800"}, "Stock-Based Compensation": {"2019-12-31": "19.06200", "2018-12-31": "16.44500", "2017-12-31": "14.80900", "2016-12-31": "12.49300", "2015-12-31": "12.89900", "2014-12-31": "14.76600", "2013-12-31": "15.91700", "2012-12-31": "15.08800", "2011-12-31": "15.40700", "2010-12-31": "15.75200", "2009-12-31": "13.32400", "2008-12-31": "12.88600", "2007-12-31": "", "2006-12-31": "", "2005-12-31": ""}, "Common Stock Dividends Paid": {"2019-12-31": "", "2018-12-31": "", "2017-12-31": "", "2016-12-31": "", "2015-12-31": "", "2014-12-31": "", "2013-12-31": "", "2012-12-31": "", "2011-12-31": "", "2010-12-31": "", "2009-12-31": "", "2008-12-31": "", "2007-12-31": "", "2006-12-31": "", "2005-12-31": ""}}, "cash flow statement, quarterly": {"Net Income/Loss": {"2020-09-30": 80.038, "2020-06-30": -34.46, "2020-03-31": "34.17500", "2019-12-31": 52.693, "2019-09-30": 64.341, "2019-06-30": 63.214, "2019-03-31": "41.95000", "2018-12-31": 58.066, "2018-09-30": 66.645, "2018-06-30": 57.673, "2018-03-31": "42.97100", "2017-12-31": 22.218, "2017-09-30": 53.581, "2017-06-30": 49.534, "2017-03-31": "37.80000", "2016-12-31": 47.753, "2016-09-30": -31.02, "2016-06-30": 49.853, "2016-03-31": "34.53400", "2015-12-31": 48.56, "2015-09-30": 62.382, "2015-06-30": 50.638, "2015-03-31": "46.79300", "2014-12-31": 73.978, "2014-09-30": 80.817, "2014-06-30": 68.787, "2014-03-31": "51.85500", "2013-12-31": 57.956, "2013-09-30": 69.118, "2013-06-30": 65.35, "2013-03-31": "84.09400", "2012-12-31": 26.496, "2012-09-30": 63.391, "2012-06-30": 58.932, "2012-03-31": "52.94000", "2011-12-31": 54.838, "2011-09-30": 53.89, "2011-06-30": 50.207, "2011-03-31": "37.30500", "2010-12-31": 34.823, "2010-09-30": 33.661, "2010-06-30": 27.793, "2010-03-31": "19.20000", "2009-12-31": 21.753, "2009-09-30": 33.619, "2009-06-30": 26.454, "2009-03-31": "23.26200", "2008-12-31": 39.728, "2008-09-30": 63.727, "2008-06-30": 57.988, "2008-03-31": "42.69000", "2007-12-31": 52.958, "2007-09-30": 71.774, "2007-06-30": 59.667, "2007-03-31": "48.15800", "2006-12-31": 58.307, "2006-09-30": 59.385, "2006-06-30": 55.178, "2006-03-31": "44.45000", "2005-12-31": 39.735, "2005-09-30": 25.008, "2005-06-30": 27.439, "2005-03-31": "11.34400"}, "Total Depreciation And Amortization - Cash Flow": {"2020-09-30": 45.476, "2020-06-30": 18.755, "2020-03-31": "16.09300", "2019-12-31": 16.072, "2019-09-30": 15.611, "2019-06-30": 15.182, "2019-03-31": "15.24200", "2018-12-31": 15.676, "2018-09-30": 15.618, "2018-06-30": 15.824, "2018-03-31": "15.87900", "2017-12-31": 16.259, "2017-09-30": 16.072, "2017-06-30": 15.721, "2017-03-31": "15.96500", "2016-12-31": 23.273, "2016-09-30": 16.937, "2016-06-30": 16.958, "2016-03-31": "16.37400", "2015-12-31": 28.816, "2015-09-30": 16.287, "2015-06-30": 16.139, "2015-03-31": "15.92100", "2014-12-31": 25.603, "2014-09-30": 17.418, "2014-06-30": 17.186, "2014-03-31": "16.37200", "2013-12-31": 26.157, "2013-09-30": 16.803, "2013-06-30": 17.153, "2013-03-31": "16.71700", "2012-12-31": 16.045, "2012-09-30": 9.91, "2012-06-30": 8.442, "2012-03-31": "8.07900", "2011-12-31": 9.992, "2011-09-30": 10.829, "2011-06-30": 8.913, "2011-03-31": "8.80700", "2010-12-31": 7.385, "2010-09-30": 7.814, "2010-06-30": 7.567, "2010-03-31": "8.01500", "2009-12-31": 8.001, "2009-09-30": 10.108, "2009-06-30": 11.375, "2009-03-31": "11.86100", "2008-12-31": 11.04, "2008-09-30": 11.016, "2008-06-30": 11.161, "2008-03-31": "11.40000", "2007-12-31": 24.164, "2007-09-30": 10.006, "2007-06-30": 10.144, "2007-03-31": "9.89900", "2006-12-31": 10.254, "2006-09-30": 7.208, "2006-06-30": 6.884, "2006-03-31": "6.83400", "2005-12-31": 4.521, "2005-09-30": 3.874, "2005-06-30": 3.898, "2005-03-31": "4.49100"}, "Other Non-Cash Items": {"2020-09-30": -9.323, "2020-06-30": -0.917, "2020-03-31": "1.97900", "2019-12-31": 27.646, "2019-09-30": 2.638, "2019-06-30": 1.09, "2019-03-31": "0.89300", "2018-12-31": 13.388, "2018-09-30": 6.094, "2018-06-30": 3.364, "2018-03-31": "2.73600", "2017-12-31": -44.02, "2017-09-30": 2.029, "2017-06-30": 4.114, "2017-03-31": "2.29000", "2016-12-31": -10.839, "2016-09-30": 88.666, "2016-06-30": 6.952, "2016-03-31": "6.47300", "2015-12-31": 29.365, "2015-09-30": 9.622, "2015-06-30": 8.868, "2015-03-31": "7.84900", "2014-12-31": -10.576, "2014-09-30": 4.128, "2014-06-30": 5.855, "2014-03-31": "7.86400", "2013-12-31": 8.403, "2013-09-30": 9.726, "2013-06-30": 6.667, "2013-03-31": "20.09300", "2012-12-31": -13.807, "2012-09-30": 11.177, "2012-06-30": 15.234, "2012-03-31": "7.24500", "2011-12-31": 8.286, "2011-09-30": 0.362, "2011-06-30": 13.891, "2011-03-31": "4.03800", "2010-12-31": 31.798, "2010-09-30": 4.025, "2010-06-30": -0.625, "2010-03-31": "4.44800", "2009-12-31": -10.352, "2009-09-30": -2.235, "2009-06-30": 5.83, "2009-03-31": "6.67000", "2008-12-31": 6.03, "2008-09-30": 5.644, "2008-06-30": -12.835, "2008-03-31": "0.76900", "2007-12-31": 8.436, "2007-09-30": -5.092, "2007-06-30": 12.637, "2007-03-31": "-13.25300", "2006-12-31": 14.123, "2006-09-30": -3.83, "2006-06-30": -13.834, "2006-03-31": "-3.77500", "2005-12-31": 0.983, "2005-09-30": 10.415, "2005-06-30": 0.672, "2005-03-31": "2.71300"}, "Total Non-Cash Items": {"2020-09-30": 36.153, "2020-06-30": 17.838, "2020-03-31": "18.07200", "2019-12-31": 43.718, "2019-09-30": 18.249, "2019-06-30": 16.272, "2019-03-31": "16.13500", "2018-12-31": 29.064, "2018-09-30": 21.712, "2018-06-30": 19.188, "2018-03-31": "18.61500", "2017-12-31": -27.761, "2017-09-30": 18.101, "2017-06-30": 19.835, "2017-03-31": "18.25500", "2016-12-31": 12.434, "2016-09-30": 105.603, "2016-06-30": 23.91, "2016-03-31": "22.84700", "2015-12-31": 58.181, "2015-09-30": 25.909, "2015-06-30": 25.007, "2015-03-31": "23.77000", "2014-12-31": 15.027, "2014-09-30": 21.546, "2014-06-30": 23.041, "2014-03-31": "24.23600", "2013-12-31": 34.56, "2013-09-30": 26.529, "2013-06-30": 23.82, "2013-03-31": "36.81000", "2012-12-31": 2.238, "2012-09-30": 21.087, "2012-06-30": 23.676, "2012-03-31": "15.32400", "2011-12-31": 18.278, "2011-09-30": 11.191, "2011-06-30": 22.804, "2011-03-31": "12.84500", "2010-12-31": 39.183, "2010-09-30": 11.839, "2010-06-30": 6.942, "2010-03-31": "12.46300", "2009-12-31": -2.351, "2009-09-30": 7.873, "2009-06-30": 17.205, "2009-03-31": "18.53100", "2008-12-31": 17.07, "2008-09-30": 16.66, "2008-06-30": -1.674, "2008-03-31": "12.16900", "2007-12-31": 32.6, "2007-09-30": 4.914, "2007-06-30": 22.781, "2007-03-31": "-3.35400", "2006-12-31": 24.377, "2006-09-30": 3.378, "2006-06-30": -6.95, "2006-03-31": "3.05900", "2005-12-31": 5.504, "2005-09-30": 14.289, "2005-06-30": 4.57, "2005-03-31": "7.20400"}, "Change In Accounts Receivable": {"2020-09-30": -60.896, "2020-06-30": 84.486, "2020-03-31": "-34.70800", "2019-12-31": 118.906, "2019-09-30": 17.784, "2019-06-30": -70.966, "2019-03-31": "-54.27100", "2018-12-31": 61.422, "2018-09-30": -20.219, "2018-06-30": -56.614, "2018-03-31": "-7.52300", "2017-12-31": 57.269, "2017-09-30": -167.529, "2017-06-30": 1.115, "2017-03-31": "-3.83200", "2016-12-31": 44.318, "2016-09-30": 0.257, "2016-06-30": -23.319, "2016-03-31": "35.51100", "2015-12-31": 82.25, "2015-09-30": -57.689, "2015-06-30": 51.003, "2015-03-31": "21.78000", "2014-12-31": 76.529, "2014-09-30": -68.092, "2014-06-30": -76.708, "2014-03-31": "-32.41700", "2013-12-31": 50.434, "2013-09-30": -18.917, "2013-06-30": -30.692, "2013-03-31": "-74.27200", "2012-12-31": 100.432, "2012-09-30": -4.952, "2012-06-30": -20.851, "2012-03-31": "-38.21400", "2011-12-31": 11.195, "2011-09-30": -48.208, "2011-06-30": -36.767, "2011-03-31": "-69.71100", "2010-12-31": 31.091, "2010-09-30": -69.365, "2010-06-30": -38.981, "2010-03-31": "-41.22300", "2009-12-31": 30.804, "2009-09-30": 15.921, "2009-06-30": 19.083, "2009-03-31": "113.85400", "2008-12-31": 127.751, "2008-09-30": -29.317, "2008-06-30": -53.186, "2008-03-31": "-16.89600", "2007-12-31": 66.743, "2007-09-30": -21.655, "2007-06-30": -5.986, "2007-03-31": "-34.64000", "2006-12-31": 118.23, "2006-09-30": -83.81, "2006-06-30": -33.433, "2006-03-31": "-19.31900", "2005-12-31": 113.871, "2005-09-30": -65.949, "2005-06-30": -1.151, "2005-03-31": "58.56900"}, "Change In Inventories": {"2020-09-30": 22.25, "2020-06-30": 17.624, "2020-03-31": "37.80700", "2019-12-31": -45.797, "2019-09-30": 38.155, "2019-06-30": 1.113, "2019-03-31": "-40.76800", "2018-12-31": -31.891, "2018-09-30": 11.782, "2018-06-30": 8.415, "2018-03-31": "2.99200", "2017-12-31": -32.266, "2017-09-30": -49.859, "2017-06-30": -10.515, "2017-03-31": "-26.36200", "2016-12-31": 6.039, "2016-09-30": -3.274, "2016-06-30": 13.146, "2016-03-31": "-17.52300", "2015-12-31": 41.272, "2015-09-30": -12.12, "2015-06-30": -13.494, "2015-03-31": "-13.24800", "2014-12-31": 17.206, "2014-09-30": -9.143, "2014-06-30": -27.537, "2014-03-31": "-17.37300", "2013-12-31": 2.404, "2013-09-30": 15.976, "2013-06-30": -25.278, "2013-03-31": "-2.44100", "2012-12-31": -13.311, "2012-09-30": 1.358, "2012-06-30": -19.372, "2012-03-31": "1.98600", "2011-12-31": 10.386, "2011-09-30": -3.346, "2011-06-30": -2.143, "2011-03-31": "-38.66600", "2010-12-31": 6.903, "2010-09-30": -19.015, "2010-06-30": -23.909, "2010-03-31": "2.06500", "2009-12-31": -9.238, "2009-09-30": 25.075, "2009-06-30": 49.131, "2009-03-31": "42.88000", "2008-12-31": 40.904, "2008-09-30": -10.481, "2008-06-30": -30.771, "2008-03-31": "26.90400", "2007-12-31": -10.027, "2007-09-30": -9.291, "2007-06-30": -22.084, "2007-03-31": "7.77000", "2006-12-31": 11.031, "2006-09-30": -5.954, "2006-06-30": -25.807, "2006-03-31": "-6.94300", "2005-12-31": -45.894, "2005-09-30": -10.732, "2005-06-30": -5.631, "2005-03-31": "2.03700"}, "Change In Accounts Payable": {"2020-09-30": 163.574, "2020-06-30": -72.227, "2020-03-31": "-10.85800", "2019-12-31": -23.397, "2019-09-30": -15.582, "2019-06-30": -5.601, "2019-03-31": "68.08500", "2018-12-31": -9.042, "2018-09-30": -7.838, "2018-06-30": 17.996, "2018-03-31": "8.07700", "2017-12-31": -35.478, "2017-09-30": 138.348, "2017-06-30": -26.071, "2017-03-31": "26.07100", "2016-12-31": -10.318, "2016-09-30": -11.507, "2016-06-30": -22.005, "2016-03-31": "3.22300", "2015-12-31": -86.303, "2015-09-30": 29.543, "2015-06-30": -19.743, "2015-03-31": "20.58900", "2014-12-31": -69.299, "2014-09-30": 59.804, "2014-06-30": 3.478, "2014-03-31": "43.60400", "2013-12-31": -12.357, "2013-09-30": -3.11, "2013-06-30": 11.492, "2013-03-31": "41.76400", "2012-12-31": -62.886, "2012-09-30": -22.682, "2012-06-30": 10.892, "2012-03-31": "50.33000", "2011-12-31": -8.873, "2011-09-30": 29.687, "2011-06-30": -26.534, "2011-03-31": "107.39700", "2010-12-31": -64.448, "2010-09-30": 32.594, "2010-06-30": 6.832, "2010-03-31": "78.92400", "2009-12-31": -44.591, "2009-09-30": 2.925, "2009-06-30": -27.228, "2009-03-31": "-45.39500", "2008-12-31": -161.019, "2008-09-30": 32.935, "2008-06-30": 73.468, "2008-03-31": "23.41800", "2007-12-31": -58.2, "2007-09-30": 11.129, "2007-06-30": 10.609, "2007-03-31": "55.89800", "2006-12-31": -58.367, "2006-09-30": -4.947, "2006-06-30": 31.959, "2006-03-31": "3.48200", "2005-12-31": -2.784, "2005-09-30": 59.013, "2005-06-30": 5.932, "2005-03-31": "33.49600"}, "Change In Assets/Liabilities": {"2020-09-30": 30.229, "2020-06-30": 61.479, "2020-03-31": "4.25300", "2019-12-31": -13.343, "2019-09-30": -4.107, "2019-06-30": -31.788, "2019-03-31": "19.62800", "2018-12-31": 9.895, "2018-09-30": -0.382, "2018-06-30": -26.745, "2018-03-31": "7.33700", "2017-12-31": 74.325, "2017-09-30": 4.22, "2017-06-30": -29.377, "2017-03-31": "12.79600", "2016-12-31": -1.139, "2016-09-30": 17.773, "2016-06-30": 0.808, "2016-03-31": "9.79100", "2015-12-31": -13.129, "2015-09-30": -15.611, "2015-06-30": -55.991, "2015-03-31": "9.34200", "2014-12-31": 2.768, "2014-09-30": -8.274, "2014-06-30": -1.756, "2014-03-31": "-8.54000", "2013-12-31": 36.657, "2013-09-30": -36.983, "2013-06-30": -32.508, "2013-03-31": "13.89800", "2012-12-31": 32.278, "2012-09-30": 6.921, "2012-06-30": 3.017, "2012-03-31": "1.65200", "2011-12-31": -2.793, "2011-09-30": -8.518, "2011-06-30": -16.212, "2011-03-31": "-0.70700", "2010-12-31": -9.564, "2010-09-30": 3.894, "2010-06-30": 9.463, "2010-03-31": "1.69600", "2009-12-31": 2.438, "2009-09-30": -1.679, "2009-06-30": -6.768, "2009-03-31": "-2.47600", "2008-12-31": -13.583, "2008-09-30": 3.661, "2008-06-30": 0.186, "2008-03-31": "18.14400", "2007-12-31": -35.478, "2007-09-30": 14.569, "2007-06-30": -7.583, "2007-03-31": "30.72200", "2006-12-31": -30.192, "2006-09-30": 23.254, "2006-06-30": 3.797, "2006-03-31": "24.19300", "2005-12-31": 4.616, "2005-09-30": -0.17, "2005-06-30": 2.059, "2005-03-31": "6.02200"}, "Total Change In Assets/Liabilities": {"2020-09-30": 179.328, "2020-06-30": 112.036, "2020-03-31": "-22.47900", "2019-12-31": 33.343, "2019-09-30": 43.934, "2019-06-30": -123.13, "2019-03-31": "-35.17700", "2018-12-31": 46.373, "2018-09-30": 2.719, "2018-06-30": -48.975, "2018-03-31": "-13.67800", "2017-12-31": 86.146, "2017-09-30": -61.651, "2017-06-30": -53.866, "2017-03-31": "-13.09500", "2016-12-31": 39.626, "2016-09-30": 3.16, "2016-06-30": -19.397, "2016-03-31": "16.47000", "2015-12-31": 29.469, "2015-09-30": -49.758, "2015-06-30": -38.103, "2015-03-31": "11.82800", "2014-12-31": 27.075, "2014-09-30": -12.247, "2014-06-30": -91.379, "2014-03-31": "-31.58000", "2013-12-31": 57.975, "2013-09-30": -43.034, "2013-06-30": -54.695, "2013-03-31": "-43.34200", "2012-12-31": 65.464, "2012-09-30": -9.831, "2012-06-30": -21.397, "2012-03-31": "-10.13600", "2011-12-31": 22.589, "2011-09-30": -15.77, "2011-06-30": -82.275, "2011-03-31": "-18.36900", "2010-12-31": -22.22, "2010-09-30": -38.759, "2010-06-30": -34.653, "2010-03-31": "37.01100", "2009-12-31": -18.592, "2009-09-30": 44.66, "2009-06-30": 26.449, "2009-03-31": "92.80100", "2008-12-31": -3.864, "2008-09-30": 5.786, "2008-06-30": -7.521, "2008-03-31": "37.10200", "2007-12-31": -30.489, "2007-09-30": 2.249, "2007-06-30": -29.977, "2007-03-31": "30.99700", "2006-12-31": 59.329, "2006-09-30": -57.259, "2006-06-30": -21.182, "2006-03-31": "-14.98900", "2005-12-31": 83.801, "2005-09-30": -8.487, "2005-06-30": 0.685, "2005-03-31": "84.00500"}, "Cash Flow From Operating Activities": {"2020-09-30": 286.25, "2020-06-30": 101.16, "2020-03-31": "31.52800", "2019-12-31": 107.703, "2019-09-30": 125.439, "2019-06-30": -37.644, "2019-03-31": "28.86900", "2018-12-31": 122.261, "2018-09-30": 87.639, "2018-06-30": 33.828, "2018-03-31": "52.99300", "2017-12-31": 68.011, "2017-09-30": 14.342, "2017-06-30": 19.129, "2017-03-31": "47.64000", "2016-12-31": 83.047, "2016-09-30": 78.578, "2016-06-30": 60.042, "2016-03-31": "78.56800", "2015-12-31": 107.085, "2015-09-30": 43.323, "2015-06-30": 42.585, "2015-03-31": "90.05600", "2014-12-31": 111.336, "2014-09-30": 88.978, "2014-06-30": 4.129, "2014-03-31": "46.71300", "2013-12-31": 135.472, "2013-09-30": 59.942, "2013-06-30": 39.334, "2013-03-31": "80.39300", "2012-12-31": 98.501, "2012-09-30": 74.5, "2012-06-30": 56.844, "2012-03-31": "58.33900", "2011-12-31": 95.705, "2011-09-30": 49.311, "2011-06-30": -9.264, "2011-03-31": "31.78100", "2010-12-31": 51.786, "2010-09-30": 6.741, "2010-06-30": 0.082, "2010-03-31": "68.67400", "2009-12-31": 0.81, "2009-09-30": 86.152, "2009-06-30": 70.108, "2009-03-31": "134.59400", "2008-12-31": 52.934, "2008-09-30": 86.173, "2008-06-30": 48.793, "2008-03-31": "91.96100", "2007-12-31": 55.069, "2007-09-30": 78.937, "2007-06-30": 52.471, "2007-03-31": "75.80100", "2006-12-31": 142.013, "2006-09-30": 5.504, "2006-06-30": 27.046, "2006-03-31": "32.52000", "2005-12-31": 128.983, "2005-09-30": 30.867, "2005-06-30": 32.694, "2005-03-31": "102.55300"}, "Net Change In Property, Plant, And Equipment": {"2020-09-30": -15.399, "2020-06-30": -11.401, "2020-03-31": "-15.76200", "2019-12-31": 3.051, "2019-09-30": -8.921, "2019-06-30": -10.574, "2019-03-31": "-10.82800", "2018-12-31": 0, "2018-09-30": -7.365, "2018-06-30": -8.722, "2018-03-31": "-7.66200", "2017-12-31": 1.229, "2017-09-30": -6.175, "2017-06-30": -5.305, "2017-03-31": "-4.49000", "2016-12-31": 3.587, "2016-09-30": -6.097, "2016-06-30": -3.478, "2016-03-31": "-3.60800", "2015-12-31": -2.393, "2015-09-30": -3.618, "2015-06-30": -7.598, "2015-03-31": "-5.02600", "2014-12-31": 10.479, "2014-09-30": -4.251, "2014-06-30": -6.773, "2014-03-31": "-5.01200", "2013-12-31": 3.454, "2013-09-30": -8.722, "2013-06-30": -5.776, "2013-03-31": "-5.97400", "2012-12-31": -2.108, "2012-09-30": -7.118, "2012-06-30": -7.791, "2012-03-31": "-4.50900", "2011-12-31": -9.37, "2011-09-30": -8.082, "2011-06-30": -10.281, "2011-03-31": "-5.51700", "2010-12-31": -5.002, "2010-09-30": -3.354, "2010-06-30": -3.613, "2010-03-31": "-2.23100", "2009-12-31": -2.456, "2009-09-30": -4.268, "2009-06-30": -3.352, "2009-03-31": "-2.77400", "2008-12-31": -8.337, "2008-09-30": -7.359, "2008-06-30": -4.488, "2008-03-31": "-11.30600", "2007-12-31": -4.914, "2007-09-30": -4.084, "2007-06-30": -3.785, "2007-03-31": "-2.84800", "2006-12-31": -3.363, "2006-09-30": -1.675, "2006-06-30": -4.491, "2006-03-31": "-4.20600", "2005-12-31": -3.157, "2005-09-30": -3.11, "2005-06-30": -5.184, "2005-03-31": "-2.70300"}, "Net Change In Intangible Assets": {"2020-09-30": 0, "2020-06-30": 0, "2020-03-31": "", "2019-12-31": 0, "2019-09-30": 0, "2019-06-30": 0, "2019-03-31": "", "2018-12-31": 0, "2018-09-30": 0, "2018-06-30": 0, "2018-03-31": "", "2017-12-31": 0, "2017-09-30": 0, "2017-06-30": 0, "2017-03-31": "", "2016-12-31": 0, "2016-09-30": 0, "2016-06-30": 0, "2016-03-31": "", "2015-12-31": 0, "2015-09-30": 0, "2015-06-30": 0, "2015-03-31": "", "2014-12-31": 0, "2014-09-30": 0, "2014-06-30": 0, "2014-03-31": "", "2013-12-31": 0, "2013-09-30": 0, "2013-06-30": 0, "2013-03-31": "", "2012-12-31": 0, "2012-09-30": 0, "2012-06-30": 0, "2012-03-31": "", "2011-12-31": 0, "2011-09-30": 0, "2011-06-30": 0, "2011-03-31": "", "2010-12-31": 0, "2010-09-30": 0, "2010-06-30": 0, "2010-03-31": "", "2009-12-31": 0, "2009-09-30": 0, "2009-06-30": 0, "2009-03-31": "", "2008-12-31": 0, "2008-09-30": 0, "2008-06-30": 0, "2008-03-31": "", "2007-12-31": 0, "2007-09-30": 0, "2007-06-30": 0, "2007-03-31": "", "2006-12-31": 0, "2006-09-30": 0, "2006-06-30": 0, "2006-03-31": "", "2005-12-31": 0, "2005-09-30": 0, "2005-06-30": 0, "2005-03-31": ""}, "Net Acquisitions/Divestitures": {"2020-09-30": 0.75, "2020-06-30": -3608.325, "2020-03-31": "-100.00000", "2019-12-31": 0.145, "2019-09-30": 0, "2019-06-30": 0, "2019-03-31": "-27.74200", "2018-12-31": 0, "2018-09-30": 0, "2018-06-30": 0, "2018-03-31": "", "2017-12-31": 0, "2017-09-30": 0, "2017-06-30": 0, "2017-03-31": "", "2016-12-31": -0.145, "2016-09-30": 0.201, "2016-06-30": -0.598, "2016-03-31": "-50.34800", "2015-12-31": -83.093, "2015-09-30": 0, "2015-06-30": -68.502, "2015-03-31": "", "2014-12-31": 0.175, "2014-09-30": -5.487, "2014-06-30": -42.131, "2014-03-31": "-91.18700", "2013-12-31": 0, "2013-09-30": 0, "2013-06-30": 0, "2013-03-31": "", "2012-12-31": -1088.357, "2012-09-30": -179.143, "2012-06-30": 0, "2012-03-31": "-21.98000", "2011-12-31": -39.927, "2011-09-30": 0.142, "2011-06-30": -0.51, "2011-03-31": "-7.79800", "2010-12-31": -251.053, "2010-09-30": -0.048, "2010-06-30": 25.752, "2010-03-31": "-0.04800", "2009-12-31": -0.048, "2009-09-30": -0.092, "2009-06-30": -0.048, "2009-03-31": "-0.07400", "2008-12-31": -8.791, "2008-09-30": -0.038, "2008-06-30": -3.155, "2008-03-31": "59.90400", "2007-12-31": -24.538, "2007-09-30": 0.196, "2007-06-30": -4.503, "2007-03-31": "-3.55300", "2006-12-31": -529.575, "2006-09-30": 0, "2006-06-30": -9.859, "2006-03-31": "-1.01300", "2005-12-31": -0.559, "2005-09-30": -277.256, "2005-06-30": 0, "2005-03-31": "-1.01400"}, "Net Change In Short-term Investments": {"2020-09-30": 0, "2020-06-30": 0, "2020-03-31": "", "2019-12-31": 0, "2019-09-30": 0, "2019-06-30": 0, "2019-03-31": "", "2018-12-31": 0, "2018-09-30": 0, "2018-06-30": 0, "2018-03-31": "", "2017-12-31": 0, "2017-09-30": 0, "2017-06-30": 0, "2017-03-31": "", "2016-12-31": 0, "2016-09-30": 0, "2016-06-30": 0, "2016-03-31": "", "2015-12-31": 0, "2015-09-30": 0, "2015-06-30": 0, "2015-03-31": "", "2014-12-31": 0, "2014-09-30": 0, "2014-06-30": 0, "2014-03-31": "", "2013-12-31": 0, "2013-09-30": 0, "2013-06-30": 0, "2013-03-31": "", "2012-12-31": 0, "2012-09-30": 0, "2012-06-30": 0, "2012-03-31": "", "2011-12-31": 0, "2011-09-30": 0, "2011-06-30": 0, "2011-03-31": "", "2010-12-31": 0, "2010-09-30": 0, "2010-06-30": 0, "2010-03-31": "", "2009-12-31": 0, "2009-09-30": 0, "2009-06-30": 0, "2009-03-31": "", "2008-12-31": 0, "2008-09-30": 0, "2008-06-30": 0, "2008-03-31": "", "2007-12-31": 0, "2007-09-30": 0, "2007-06-30": 0, "2007-03-31": "", "2006-12-31": 0, "2006-09-30": 0, "2006-06-30": 0, "2006-03-31": "", "2005-12-31": 0, "2005-09-30": 0, "2005-06-30": 0, "2005-03-31": ""}, "Net Change In Long-Term Investments": {"2020-09-30": 0, "2020-06-30": 0, "2020-03-31": "", "2019-12-31": 0, "2019-09-30": 0, "2019-06-30": 0, "2019-03-31": "", "2018-12-31": 0, "2018-09-30": 0, "2018-06-30": 0, "2018-03-31": "", "2017-12-31": 0, "2017-09-30": 0, "2017-06-30": 0, "2017-03-31": "", "2016-12-31": 0, "2016-09-30": 0, "2016-06-30": 0, "2016-03-31": "", "2015-12-31": 0, "2015-09-30": 0, "2015-06-30": 0, "2015-03-31": "", "2014-12-31": 0, "2014-09-30": 0, "2014-06-30": 0, "2014-03-31": "", "2013-12-31": 0, "2013-09-30": 0, "2013-06-30": 0, "2013-03-31": "", "2012-12-31": 0, "2012-09-30": 0, "2012-06-30": 0, "2012-03-31": "", "2011-12-31": 0, "2011-09-30": 0, "2011-06-30": 0, "2011-03-31": "", "2010-12-31": 0, "2010-09-30": 0, "2010-06-30": 0, "2010-03-31": "", "2009-12-31": 0, "2009-09-30": 0, "2009-06-30": 0, "2009-03-31": "", "2008-12-31": 0, "2008-09-30": 0, "2008-06-30": 0, "2008-03-31": "", "2007-12-31": 0, "2007-09-30": 0, "2007-06-30": 0, "2007-03-31": "", "2006-12-31": 0, "2006-09-30": 0, "2006-06-30": 0, "2006-03-31": "", "2005-12-31": 0, "2005-09-30": 0, "2005-06-30": 0, "2005-03-31": ""}, "Net Change In Investments - Total": {"2020-09-30": 0, "2020-06-30": 0, "2020-03-31": "", "2019-12-31": 0, "2019-09-30": 0, "2019-06-30": 0, "2019-03-31": "", "2018-12-31": 0, "2018-09-30": 0, "2018-06-30": 0, "2018-03-31": "", "2017-12-31": 0, "2017-09-30": 0, "2017-06-30": 0, "2017-03-31": "", "2016-12-31": 0, "2016-09-30": 0, "2016-06-30": 0, "2016-03-31": "", "2015-12-31": 0, "2015-09-30": 0, "2015-06-30": 0, "2015-03-31": "", "2014-12-31": 0, "2014-09-30": 0, "2014-06-30": 0, "2014-03-31": "", "2013-12-31": 0, "2013-09-30": 0, "2013-06-30": 0, "2013-03-31": "", "2012-12-31": 0, "2012-09-30": 0, "2012-06-30": 0, "2012-03-31": "", "2011-12-31": 0, "2011-09-30": 0, "2011-06-30": 0, "2011-03-31": "", "2010-12-31": 0, "2010-09-30": 0, "2010-06-30": 0, "2010-03-31": "", "2009-12-31": 0, "2009-09-30": 0, "2009-06-30": 0, "2009-03-31": "", "2008-12-31": 0, "2008-09-30": 0, "2008-06-30": 0, "2008-03-31": "", "2007-12-31": 0, "2007-09-30": 0, "2007-06-30": 0, "2007-03-31": "", "2006-12-31": 0, "2006-09-30": 0, "2006-06-30": 0, "2006-03-31": "", "2005-12-31": 0, "2005-09-30": 0, "2005-06-30": 0, "2005-03-31": ""}, "Investing Activities - Other": {"2020-09-30": 18.707, "2020-06-30": 2.036, "2020-03-31": "5.49700", "2019-12-31": -10.506, "2019-09-30": 5.73, "2019-06-30": -1.208, "2019-03-31": "0.05300", "2018-12-31": -14.002, "2018-09-30": 12.293, "2018-06-30": 0.076, "2018-03-31": "-8.76000", "2017-12-31": 5.956, "2017-09-30": 0.023, "2017-06-30": 3.434, "2017-03-31": "0.03300", "2016-12-31": -6.115, "2016-09-30": 4.218, "2016-06-30": 0.045, "2016-03-31": "-8.14800", "2015-12-31": -1.791, "2015-09-30": 0.366, "2015-06-30": 0.64, "2015-03-31": "0.78500", "2014-12-31": -5.444, "2014-09-30": 5.417, "2014-06-30": -0.012, "2014-03-31": "0.03900", "2013-12-31": -10.481, "2013-09-30": -0.378, "2013-06-30": 4.71, "2013-03-31": "4.94400", "2012-12-31": 0, "2012-09-30": 0, "2012-06-30": -0.011, "2012-03-31": "0.01100", "2011-12-31": 0, "2011-09-30": 0, "2011-06-30": 0, "2011-03-31": "", "2010-12-31": 0, "2010-09-30": 0, "2010-06-30": 17.689, "2010-03-31": "1.36500", "2009-12-31": 1.092, "2009-09-30": 0.289, "2009-06-30": 1.039, "2009-03-31": "", "2008-12-31": 0, "2008-09-30": 0, "2008-06-30": 0, "2008-03-31": "", "2007-12-31": 0, "2007-09-30": 0, "2007-06-30": 0, "2007-03-31": "", "2006-12-31": -1.408, "2006-09-30": 0.208, "2006-06-30": -0.545, "2006-03-31": "", "2005-12-31": 0.822, "2005-09-30": 1.192, "2005-06-30": 0, "2005-03-31": ""}, "Cash Flow From Investing Activities": {"2020-09-30": 4.058, "2020-06-30": -3617.69, "2020-03-31": "-110.26500", "2019-12-31": -7.31, "2019-09-30": -3.191, "2019-06-30": -11.782, "2019-03-31": "-38.51700", "2018-12-31": -14.002, "2018-09-30": 4.928, "2018-06-30": -8.646, "2018-03-31": "-16.42200", "2017-12-31": 7.185, "2017-09-30": -6.152, "2017-06-30": -1.871, "2017-03-31": "-4.45700", "2016-12-31": -2.673, "2016-09-30": -1.678, "2016-06-30": -4.031, "2016-03-31": "-62.10400", "2015-12-31": -87.277, "2015-09-30": -3.252, "2015-06-30": -75.46, "2015-03-31": "-4.24100", "2014-12-31": 5.21, "2014-09-30": -4.321, "2014-06-30": -48.916, "2014-03-31": "-96.16000", "2013-12-31": -7.027, "2013-09-30": -9.1, "2013-06-30": -1.066, "2013-03-31": "-1.03000", "2012-12-31": -1090.465, "2012-09-30": -186.261, "2012-06-30": -7.802, "2012-03-31": "-26.47800", "2011-12-31": -49.297, "2011-09-30": -7.94, "2011-06-30": -10.791, "2011-03-31": "-13.31500", "2010-12-31": -256.055, "2010-09-30": -3.402, "2010-06-30": 39.828, "2010-03-31": "-0.91400", "2009-12-31": -1.412, "2009-09-30": -4.071, "2009-06-30": -2.361, "2009-03-31": "-2.84800", "2008-12-31": -17.128, "2008-09-30": -7.397, "2008-06-30": -7.643, "2008-03-31": "48.59800", "2007-12-31": -29.452, "2007-09-30": -3.888, "2007-06-30": -8.288, "2007-03-31": "-6.40100", "2006-12-31": -534.346, "2006-09-30": -1.467, "2006-06-30": -14.895, "2006-03-31": "-5.21900", "2005-12-31": -2.894, "2005-09-30": -279.174, "2005-06-30": -5.184, "2005-03-31": "-3.71700"}, "Net Long-Term Debt": {"2020-09-30": -195, "2020-06-30": 3526.163, "2020-03-31": "285.00000", "2019-12-31": -89.9999, "2019-09-30": -51.247, "2019-06-30": 183.393, "2019-03-31": "45.84100", "2018-12-31": -38.403, "2018-09-30": -33, "2018-06-30": -32, "2018-03-31": "-22.00000", "2017-12-31": -55, "2017-09-30": 33, "2017-06-30": 24, "2017-03-31": "-54.00000", "2016-12-31": -57, "2016-09-30": -107.4301, "2016-06-30": -26.4, "2016-03-31": "-50.00000", "2015-12-31": 1.1181, "2015-09-30": 18.771, "2015-06-30": 97.251, "2015-03-31": "-24.38200", "2014-12-31": -102.331, "2014-09-30": -43.05, "2014-06-30": 55.098, "2014-03-31": "14.69000", "2013-12-31": -97.6289, "2013-09-30": -41.189, "2013-06-30": -57.787, "2013-03-31": "-57.11600", "2012-12-31": 1003.988, "2012-09-30": 132.037, "2012-06-30": -50.937, "2012-03-31": "-31.85200", "2011-12-31": -83.0619, "2011-09-30": -28.076, "2011-06-30": 49.518, "2011-03-31": "-22.47100", "2010-12-31": 149.0141, "2010-09-30": -0.776, "2010-06-30": -57.343, "2010-03-31": "-57.43900", "2009-12-31": -14.324, "2009-09-30": -66.365, "2009-06-30": -126.339, "2009-03-31": "-48.55400", "2008-12-31": 167.633, "2008-09-30": -68.472, "2008-06-30": -9.074, "2008-03-31": "-83.13200", "2007-12-31": 31.354, "2007-09-30": -142.6159, "2007-06-30": 91.299, "2007-03-31": "103.93700", "2006-12-31": 394.345, "2006-09-30": -0.523, "2006-06-30": -20.676, "2006-03-31": "-29.53300", "2005-12-31": -169.578, "2005-09-30": 299.653, "2005-06-30": -31.153, "2005-03-31": "-118.77800"}, "Net Current Debt": {"2020-09-30": 0.702, "2020-06-30": -10.143, "2020-03-31": "-0.38300", "2019-12-31": 0.024, "2019-09-30": -0.3, "2019-06-30": -0.886, "2019-03-31": "-28.41400", "2018-12-31": -18.847, "2018-09-30": 4.844, "2018-06-30": -2.432, "2018-03-31": "-4.87600", "2017-12-31": 4.07, "2017-09-30": 15.023, "2017-06-30": -9.405, "2017-03-31": "10.30000", "2016-12-31": -18.262, "2016-09-30": -13.97, "2016-06-30": -8.821, "2016-03-31": "16.10300", "2015-12-31": -1.42, "2015-09-30": -2.859, "2015-06-30": 6.282, "2015-03-31": "-1.32300", "2014-12-31": 5.922, "2014-09-30": 0.457, "2014-06-30": 1.81, "2014-03-31": "5.29200", "2013-12-31": 3.489, "2013-09-30": -1.884, "2013-06-30": 5.473, "2013-03-31": "5.57500", "2012-12-31": -23.134, "2012-09-30": 16.678, "2012-06-30": 12.773, "2012-03-31": "", "2011-12-31": 6.9, "2011-09-30": 12.672, "2011-06-30": -1.333, "2011-03-31": "1.66000", "2010-12-31": 1.944, "2010-09-30": 3.115, "2010-06-30": -4.265, "2010-03-31": "-5.39500", "2009-12-31": 12.945, "2009-09-30": -1.934, "2009-06-30": 52.76, "2009-03-31": "-61.94800", "2008-12-31": -208.342, "2008-09-30": -6.102, "2008-06-30": 12.725, "2008-03-31": "-11.86200", "2007-12-31": -19.686, "2007-09-30": 136.931, "2007-06-30": 7.46, "2007-03-31": "-4.08900", "2006-12-31": 10.71, "2006-09-30": 17.123, "2006-06-30": -5.598, "2006-03-31": "1.90300", "2005-12-31": 3.695, "2005-09-30": 0, "2005-06-30": 0, "2005-03-31": ""}, "Debt Issuance/Retirement Net - Total": {"2020-09-30": -194.298, "2020-06-30": 3516.02, "2020-03-31": "284.61700", "2019-12-31": -89.9759, "2019-09-30": -51.547, "2019-06-30": 182.507, "2019-03-31": "17.42700", "2018-12-31": -57.25, "2018-09-30": -28.156, "2018-06-30": -34.432, "2018-03-31": "-26.87600", "2017-12-31": -50.93, "2017-09-30": 48.023, "2017-06-30": 14.595, "2017-03-31": "-43.70000", "2016-12-31": -75.262, "2016-09-30": -121.4001, "2016-06-30": -35.221, "2016-03-31": "-33.89700", "2015-12-31": -0.3019, "2015-09-30": 15.912, "2015-06-30": 103.533, "2015-03-31": "-25.70500", "2014-12-31": -96.409, "2014-09-30": -42.593, "2014-06-30": 56.908, "2014-03-31": "19.98200", "2013-12-31": -94.1399, "2013-09-30": -43.073, "2013-06-30": -52.314, "2013-03-31": "-51.54100", "2012-12-31": 980.854, "2012-09-30": 148.715, "2012-06-30": -38.164, "2012-03-31": "-31.85200", "2011-12-31": -76.1619, "2011-09-30": -15.404, "2011-06-30": 48.185, "2011-03-31": "-20.81100", "2010-12-31": 150.9581, "2010-09-30": 2.339, "2010-06-30": -61.608, "2010-03-31": "-62.83400", "2009-12-31": -1.379, "2009-09-30": -68.299, "2009-06-30": -73.579, "2009-03-31": "-110.50200", "2008-12-31": -40.709, "2008-09-30": -74.574, "2008-06-30": 3.651, "2008-03-31": "-94.99400", "2007-12-31": 11.668, "2007-09-30": -5.6849, "2007-06-30": 98.759, "2007-03-31": "99.84800", "2006-12-31": 405.055, "2006-09-30": 16.6, "2006-06-30": -26.274, "2006-03-31": "-27.63000", "2005-12-31": -165.883, "2005-09-30": 299.653, "2005-06-30": -31.153, "2005-03-31": "-118.77800"}, "Net Common Equity Issued/Repurchased": {"2020-09-30": -0.007, "2020-06-30": -0.459, "2020-03-31": "-1.56600", "2019-12-31": -0.314, "2019-09-30": -0.013, "2019-06-30": -150.15, "2019-03-31": "-2.57200", "2018-12-31": -100.114, "2018-09-30": -25.164, "2018-06-30": -0.23, "2018-03-31": "-1.66100", "2017-12-31": -0.09, "2017-09-30": -50.037, "2017-06-30": -50.129, "2017-03-31": "-6.53600", "2016-12-31": -0.745, "2016-09-30": -3.333, "2016-06-30": -0.072, "2016-03-31": "-0.66800", "2015-12-31": -0.03, "2015-09-30": -75.026, "2015-06-30": -53.147, "2015-03-31": "-27.60200", "2014-12-31": 0.547, "2014-09-30": -0.49, "2014-06-30": -1.11, "2014-03-31": "-5.33100", "2013-12-31": -7.86, "2013-09-30": 0, "2013-06-30": 0, "2013-03-31": "", "2012-12-31": -9.106, "2012-09-30": 0, "2012-06-30": 0, "2012-03-31": "", "2011-12-31": -1.381, "2011-09-30": -0.264, "2011-06-30": -4.748, "2011-03-31": "-1.02800", "2010-12-31": 0.623, "2010-09-30": -0.009, "2010-06-30": 0.105, "2010-03-31": "0.39700", "2009-12-31": 1.031, "2009-09-30": -0.012, "2009-06-30": 0.182, "2009-03-31": "0.11200", "2008-12-31": 1.365, "2008-09-30": -14.05, "2008-06-30": -32.745, "2008-03-31": "-22.70000", "2007-12-31": -30.662, "2007-09-30": -65.502, "2007-06-30": -136.902, "2007-03-31": "-201.73600", "2006-12-31": 0.366, "2006-09-30": -0.085, "2006-06-30": 5.621, "2006-03-31": "0.96000", "2005-12-31": 2.17, "2005-09-30": 0.744, "2005-06-30": 0.922, "2005-03-31": "4.33700"}, "Net Total Equity Issued/Repurchased": {"2020-09-30": -0.007, "2020-06-30": -0.459, "2020-03-31": "-1.56600", "2019-12-31": -0.314, "2019-09-30": -0.013, "2019-06-30": -150.15, "2019-03-31": "-2.57200", "2018-12-31": -100.114, "2018-09-30": -25.164, "2018-06-30": -0.23, "2018-03-31": "-1.66100", "2017-12-31": -0.09, "2017-09-30": -50.037, "2017-06-30": -50.129, "2017-03-31": "-6.53600", "2016-12-31": -0.745, "2016-09-30": -3.333, "2016-06-30": -0.072, "2016-03-31": "-0.66800", "2015-12-31": -0.03, "2015-09-30": -75.026, "2015-06-30": -53.147, "2015-03-31": "-27.60200", "2014-12-31": 0.547, "2014-09-30": -0.49, "2014-06-30": -1.11, "2014-03-31": "-5.33100", "2013-12-31": -7.86, "2013-09-30": 0, "2013-06-30": 0, "2013-03-31": "", "2012-12-31": -9.106, "2012-09-30": 0, "2012-06-30": 0, "2012-03-31": "", "2011-12-31": -1.381, "2011-09-30": -0.264, "2011-06-30": -4.748, "2011-03-31": "-1.02800", "2010-12-31": 0.623, "2010-09-30": -0.009, "2010-06-30": 0.105, "2010-03-31": "0.39700", "2009-12-31": 1.031, "2009-09-30": -0.012, "2009-06-30": 0.182, "2009-03-31": "0.11200", "2008-12-31": 1.365, "2008-09-30": -14.05, "2008-06-30": -32.745, "2008-03-31": "-22.70000", "2007-12-31": -30.662, "2007-09-30": -65.502, "2007-06-30": -136.902, "2007-03-31": "-201.73600", "2006-12-31": 0.366, "2006-09-30": -0.085, "2006-06-30": 5.621, "2006-03-31": "0.96000", "2005-12-31": 2.17, "2005-09-30": 0.744, "2005-06-30": 0.922, "2005-03-31": "4.33700"}, "Total Common And Preferred Stock Dividends Paid": {"2020-09-30": -15.787, "2020-06-30": 0, "2020-03-31": "", "2019-12-31": 0, "2019-09-30": 0, "2019-06-30": 0, "2019-03-31": "", "2018-12-31": 0, "2018-09-30": 0, "2018-06-30": 0, "2018-03-31": "", "2017-12-31": 0, "2017-09-30": 0, "2017-06-30": 0, "2017-03-31": "", "2016-12-31": 0, "2016-09-30": 0, "2016-06-30": 0, "2016-03-31": "", "2015-12-31": 0, "2015-09-30": 0, "2015-06-30": 0, "2015-03-31": "", "2014-12-31": 0, "2014-09-30": 0, "2014-06-30": 0, "2014-03-31": "", "2013-12-31": 0, "2013-09-30": 0, "2013-06-30": 0, "2013-03-31": "", "2012-12-31": 0, "2012-09-30": 0, "2012-06-30": 0, "2012-03-31": "", "2011-12-31": 0, "2011-09-30": 0, "2011-06-30": 0, "2011-03-31": "", "2010-12-31": 0, "2010-09-30": 0, "2010-06-30": 0, "2010-03-31": "", "2009-12-31": 0, "2009-09-30": 0, "2009-06-30": 0, "2009-03-31": "", "2008-12-31": 0, "2008-09-30": 0, "2008-06-30": 0, "2008-03-31": "", "2007-12-31": 0, "2007-09-30": 0, "2007-06-30": 0, "2007-03-31": "", "2006-12-31": 0, "2006-09-30": 0, "2006-06-30": 0, "2006-03-31": "", "2005-12-31": 0, "2005-09-30": 0, "2005-06-30": 0, "2005-03-31": ""}, "Financial Activities - Other": {"2020-09-30": 4.405, "2020-06-30": -81.245, "2020-03-31": "-4.36000", "2019-12-31": -1.394, "2019-09-30": -16.537, "2019-06-30": -1.588, "2019-03-31": "4.39100", "2018-12-31": 7.09, "2018-09-30": -7.751, "2018-06-30": -0.26, "2018-03-31": "-0.29000", "2017-12-31": 1.988, "2017-09-30": -3.612, "2017-06-30": -0.316, "2017-03-31": "-0.45200", "2016-12-31": -2.171, "2016-09-30": 2.828, "2016-06-30": -6.113, "2016-03-31": "-0.20900", "2015-12-31": 5.805, "2015-09-30": -12.141, "2015-06-30": 1.372, "2015-03-31": "-0.48400", "2014-12-31": 4.782, "2014-09-30": -36.637, "2014-06-30": -4.027, "2014-03-31": "8.88800", "2013-12-31": -0.999, "2013-09-30": -13.621, "2013-06-30": 3.558, "2013-03-31": "2.47100", "2012-12-31": -2.091, "2012-09-30": -1.617, "2012-06-30": 0.446, "2012-03-31": "-3.13700", "2011-12-31": 1.43, "2011-09-30": -3.875, "2011-06-30": 2.328, "2011-03-31": "0.82200", "2010-12-31": 2, "2010-09-30": -1.369, "2010-06-30": 0.034, "2010-03-31": "-0.00100", "2009-12-31": 0.565, "2009-09-30": -11.329, "2009-06-30": -1.797, "2009-03-31": "0.06200", "2008-12-31": 0.355, "2008-09-30": 0.049, "2008-06-30": 7.795, "2008-03-31": "1.56800", "2007-12-31": 0.926, "2007-09-30": 0.138, "2007-06-30": 1.91, "2007-03-31": "14.63200", "2006-12-31": 1.017, "2006-09-30": 0.899, "2006-06-30": 15.992, "2006-03-31": "7.59400", "2005-12-31": -1.199, "2005-09-30": -6.95, "2005-06-30": -0.894, "2005-03-31": ""}, "Cash Flow From Financial Activities": {"2020-09-30": -205.687, "2020-06-30": 3434.316, "2020-03-31": "278.69100", "2019-12-31": -91.684, "2019-09-30": -68.097, "2019-06-30": 30.769, "2019-03-31": "19.24600", "2018-12-31": -150.274, "2018-09-30": -61.071, "2018-06-30": -34.922, "2018-03-31": "-28.82700", "2017-12-31": -49.032, "2017-09-30": -5.626, "2017-06-30": -35.85, "2017-03-31": "-50.68800", "2016-12-31": -78.178, "2016-09-30": -121.905, "2016-06-30": -41.406, "2016-03-31": "-34.77400", "2015-12-31": 5.473, "2015-09-30": -71.255, "2015-06-30": 51.758, "2015-03-31": "-53.79100", "2014-12-31": -91.08, "2014-09-30": -79.72, "2014-06-30": 51.771, "2014-03-31": "23.53900", "2013-12-31": -102.999, "2013-09-30": -56.694, "2013-06-30": -48.756, "2013-03-31": "-49.07000", "2012-12-31": 969.657, "2012-09-30": 147.098, "2012-06-30": -37.718, "2012-03-31": "-34.98900", "2011-12-31": -76.113, "2011-09-30": -19.543, "2011-06-30": 45.765, "2011-03-31": "-21.01700", "2010-12-31": 153.581, "2010-09-30": 0.961, "2010-06-30": -61.469, "2010-03-31": "-62.43800", "2009-12-31": 0.217, "2009-09-30": -79.64, "2009-06-30": -75.194, "2009-03-31": "-110.32800", "2008-12-31": -38.989, "2008-09-30": -88.575, "2008-06-30": -21.299, "2008-03-31": "-116.12600", "2007-12-31": -18.068, "2007-09-30": -71.049, "2007-06-30": -36.233, "2007-03-31": "-87.25600", "2006-12-31": 406.438, "2006-09-30": 17.414, "2006-06-30": -4.661, "2006-03-31": "-19.07600", "2005-12-31": -164.912, "2005-09-30": 293.447, "2005-06-30": -31.125, "2005-03-31": "-114.44100"}, "Net Cash Flow": {"2020-09-30": 87.027, "2020-06-30": -77.338, "2020-03-31": "191.65800", "2019-12-31": 12.742, "2019-09-30": 50.942, "2019-06-30": -18.882, "2019-03-31": "9.75700", "2018-12-31": -46.417, "2018-09-30": 31.82, "2018-06-30": -12.957, "2018-03-31": "5.94400", "2017-12-31": 23.87, "2017-09-30": 6.284, "2017-06-30": -15.201, "2017-03-31": "-7.13100", "2016-12-31": -2.706, "2016-09-30": -47.453, "2016-06-30": 12.456, "2016-03-31": "-12.44500", "2015-12-31": 27.427, "2015-09-30": -41.455, "2015-06-30": 19.956, "2015-03-31": "26.03200", "2014-12-31": 17.951, "2014-09-30": 8.725, "2014-06-30": 5.287, "2014-03-31": "-27.36900", "2013-12-31": 25.15, "2013-09-30": -5.937, "2013-06-30": -12.279, "2013-03-31": "30.69200", "2012-12-31": -21.538, "2012-09-30": 35.439, "2012-06-30": 8.557, "2012-03-31": "-0.22800", "2011-12-31": -30.18, "2011-09-30": 15.434, "2011-06-30": 26.183, "2011-03-31": "-1.14500", "2010-12-31": -49.543, "2010-09-30": 7.316, "2010-06-30": -25.27, "2010-03-31": "8.74500", "2009-12-31": 0.984, "2009-09-30": 8.055, "2009-06-30": -1.845, "2009-03-31": "18.79700", "2008-12-31": -16.932, "2008-09-30": -12.262, "2008-06-30": 21.1, "2008-03-31": "22.13500", "2007-12-31": 7.799, "2007-09-30": -0.54, "2007-06-30": 9.669, "2007-03-31": "-18.02600", "2006-12-31": 14.122, "2006-09-30": 21.45, "2006-06-30": 7.473, "2006-03-31": "8.22500", "2005-12-31": -38.741, "2005-09-30": 45.845, "2005-06-30": -3.744, "2005-03-31": "-15.75800"}, "Stock-Based Compensation": {"2020-09-30": 0, "2020-06-30": 0, "2020-03-31": "", "2019-12-31": 19.062, "2019-09-30": 0, "2019-06-30": 0, "2019-03-31": "", "2018-12-31": 16.445, "2018-09-30": 0, "2018-06-30": 0, "2018-03-31": "", "2017-12-31": 14.809, "2017-09-30": 0, "2017-06-30": 0, "2017-03-31": "", "2016-12-31": 12.493, "2016-09-30": 0, "2016-06-30": 0, "2016-03-31": "", "2015-12-31": 12.899, "2015-09-30": 0, "2015-06-30": 0, "2015-03-31": "", "2014-12-31": 14.766, "2014-09-30": 0, "2014-06-30": 0, "2014-03-31": "", "2013-12-31": 15.917, "2013-09-30": 0, "2013-06-30": 0, "2013-03-31": "", "2012-12-31": 3.366, "2012-09-30": 3.199, "2012-06-30": 8.523, "2012-03-31": "", "2011-12-31": 3.047, "2011-09-30": 2.853, "2011-06-30": 4.528, "2011-03-31": "4.97900", "2010-12-31": 4.3, "2010-09-30": 4.335, "2010-06-30": 3.6, "2010-03-31": "3.51700", "2009-12-31": 3.537, "2009-09-30": 3.468, "2009-06-30": 3.158, "2009-03-31": "3.16100", "2008-12-31": 3.183, "2008-09-30": 3.237, "2008-06-30": 3.243, "2008-03-31": "3.22300", "2007-12-31": -11.199, "2007-09-30": 4.659, "2007-06-30": 3.272, "2007-03-31": "3.26800", "2006-12-31": -8.487, "2006-09-30": 3.4, "2006-06-30": 2.519, "2006-03-31": "2.56800", "2005-12-31": -5.586, "2005-09-30": 2.458, "2005-06-30": 1.47, "2005-03-31": "1.65800"}, "Common Stock Dividends Paid": {"2020-09-30": -15.787, "2020-06-30": 0, "2020-03-31": "", "2019-12-31": 0, "2019-09-30": 0, "2019-06-30": 0, "2019-03-31": "", "2018-12-31": 0, "2018-09-30": 0, "2018-06-30": 0, "2018-03-31": "", "2017-12-31": 0, "2017-09-30": 0, "2017-06-30": 0, "2017-03-31": "", "2016-12-31": 0, "2016-09-30": 0, "2016-06-30": 0, "2016-03-31": "", "2015-12-31": 0, "2015-09-30": 0, "2015-06-30": 0, "2015-03-31": "", "2014-12-31": 0, "2014-09-30": 0, "2014-06-30": 0, "2014-03-31": "", "2013-12-31": 0, "2013-09-30": 0, "2013-06-30": 0, "2013-03-31": "", "2012-12-31": 0, "2012-09-30": 0, "2012-06-30": 0, "2012-03-31": "", "2011-12-31": 0, "2011-09-30": 0, "2011-06-30": 0, "2011-03-31": "", "2010-12-31": 0, "2010-09-30": 0, "2010-06-30": 0, "2010-03-31": "", "2009-12-31": 0, "2009-09-30": 0, "2009-06-30": 0, "2009-03-31": "", "2008-12-31": 0, "2008-09-30": 0, "2008-06-30": 0, "2008-03-31": "", "2007-12-31": 0, "2007-09-30": 0, "2007-06-30": 0, "2007-03-31": "", "2006-12-31": 0, "2006-09-30": 0, "2006-06-30": 0, "2006-03-31": "", "2005-12-31": 0, "2005-09-30": 0, "2005-06-30": 0, "2005-03-31": ""}}, "financial ratios": {"Current Ratio": {"2019-12-31": "2.34340", "2018-12-31": "2.24650", "2017-12-31": "2.31400", "2016-12-31": "2.40680", "2015-12-31": "2.38190", "2014-12-31": "2.20920", "2013-12-31": "2.09730", "2012-12-31": "2.08520", "2011-12-31": "2.05410", "2010-12-31": "2.13730", "2009-12-31": "1.95500", "2008-12-31": "1.54840", "2007-12-31": "1.30080", "2006-12-31": "1.40250", "2005-12-31": "1.26250"}, "Long-term Debt / Capital": {"2019-12-31": "0.35760", "2018-12-31": "0.35400", "2017-12-31": "0.38290", "2016-12-31": "0.40970", "2015-12-31": "0.44790", "2014-12-31": "0.41470", "2013-12-31": "0.45060", "2012-12-31": "0.52180", "2011-12-31": "0.32330", "2010-12-31": "0.38720", "2009-12-31": "0.37500", "2008-12-31": "0.51490", "2007-12-31": "0.57140", "2006-12-31": "0.49360", "2005-12-31": "0.41750"}, "Debt/Equity Ratio": {"2019-12-31": "0.57630", "2018-12-31": "0.58290", "2017-12-31": "0.65510", "2016-12-31": "0.72040", "2015-12-31": "0.85550", "2014-12-31": "0.75280", "2013-12-31": "0.86440", "2012-12-31": "1.14230", "2011-12-31": "0.51770", "2010-12-31": "0.65950", "2009-12-31": "0.72670", "2008-12-31": "1.49730", "2007-12-31": "2.26010", "2006-12-31": "1.53050", "2005-12-31": "0.82870"}, "Gross Margin": {"2019-12-31": "18.91950", "2018-12-31": "19.16910", "2017-12-31": "19.33390", "2016-12-31": "19.74100", "2015-12-31": "19.86650", "2014-12-31": "20.41980", "2013-12-31": "20.56940", "2012-12-31": "20.23690", "2011-12-31": "20.18650", "2010-12-31": "19.71690", "2009-12-31": "19.46160", "2008-12-31": "19.74650", "2007-12-31": "20.35690", "2006-12-31": "20.42110", "2005-12-31": "19.01570"}, "Operating Margin": {"2019-12-31": "4.14190", "2018-12-31": "4.31030", "2017-12-31": "4.15470", "2016-12-31": "4.50580", "2015-12-31": "4.97100", "2014-12-31": "5.90920", "2013-12-31": "6.40190", "2012-12-31": "5.05940", "2011-12-31": "5.43580", "2010-12-31": "4.16520", "2009-12-31": "3.89170", "2008-12-31": "5.65660", "2007-12-31": "6.56660", "2006-12-31": "6.85980", "2005-12-31": "4.73380"}, "EBIT Margin": {"2019-12-31": "4.14190", "2018-12-31": "4.31030", "2017-12-31": "4.15470", "2016-12-31": "4.50580", "2015-12-31": "4.97100", "2014-12-31": "5.90920", "2013-12-31": "6.40190", "2012-12-31": "5.05940", "2011-12-31": "5.43580", "2010-12-31": "4.16520", "2009-12-31": "3.89170", "2008-12-31": "5.65660", "2007-12-31": "6.56660", "2006-12-31": "6.85980", "2005-12-31": "4.73380"}, "EBITDA Margin": {"2019-12-31": "4.88490", "2018-12-31": "5.08080", "2017-12-31": "4.98840", "2016-12-31": "5.50830", "2015-12-31": "5.99730", "2014-12-31": "6.87990", "2013-12-31": "7.42450", "2012-12-31": "5.70500", "2011-12-31": "6.06490", "2010-12-31": "4.77300", "2009-12-31": "4.78590", "2008-12-31": "6.38670", "2007-12-31": "7.46970", "2006-12-31": "7.44580", "2005-12-31": "5.11340"}, "Pre-Tax Profit Margin": {"2019-12-31": "3.37440", "2018-12-31": "3.43690", "2017-12-31": "3.28740", "2016-12-31": "1.79320", "2015-12-31": "4.04220", "2014-12-31": "4.86910", "2013-12-31": "5.05570", "2012-12-31": "4.28070", "2011-12-31": "4.56070", "2010-12-31": "3.11310", "2009-12-31": "2.96610", "2008-12-31": "4.75990", "2007-12-31": "5.29300", "2006-12-31": "5.96860", "2005-12-31": "3.41280"}, "Net Profit Margin": {"2019-12-31": "2.67290", "2018-12-31": "2.78040", "2017-12-31": "2.12870", "2016-12-31": "1.38480", "2015-12-31": "2.80230", "2014-12-31": "3.49710", "2013-12-31": "3.67920", "2012-12-31": "3.06680", "2011-12-31": "3.20370", "2010-12-31": "2.28040", "2009-12-31": "2.27270", "2008-12-31": "3.34050", "2007-12-31": "3.87370", "2006-12-31": "4.08450", "2005-12-31": "2.34160"}, "Asset Turnover": {"2019-12-31": "1.66590", "2018-12-31": "1.77560", "2017-12-31": "1.62160", "2016-12-31": "1.65530", "2015-12-31": "1.64530", "2014-12-31": "1.65940", "2013-12-31": "1.61620", "2012-12-31": "1.42110", "2011-12-31": "1.98990", "2010-12-31": "1.79140", "2009-12-31": "1.85390", "2008-12-31": "2.24670", "2007-12-31": "2.09920", "2006-12-31": "1.88410", "2005-12-31": "2.67760"}, "Inventory Turnover Ratio": {"2019-12-31": "6.69920", "2018-12-31": "6.96640", "2017-12-31": "6.47850", "2016-12-31": "7.16770", "2015-12-31": "7.43740", "2014-12-31": "7.66150", "2013-12-31": "7.58000", "2012-12-31": "6.60960", "2011-12-31": "7.79810", "2010-12-31": "6.90400", "2009-12-31": "7.34220", "2008-12-31": "8.09700", "2007-12-31": "7.17890", "2006-12-31": "6.90070", "2005-12-31": "7.14940"}, "Receiveable Turnover": {"2019-12-31": "6.42120", "2018-12-31": "6.34600", "2017-12-31": "5.93180", "2016-12-31": "6.52010", "2015-12-31": "6.11100", "2014-12-31": "6.01190", "2013-12-31": "6.29510", "2012-12-31": "5.79730", "2011-12-31": "6.15610", "2010-12-31": "5.97120", "2009-12-31": "6.63700", "2008-12-31": "7.16580", "2007-12-31": "6.46860", "2006-12-31": "5.86620", "2005-12-31": "12.12450"}, "Days Sales In Receivables": {"2019-12-31": "56.84250", "2018-12-31": "57.51650", "2017-12-31": "61.53310", "2016-12-31": "55.98110", "2015-12-31": "59.72800", "2014-12-31": "60.71260", "2013-12-31": "57.98160", "2012-12-31": "62.96000", "2011-12-31": "59.29110", "2010-12-31": "61.12690", "2009-12-31": "54.99500", "2008-12-31": "50.93620", "2007-12-31": "56.42630", "2006-12-31": "62.22060", "2005-12-31": "30.10440"}, "ROE - Return On Equity": {"2019-12-31": "9.83760", "2018-12-31": "10.58140", "2017-12-31": "7.70900", "2016-12-31": "5.14960", "2015-12-31": "11.74680", "2014-12-31": "14.28490", "2013-12-31": "15.66860", "2012-12-31": "12.98580", "2011-12-31": "14.58050", "2010-12-31": "10.05380", "2009-12-31": "10.54790", "2008-12-31": "27.03380", "2007-12-31": "38.21960", "2006-12-31": "28.47380", "2005-12-31": "21.06540"}, "Return On Tangible Equity": {"2019-12-31": "104.63490", "2018-12-31": "247.35190", "2017-12-31": "-714.30080", "2016-12-31": "-62.93210", "2015-12-31": "-66.90630", "2014-12-31": "-116.16180", "2013-12-31": "-67.64680", "2012-12-31": "-27.98840", "2011-12-31": "108.47450", "2010-12-31": "4488.24600", "2009-12-31": "203.77300", "2008-12-31": "-103.95700", "2007-12-31": "-51.71690", "2006-12-31": "-68.86970", "2005-12-31": "-76.88020"}, "ROA - Return On Assets": {"2019-12-31": "4.42830", "2018-12-31": "4.89370", "2017-12-31": "3.44490", "2016-12-31": "2.28170", "2015-12-31": "4.55990", "2014-12-31": "5.79330", "2013-12-31": "5.94800", "2012-12-31": "4.35800", "2011-12-31": "6.37460", "2010-12-31": "4.08510", "2009-12-31": "4.21330", "2008-12-31": "7.50530", "2007-12-31": "8.13170", "2006-12-31": "7.69550", "2005-12-31": "6.26990"}, "ROI - Return On Investment": {"2019-12-31": "6.32010", "2018-12-31": "6.83510", "2017-12-31": "4.75690", "2016-12-31": "3.03960", "2015-12-31": "6.48540", "2014-12-31": "8.36030", "2013-12-31": "8.60780", "2012-12-31": "6.20970", "2011-12-31": "9.86710", "2010-12-31": "6.16050", "2009-12-31": "6.59210", "2008-12-31": "13.11460", "2007-12-31": "16.37970", "2006-12-31": "14.41960", "2005-12-31": "12.27070"}, "Book Value Per Share": {"2019-12-31": "54.03900", "2018-12-31": "47.21590", "2017-12-31": "45.01520", "2016-12-31": "40.39480", "2015-12-31": "42.06080", "2014-12-31": "43.33930", "2013-12-31": "39.86700", "2012-12-31": "35.26230", "2011-12-31": "30.99460", "2010-12-31": "26.70530", "2009-12-31": "21.30830", "2008-12-31": "17.87650", "2007-12-31": "14.10340", "2006-12-31": "15.40440", "2005-12-31": "10.30030"}, "Operating Cash Flow Per Share": {"2019-12-31": -1.1272, "2018-12-31": 3.2031, "2017-12-31": -3.1283, "2016-12-31": 0.5927, "2015-12-31": 0.9033, "2014-12-31": -1.2698, "2013-12-31": 0.3497, "2012-12-31": 2.2598, "2011-12-31": 0.6159, "2010-12-31": -4.0748, "2009-12-31": 0.3726, "2008-12-31": 1.0266, "2007-12-31": 1.4887, "2006-12-31": -2.0462, "2005-12-31": 5.9933}, "Free Cash Flow Per Share": {"2019-12-31": -1.2511, "2018-12-31": 3.0047, "2017-12-31": -3.2346, "2016-12-31": 0.7642, "2015-12-31": 0.6376, "2014-12-31": -1.0509, "2013-12-31": 0.4475, "2012-12-31": 2.5088, "2011-12-31": 0.2538, "2010-12-31": -4.0816, "2009-12-31": 0.7986, "2008-12-31": 0.6234, "2007-12-31": 1.4266, "2006-12-31": -2.0205, "2005-12-31": 5.7058}}, "financial ratios, quarterly": {"Current Ratio": {"2020-09-30": "2.20290", "2020-06-30": "2.36270", "2020-03-31": "2.66940", "2019-12-31": "2.34340", "2019-09-30": "2.33450", "2019-06-30": "2.29800", "2019-03-31": "2.18450", "2018-12-31": "2.24650", "2018-09-30": "2.38370", "2018-06-30": "2.38510", "2018-03-31": "2.36750", "2017-12-31": "2.31400", "2017-09-30": "2.30970", "2017-06-30": "2.39060", "2017-03-31": "2.39480", "2016-12-31": "2.40680", "2016-09-30": "2.33740", "2016-06-30": "2.37570", "2016-03-31": "2.31310", "2015-12-31": "2.38190", "2015-09-30": "2.32700", "2015-06-30": "2.34060", "2015-03-31": "2.22640", "2014-12-31": "2.20920", "2014-09-30": "2.17460", "2014-06-30": "2.16140", "2014-03-31": "2.08060", "2013-12-31": "2.09730", "2013-09-30": "2.13990", "2013-06-30": "2.10820", "2013-03-31": "2.09550", "2012-12-31": "2.08520", "2012-09-30": "2.09430", "2012-06-30": "2.05270", "2012-03-31": "2.04330", "2011-12-31": "2.05410", "2011-09-30": "2.14150", "2011-06-30": "2.19510", "2011-03-31": "2.02510", "2010-12-31": "2.13730", "2010-09-30": "1.81810", "2010-06-30": "1.81900", "2010-03-31": "1.85570", "2009-12-31": "1.95500", "2009-09-30": "2.22880", "2009-06-30": "2.29860", "2009-03-31": "1.63410", "2008-12-31": "1.54840", "2008-09-30": "1.25160", "2008-06-30": "1.29680", "2008-03-31": "1.28450", "2007-12-31": "1.30080", "2007-09-30": "1.25770", "2007-06-30": "1.29480", "2007-03-31": "1.30070", "2006-12-31": "1.40250", "2006-09-30": "1.52510", "2006-06-30": "1.45670", "2006-03-31": "1.34340", "2005-12-31": "1.26250", "2005-09-30": "1.15420", "2005-06-30": "1.35580", "2005-03-31": "1.33660"}, "Long-term Debt / Capital": {"2020-09-30": "0.60290", "2020-06-30": "0.62050", "2020-03-31": "0.41190", "2019-12-31": "0.35760", "2019-09-30": "0.38110", "2019-06-30": "0.39600", "2019-03-31": "0.35600", "2018-12-31": "0.35400", "2018-09-30": "0.35520", "2018-06-30": "0.36810", "2018-03-31": "0.37730", "2017-12-31": "0.38290", "2017-09-30": "0.39370", "2017-06-30": "0.38910", "2017-03-31": "0.38900", "2016-12-31": "0.40970", "2016-09-30": "", "2016-06-30": "0.41190", "2016-03-31": "0.42350", "2015-12-31": "0.44790", "2015-09-30": "0.45250", "2015-06-30": "0.43500", "2015-03-31": "0.42120", "2014-12-31": "0.41470", "2014-09-30": "0.43540", "2014-06-30": "0.44600", "2014-03-31": "0.45110", "2013-12-31": "0.45060", "2013-09-30": "0.46900", "2013-06-30": "0.48910", "2013-03-31": "0.50270", "2012-12-31": "0.52180", "2012-09-30": "0.31090", "2012-06-30": "0.27710", "2012-03-31": "0.29950", "2011-12-31": "0.32330", "2011-09-30": "0.36120", "2011-06-30": "0.37550", "2011-03-31": "0.36970", "2010-12-31": "0.38720", "2010-09-30": "0.30630", "2010-06-30": "0.31520", "2010-03-31": "0.34500", "2009-12-31": "0.37500", "2009-09-30": "0.42170", "2009-06-30": "0.53090", "2009-03-31": "0.49400", "2008-12-31": "0.51490", "2008-09-30": "0.47540", "2008-06-30": "0.52590", "2008-03-31": "0.54340", "2007-12-31": "0.57140", "2007-09-30": "0.58370", "2007-06-30": "0.60000", "2007-03-31": "0.55500", "2006-12-31": "0.49360", "2006-09-30": "0.33410", "2006-06-30": "0.35660", "2006-03-31": "0.38890", "2005-12-31": "0.41750", "2005-09-30": "0.44440", "2005-06-30": "0.37910", "2005-03-31": "0.41680"}, "Debt/Equity Ratio": {"2020-09-30": "1.52710", "2020-06-30": "1.64370", "2020-03-31": "0.71800", "2019-12-31": "0.56840", "2019-09-30": "0.63610", "2019-06-30": "0.68370", "2019-03-31": "0.57600", "2018-12-31": "0.58290", "2018-09-30": "0.57880", "2018-06-30": "0.61260", "2018-03-31": "0.63860", "2017-12-31": "0.65510", "2017-09-30": "0.68120", "2017-06-30": "0.66310", "2017-03-31": "0.66710", "2016-12-31": "0.72040", "2016-09-30": "0.03640", "2016-06-30": "0.74440", "2016-03-31": "0.78520", "2015-12-31": "0.85550", "2015-09-30": "0.85310", "2015-06-30": "0.79640", "2015-03-31": "0.75590", "2014-12-31": "0.75280", "2014-09-30": "0.79490", "2014-06-30": "0.83000", "2014-03-31": "0.84730", "2013-12-31": "0.86440", "2013-09-30": "0.90750", "2013-06-30": "0.98370", "2013-03-31": "1.03560", "2012-12-31": "1.14230", "2012-09-30": "0.50460", "2012-06-30": "0.42770", "2012-03-31": "0.47060", "2011-12-31": "0.51770", "2011-09-30": "0.60110", "2011-06-30": "0.62740", "2011-03-31": "0.61490", "2010-12-31": "0.65950", "2010-09-30": "0.55320", "2010-06-30": "0.57290", "2010-03-31": "0.64490", "2009-12-31": "0.72670", "2009-09-30": "0.75330", "2009-06-30": "1.16230", "2009-03-31": "1.32070", "2008-12-31": "1.49730", "2008-09-30": "1.68920", "2008-06-30": "1.91990", "2008-03-31": "2.03740", "2007-12-31": "2.26010", "2007-09-30": "2.38350", "2007-06-30": "2.44650", "2007-03-31": "2.03560", "2006-12-31": "1.53050", "2006-09-30": "0.53480", "2006-06-30": "0.56330", "2006-03-31": "0.69430", "2005-12-31": "0.82870", "2005-09-30": "1.29840", "2005-06-30": "0.66350", "2005-03-31": "0.79860"}, "Gross Margin": {"2020-09-30": "18.96620", "2020-06-30": "18.87070", "2020-03-31": "19.11960", "2019-12-31": "18.56650", "2019-09-30": "18.63020", "2019-06-30": "19.02130", "2019-03-31": "19.50250", "2018-12-31": "19.40540", "2018-09-30": "19.21440", "2018-06-30": "19.00640", "2018-03-31": "19.05540", "2017-12-31": "19.19110", "2017-09-30": "19.26570", "2017-06-30": "19.17210", "2017-03-31": "19.74610", "2016-12-31": "19.43540", "2016-09-30": "19.67640", "2016-06-30": "19.85100", "2016-03-31": "19.99860", "2015-12-31": "19.52950", "2015-09-30": "19.79240", "2015-06-30": "19.91080", "2015-03-31": "20.24360", "2014-12-31": "20.15340", "2014-09-30": "20.32400", "2014-06-30": "20.53340", "2014-03-31": "20.69740", "2013-12-31": "20.00820", "2013-09-30": "20.48670", "2013-06-30": "20.72650", "2013-03-31": "21.07670", "2012-12-31": "20.51070", "2012-09-30": "20.45390", "2012-06-30": "20.06730", "2012-03-31": "19.90950", "2011-12-31": "20.63760", "2011-09-30": "19.97190", "2011-06-30": "20.12770", "2011-03-31": "19.98530", "2010-12-31": "20.29780", "2010-09-30": "19.46210", "2010-06-30": "19.29540", "2010-03-31": "19.79940", "2009-12-31": "19.14980", "2009-09-30": "19.16750", "2009-06-30": "19.31580", "2009-03-31": "20.19150", "2008-12-31": "19.88710", "2008-09-30": "19.43120", "2008-06-30": "19.54520", "2008-03-31": "20.17770", "2007-12-31": "20.27420", "2007-09-30": "20.25660", "2007-06-30": "20.29410", "2007-03-31": "20.61440", "2006-12-31": "20.87160", "2006-09-30": "20.52470", "2006-06-30": "20.25140", "2006-03-31": "20.00030", "2005-12-31": "20.42690", "2005-09-30": "18.41120", "2005-06-30": "18.32160", "2005-03-31": "18.68880"}, "Operating Margin": {"2020-09-30": "4.29990", "2020-06-30": "0.73180", "2020-03-31": "3.09420", "2019-12-31": "3.99190", "2019-09-30": "4.36350", "2019-06-30": "4.55560", "2019-03-31": "3.60610", "2018-12-31": "4.49920", "2018-09-30": "4.71720", "2018-06-30": "4.33380", "2018-03-31": "3.67320", "2017-12-31": "4.05550", "2017-09-30": "4.43830", "2017-06-30": "4.32850", "2017-03-31": "3.75910", "2016-12-31": "4.48880", "2016-09-30": "4.98890", "2016-06-30": "4.60280", "2016-03-31": "3.91380", "2015-12-31": "4.83230", "2015-09-30": "5.52770", "2015-06-30": "4.70870", "2015-03-31": "4.80010", "2014-12-31": "6.22290", "2014-09-30": "6.41190", "2014-06-30": "5.77670", "2014-03-31": "5.13350", "2013-12-31": "5.88030", "2013-09-30": "6.40230", "2013-06-30": "5.80220", "2013-03-31": "7.57200", "2012-12-31": "3.05620", "2012-09-30": "6.22100", "2012-06-30": "5.74220", "2012-03-31": "5.20120", "2011-12-31": "5.75560", "2011-09-30": "5.80570", "2011-06-30": "5.57530", "2011-03-31": "4.52350", "2010-12-31": "4.50900", "2010-09-30": "4.62390", "2010-06-30": "4.07860", "2010-03-31": "3.33240", "2009-12-31": "3.76180", "2009-09-30": "4.00650", "2009-06-30": "4.10950", "2009-03-31": "3.69040", "2008-12-31": "5.12010", "2008-09-30": "6.05320", "2008-06-30": "6.09890", "2008-03-31": "5.26020", "2007-12-31": "6.63380", "2007-09-30": "7.07140", "2007-06-30": "6.82460", "2007-03-31": "5.68990", "2006-12-31": "6.76960", "2006-09-30": "7.45880", "2006-06-30": "7.09050", "2006-03-31": "6.07860", "2005-12-31": "6.02430", "2005-09-30": "4.18100", "2005-06-30": "4.60570", "2005-03-31": "3.89170"}, "EBIT Margin": {"2020-09-30": "4.29990", "2020-06-30": "0.73180", "2020-03-31": "3.09420", "2019-12-31": "3.99190", "2019-09-30": "4.36350", "2019-06-30": "4.55560", "2019-03-31": "3.60610", "2018-12-31": "4.49920", "2018-09-30": "4.71720", "2018-06-30": "4.33380", "2018-03-31": "3.67320", "2017-12-31": "4.05550", "2017-09-30": "4.43830", "2017-06-30": "4.32850", "2017-03-31": "3.75910", "2016-12-31": "4.48880", "2016-09-30": "4.98890", "2016-06-30": "4.60280", "2016-03-31": "3.91380", "2015-12-31": "4.83230", "2015-09-30": "5.52770", "2015-06-30": "4.70870", "2015-03-31": "4.80010", "2014-12-31": "6.22290", "2014-09-30": "6.41190", "2014-06-30": "5.77670", "2014-03-31": "5.13350", "2013-12-31": "5.88030", "2013-09-30": "6.40230", "2013-06-30": "5.80220", "2013-03-31": "7.57200", "2012-12-31": "3.05620", "2012-09-30": "6.22100", "2012-06-30": "5.74220", "2012-03-31": "5.20120", "2011-12-31": "5.75560", "2011-09-30": "5.80570", "2011-06-30": "5.57530", "2011-03-31": "4.52350", "2010-12-31": "4.50900", "2010-09-30": "4.62390", "2010-06-30": "4.07860", "2010-03-31": "3.33240", "2009-12-31": "3.76190", "2009-09-30": "4.00650", "2009-06-30": "4.10950", "2009-03-31": "3.69040", "2008-12-31": "5.12010", "2008-09-30": "6.05320", "2008-06-30": "6.09890", "2008-03-31": "5.26020", "2007-12-31": "6.63380", "2007-09-30": "7.07140", "2007-06-30": "6.82460", "2007-03-31": "5.68990", "2006-12-31": "6.76960", "2006-09-30": "7.45880", "2006-06-30": "7.09050", "2006-03-31": "6.07860", "2005-12-31": "6.02420", "2005-09-30": "4.18100", "2005-06-30": "4.60570", "2005-03-31": "3.89170"}, "EBITDA Margin": {"2020-09-30": "", "2020-06-30": "", "2020-03-31": "", "2019-12-31": "", "2019-09-30": "", "2019-06-30": "", "2019-03-31": "", "2018-12-31": "", "2018-09-30": "", "2018-06-30": "", "2018-03-31": "", "2017-12-31": "", "2017-09-30": "", "2017-06-30": "", "2017-03-31": "", "2016-12-31": "", "2016-09-30": "", "2016-06-30": "", "2016-03-31": "", "2015-12-31": "", "2015-09-30": "", "2015-06-30": "", "2015-03-31": "", "2014-12-31": "", "2014-09-30": "", "2014-06-30": "", "2014-03-31": "", "2013-12-31": "", "2013-09-30": "", "2013-06-30": "", "2013-03-31": "", "2012-12-31": "", "2012-09-30": "", "2012-06-30": "", "2012-03-31": "", "2011-12-31": "", "2011-09-30": "", "2011-06-30": "", "2011-03-31": "", "2010-12-31": "", "2010-09-30": "", "2010-06-30": "", "2010-03-31": "", "2009-12-31": "", "2009-09-30": "", "2009-06-30": "", "2009-03-31": "", "2008-12-31": "", "2008-09-30": "", "2008-06-30": "", "2008-03-31": "", "2007-12-31": "", "2007-09-30": "", "2007-06-30": "", "2007-03-31": "", "2006-12-31": "", "2006-09-30": "", "2006-06-30": "", "2006-03-31": "", "2005-12-31": "", "2005-09-30": "", "2005-06-30": "", "2005-03-31": ""}, "Pre-Tax Profit Margin": {"2020-09-30": "2.51900", "2020-06-30": "-2.17150", "2020-03-31": "2.25740", "2019-12-31": "3.21930", "2019-09-30": "3.73470", "2019-06-30": "3.75070", "2019-03-31": "2.73320", "2018-12-31": "3.66190", "2018-09-30": "3.89250", "2018-06-30": "3.49060", "2018-03-31": "2.68110", "2017-12-31": "3.19760", "2017-09-30": "3.59670", "2017-06-30": "3.47130", "2017-03-31": "2.84150", "2016-12-31": "3.59720", "2016-09-30": "-2.81210", "2016-06-30": "3.58530", "2016-03-31": "2.85360", "2015-12-31": "4.30010", "2015-09-30": "4.46650", "2015-06-30": "3.73760", "2015-03-31": "3.64970", "2014-12-31": "5.20860", "2014-09-30": "5.41110", "2014-06-30": "4.76250", "2014-03-31": "3.99110", "2013-12-31": "4.08080", "2013-09-30": "5.17940", "2013-06-30": "4.65280", "2013-03-31": "6.35940", "2012-12-31": "1.95320", "2012-09-30": "5.45700", "2012-06-30": "5.05600", "2012-03-31": "4.64320", "2011-12-31": "5.00360", "2011-09-30": "4.85160", "2011-06-30": "4.66150", "2011-03-31": "3.64030", "2010-12-31": "3.31620", "2010-09-30": "3.58600", "2010-06-30": "3.07620", "2010-03-31": "2.37260", "2009-12-31": "2.61930", "2009-09-30": "3.46440", "2009-06-30": "3.01220", "2009-03-31": "2.76700", "2008-12-31": "4.23390", "2008-09-30": "5.23180", "2008-06-30": "5.25380", "2008-03-31": "4.21340", "2007-12-31": "4.62690", "2007-09-30": "5.93470", "2007-06-30": "5.71900", "2007-03-31": "4.84750", "2006-12-31": "5.81180", "2006-09-30": "6.64670", "2006-06-30": "6.20150", "2006-03-31": "5.17370", "2005-12-31": "4.64060", "2005-09-30": "3.27540", "2005-06-30": "3.67790", "2005-03-31": "1.75310"}, "Net Profit Margin": {"2020-09-30": "1.59750", "2020-06-30": "-1.71480", "2020-03-31": "1.74770", "2019-12-31": "2.52910", "2019-09-30": "3.00240", "2019-06-30": "2.95170", "2019-03-31": "2.16030", "2018-12-31": "2.89010", "2018-09-30": "3.23370", "2018-06-30": "2.75380", "2018-03-31": "2.22780", "2017-12-31": "1.12920", "2017-09-30": "2.68350", "2017-06-30": "2.59270", "2017-03-31": "2.12850", "2016-12-31": "2.64030", "2016-09-30": "-1.70390", "2016-06-30": "2.60510", "2016-03-31": "2.03010", "2015-12-31": "2.60060", "2015-09-30": "3.30070", "2015-06-30": "2.69950", "2015-03-31": "2.58930", "2014-12-31": "3.72760", "2014-09-30": "3.88880", "2014-06-30": "3.43120", "2014-03-31": "2.86640", "2013-12-31": "3.08470", "2013-09-30": "3.58120", "2013-06-30": "3.44700", "2013-03-31": "4.64530", "2012-12-31": "1.61220", "2012-09-30": "3.82900", "2012-06-30": "3.51960", "2012-03-31": "3.29870", "2011-12-31": "3.45070", "2011-09-30": "3.40990", "2011-06-30": "3.29330", "2011-03-31": "2.60640", "2010-12-31": "2.61520", "2010-09-30": "2.54130", "2010-06-30": "2.20730", "2010-03-31": "1.67160", "2009-12-31": "1.92040", "2009-09-30": "2.91720", "2009-06-30": "2.28210", "2009-03-31": "1.97200", "2008-12-31": "2.77860", "2008-09-30": "3.91430", "2008-06-30": "3.65210", "2008-03-31": "2.91360", "2007-12-31": "3.55620", "2007-09-30": "4.64370", "2007-06-30": "3.93040", "2007-03-31": "3.32000", "2006-12-31": "4.23730", "2006-09-30": "4.42160", "2006-06-30": "4.13020", "2006-03-31": "3.51240", "2005-12-31": "3.21290", "2005-09-30": "2.21030", "2005-06-30": "2.58360", "2005-03-31": "1.14490"}, "Asset Turnover": {"2020-09-30": "0.34900", "2020-06-30": "0.17790", "2020-03-31": "0.37630", "2019-12-31": "0.41840", "2019-09-30": "0.42560", "2019-06-30": "0.42430", "2019-03-31": "0.39350", "2018-12-31": "0.43680", "2018-09-30": "0.43260", "2018-06-30": "0.44620", "2018-03-31": "0.42300", "2017-12-31": "0.42160", "2017-09-30": "0.41980", "2017-06-30": "0.41300", "2017-03-31": "0.39290", "2016-12-31": "0.40460", "2016-09-30": "0.40250", "2016-06-30": "0.40740", "2016-03-31": "0.37860", "2015-12-31": "0.40740", "2015-09-30": "0.41440", "2015-06-30": "0.40550", "2015-03-31": "0.39380", "2014-12-31": "0.41970", "2014-09-30": "0.42360", "2014-06-30": "0.40680", "2014-03-31": "0.38440", "2013-12-31": "0.40440", "2013-09-30": "0.41270", "2013-06-30": "0.40860", "2013-03-31": "0.38720", "2012-12-31": "0.35520", "2012-09-30": "0.48430", "2012-06-30": "0.52490", "2012-03-31": "0.51030", "2011-12-31": "0.51630", "2011-09-30": "0.51520", "2011-06-30": "0.50380", "2011-03-31": "0.48480", "2010-12-31": "0.47110", "2010-09-30": "0.50260", "2010-06-30": "0.49720", "2010-03-31": "0.45240", "2009-12-31": "0.45410", "2009-09-30": "0.46120", "2009-06-30": "0.46010", "2009-03-31": "0.45850", "2008-12-31": "0.52570", "2008-09-30": "0.55740", "2008-06-30": "0.54770", "2008-03-31": "0.52510", "2007-12-31": "0.52070", "2007-09-30": "0.53670", "2007-06-30": "0.53440", "2007-03-31": "0.52020", "2006-12-31": "0.48730", "2006-09-30": "0.71890", "2006-06-30": "0.75650", "2006-03-31": "0.75120", "2005-12-31": "0.74900", "2005-09-30": "0.65070", "2005-06-30": "0.83000", "2005-03-31": "0.77440"}, "Inventory Turnover Ratio": {"2020-09-30": "1.42360", "2020-06-30": "0.71470", "2020-03-31": "1.67510", "2019-12-31": "1.68990", "2019-09-30": "1.81700", "2019-06-30": "1.73400", "2019-03-31": "1.57660", "2018-12-31": "1.70870", "2018-09-30": "1.80200", "2018-06-30": "1.82210", "2018-03-31": "1.69980", "2017-12-31": "1.68750", "2017-09-30": "1.74570", "2017-06-30": "1.78170", "2017-03-31": "1.67340", "2016-12-31": "1.75880", "2016-09-30": "1.79000", "2016-06-30": "1.84360", "2016-03-31": "1.68320", "2015-12-31": "1.84920", "2015-09-30": "1.82630", "2015-06-30": "1.81230", "2015-03-31": "1.77890", "2014-12-31": "1.94430", "2014-09-30": "1.95680", "2014-06-30": "1.87420", "2014-03-31": "1.77050", "2013-12-31": "1.91010", "2013-09-30": "1.92940", "2013-06-30": "1.85650", "2013-03-31": "1.80080", "2012-12-31": "1.64630", "2012-09-30": "1.98780", "2012-06-30": "2.05130", "2012-03-31": "2.02670", "2011-12-31": "2.01200", "2011-09-30": "2.00300", "2011-06-30": "1.92020", "2011-03-31": "1.81470", "2010-12-31": "1.80230", "2010-09-30": "1.93260", "2010-06-30": "1.91190", "2010-03-31": "1.81670", "2009-12-31": "1.80560", "2009-09-30": "1.88070", "2009-06-30": "1.81000", "2009-03-31": "1.67790", "2008-12-31": "1.89120", "2008-09-30": "2.00380", "2008-06-30": "1.97610", "2008-03-31": "1.90090", "2007-12-31": "1.78260", "2007-09-30": "1.90160", "2007-06-30": "1.90600", "2007-03-31": "1.89990", "2006-12-31": "1.77460", "2006-09-30": "1.96850", "2006-06-30": "1.98680", "2006-03-31": "1.99320", "2005-12-31": "1.96510", "2005-09-30": "2.02050", "2005-06-30": "2.22370", "2005-03-31": "2.09350"}, "Receiveable Turnover": {"2020-09-30": "1.52190", "2020-06-30": "0.78830", "2020-03-31": "1.52370", "2019-12-31": "1.63330", "2019-09-30": "1.53720", "2019-06-30": "1.51280", "2019-03-31": "1.45940", "2018-12-31": "1.56110", "2018-09-30": "1.53520", "2018-06-30": "1.59430", "2018-03-31": "1.56220", "2017-12-31": "1.54230", "2017-09-30": "1.51620", "2017-06-30": "1.57260", "2017-03-31": "1.57170", "2016-12-31": "1.59380", "2016-09-30": "1.58480", "2016-06-30": "1.62920", "2016-03-31": "1.54350", "2015-12-31": "1.51310", "2015-09-30": "1.57570", "2015-06-30": "1.61650", "2015-03-31": "1.50600", "2014-12-31": "1.52060", "2014-09-30": "1.53880", "2014-06-30": "1.53750", "2014-03-31": "1.49380", "2013-12-31": "1.57520", "2013-09-30": "1.56180", "2013-06-30": "1.56310", "2013-03-31": "1.49620", "2012-12-31": "1.44890", "2012-09-30": "1.53350", "2012-06-30": "1.57790", "2012-03-31": "1.53850", "2011-12-31": "1.59740", "2011-09-30": "1.58070", "2011-06-30": "1.58620", "2011-03-31": "1.54650", "2010-12-31": "1.57020", "2010-09-30": "1.57210", "2010-06-30": "1.63560", "2010-03-31": "1.53410", "2009-12-31": "1.62580", "2009-09-30": "1.56880", "2009-06-30": "1.56120", "2009-03-31": "1.56450", "2008-12-31": "1.67660", "2008-09-30": "1.63500", "2008-06-30": "1.64070", "2008-03-31": "1.60460", "2007-12-31": "1.60460", "2007-09-30": "1.58750", "2007-06-30": "1.60460", "2007-03-31": "1.56060", "2006-12-31": "1.51720", "2006-09-30": "2.72890", "2006-06-30": "3.19170", "2006-03-31": "3.33730", "2005-12-31": "3.39160", "2005-09-30": "2.36560", "2005-06-30": "2.96900", "2005-03-31": "2.73710"}, "Days Sales In Receivables": {"2020-09-30": "59.13780", "2020-06-30": "114.16820", "2020-03-31": "59.06700", "2019-12-31": "55.10250", "2019-09-30": "58.54660", "2019-06-30": "59.49110", "2019-03-31": "61.66940", "2018-12-31": "57.65090", "2018-09-30": "58.62390", "2018-06-30": "56.45080", "2018-03-31": "57.61210", "2017-12-31": "58.35300", "2017-09-30": "59.35930", "2017-06-30": "57.22960", "2017-03-31": "57.26210", "2016-12-31": "56.46870", "2016-09-30": "56.79010", "2016-06-30": "55.24240", "2016-03-31": "58.30850", "2015-12-31": "59.48200", "2015-09-30": "57.11820", "2015-06-30": "55.67550", "2015-03-31": "59.76260", "2014-12-31": "59.18830", "2014-09-30": "58.48640", "2014-06-30": "58.53560", "2014-03-31": "60.25050", "2013-12-31": "57.13460", "2013-09-30": "57.62740", "2013-06-30": "57.57810", "2013-03-31": "60.15240", "2012-12-31": "62.11500", "2012-09-30": "58.68820", "2012-06-30": "57.03960", "2012-03-31": "58.50030", "2011-12-31": "56.34170", "2011-09-30": "56.93540", "2011-06-30": "56.73880", "2011-03-31": "58.19660", "2010-12-31": "57.31850", "2010-09-30": "57.24910", "2010-06-30": "55.02710", "2010-03-31": "58.66570", "2009-12-31": "55.35590", "2009-09-30": "57.36800", "2009-06-30": "57.64830", "2009-03-31": "57.52690", "2008-12-31": "53.67890", "2008-09-30": "55.04670", "2008-06-30": "54.85550", "2008-03-31": "56.08970", "2007-12-31": "56.09000", "2007-09-30": "56.69200", "2007-06-30": "56.09010", "2007-03-31": "57.67120", "2006-12-31": "59.32110", "2006-09-30": "32.97990", "2006-06-30": "28.19830", "2006-03-31": "26.96790", "2005-12-31": "26.53620", "2005-09-30": "38.04590", "2005-06-30": "30.31350", "2005-03-31": "32.88120"}, "ROE - Return On Equity": {"2020-09-30": "2.49090", "2020-06-30": "-1.11140", "2020-03-31": "1.55190", "2019-12-31": "2.33300", "2019-09-30": "2.94230", "2019-06-30": "2.96110", "2019-03-31": "1.91000", "2018-12-31": "2.72650", "2018-09-30": "2.98610", "2018-06-30": "2.66300", "2018-03-31": "2.01470", "2017-12-31": "1.05010", "2017-09-30": "2.54250", "2017-06-30": "2.36430", "2017-03-31": "1.83720", "2016-12-31": "2.43200", "2016-09-30": "-1.55680", "2016-06-30": "2.56630", "2016-03-31": "1.82380", "2015-12-31": "2.73730", "2015-09-30": "3.54490", "2015-06-30": "2.71390", "2015-03-31": "2.54680", "2014-12-31": "3.83670", "2014-09-30": "4.23430", "2014-06-30": "3.64050", "2014-03-31": "2.92380", "2013-12-31": "3.28400", "2013-09-30": "3.97610", "2013-06-30": "3.97840", "2013-03-31": "5.19940", "2012-12-31": "1.70540", "2012-09-30": "4.10420", "2012-06-30": "4.01320", "2012-03-31": "3.75150", "2011-12-31": "4.07440", "2011-09-30": "4.19870", "2011-06-30": "4.00600", "2011-03-31": "3.11080", "2010-12-31": "3.03180", "2010-09-30": "3.07320", "2010-06-30": "2.64350", "2010-03-31": "1.86910", "2009-12-31": "2.18340", "2009-09-30": "3.49680", "2009-06-30": "3.21980", "2009-03-31": "2.99890", "2008-12-31": "5.26130", "2008-09-30": "8.88790", "2008-06-30": "8.66220", "2008-03-31": "6.79090", "2007-12-31": "8.70340", "2007-09-30": "12.55250", "2007-06-30": "10.67200", "2007-03-31": "7.72760", "2006-12-31": "7.63950", "2006-09-30": "8.54240", "2006-06-30": "8.76120", "2006-03-31": "8.11590", "2005-12-31": "8.08530", "2005-09-30": "5.68850", "2005-06-30": "6.76270", "2005-03-31": "3.02480"}, "Return On Tangible Equity": {"2020-09-30": "-4.03400", "2020-06-30": "1.63910", "2020-03-31": "15.78270", "2019-12-31": "24.81410", "2019-09-30": "43.72460", "2019-06-30": "81.43020", "2019-03-31": "28.90350", "2018-12-31": "63.73380", "2018-09-30": "46.76220", "2018-06-30": "71.65960", "2018-03-31": "179.51700", "2017-12-31": "-97.30210", "2017-09-30": "-111.99380", "2017-06-30": "-184.41850", "2017-03-31": "-70.82870", "2016-12-31": "-29.72030", "2016-09-30": "20.62160", "2016-06-30": "-22.89630", "2016-03-31": "-11.87030", "2015-12-31": "-15.59110", "2015-09-30": "-21.12150", "2015-06-30": "-19.29090", "2015-03-31": "-19.74920", "2014-12-31": "-31.19880", "2014-09-30": "-26.64370", "2014-06-30": "-18.24300", "2014-03-31": "-12.12320", "2013-12-31": "-14.17800", "2013-09-30": "-14.35090", "2013-06-30": "-11.66330", "2013-03-31": "-13.40580", "2012-12-31": "-3.67560", "2012-09-30": "29.76710", "2012-06-30": "19.88290", "2012-03-31": "22.59280", "2011-12-31": "30.31250", "2011-09-30": "36.87780", "2011-06-30": "46.82700", "2011-03-31": "73.87150", "2010-12-31": "1353.46600", "2010-09-30": "23.54340", "2010-06-30": "28.69520", "2010-03-31": "23.47870", "2009-12-31": "42.18060", "2009-09-30": "225.23750", "2009-06-30": "-20.90190", "2009-03-31": "-13.36210", "2008-12-31": "-20.23190", "2008-09-30": "-27.54950", "2008-06-30": "-20.64800", "2008-03-31": "-13.27980", "2007-12-31": "-11.77700", "2007-09-30": "-15.21020", "2007-06-30": "-12.24540", "2007-03-31": "-11.37540", "2006-12-31": "-18.47780", "2006-09-30": "90.37580", "2006-06-30": "-2615.08900", "2006-03-31": "-54.19540", "2005-12-31": "-29.50790", "2005-09-30": "-14.79520", "2005-06-30": "658.33030", "2005-03-31": "-42.71410"}, "ROA - Return On Assets": {"2020-09-30": "0.67440", "2020-06-30": "-0.29370", "2020-03-31": "0.65330", "2019-12-31": "1.05020", "2019-09-30": "1.27470", "2019-06-30": "1.24740", "2019-03-31": "0.84160", "2018-12-31": "1.26090", "2018-09-30": "1.39460", "2018-06-30": "1.22320", "2018-03-31": "0.91170", "2017-12-31": "0.46930", "2017-09-30": "1.12450", "2017-06-30": "1.07130", "2017-03-31": "0.83790", "2016-12-31": "1.07750", "2016-09-30": "-0.67300", "2016-06-30": "1.06230", "2016-03-31": "0.73620", "2015-12-31": "1.06260", "2015-09-30": "1.34380", "2015-06-30": "1.07140", "2015-03-31": "1.01450", "2014-12-31": "1.55600", "2014-09-30": "1.64750", "2014-06-30": "1.39550", "2014-03-31": "1.10070", "2013-12-31": "1.24660", "2013-09-30": "1.47700", "2013-06-30": "1.40970", "2013-03-31": "1.80100", "2012-12-31": "0.57230", "2012-09-30": "1.85350", "2012-06-30": "1.84930", "2012-03-31": "1.68210", "2011-12-31": "1.78140", "2011-09-30": "1.75680", "2011-06-30": "1.65920", "2011-03-31": "1.26350", "2010-12-31": "1.23190", "2010-09-30": "1.27730", "2010-06-30": "1.09740", "2010-03-31": "0.75620", "2009-12-31": "0.87210", "2009-09-30": "1.34540", "2009-06-30": "1.04990", "2009-03-31": "0.90420", "2008-12-31": "1.46070", "2008-09-30": "2.18180", "2008-06-30": "2.00010", "2008-03-31": "1.53000", "2007-12-31": "1.85180", "2007-09-30": "2.49220", "2007-06-30": "2.10030", "2007-03-31": "1.72720", "2006-12-31": "2.06470", "2006-09-30": "3.17890", "2006-06-30": "3.12460", "2006-03-31": "2.63840", "2005-12-31": "2.40650", "2005-09-30": "1.43820", "2005-06-30": "2.14440", "2005-03-31": "0.88660"}, "ROI - Return On Investment": {"2020-09-30": "0.98920", "2020-06-30": "-0.42180", "2020-03-31": "0.91260", "2019-12-31": "1.49880", "2019-09-30": "1.82110", "2019-06-30": "1.78860", "2019-03-31": "1.23000", "2018-12-31": "1.76120", "2018-09-30": "1.92550", "2018-06-30": "1.68270", "2018-03-31": "1.25460", "2017-12-31": "0.64800", "2017-09-30": "1.54150", "2017-06-30": "1.44430", "2017-03-31": "1.12260", "2016-12-31": "1.43550", "2016-09-30": "-1.55680", "2016-06-30": "1.50920", "2016-03-31": "1.05140", "2015-12-31": "1.51130", "2015-09-30": "1.94070", "2015-06-30": "1.53320", "2015-03-31": "1.47420", "2014-12-31": "2.24540", "2014-09-30": "2.39080", "2014-06-30": "2.01690", "2014-03-31": "1.60480", "2013-12-31": "1.80410", "2013-09-30": "2.11130", "2013-06-30": "2.03270", "2013-03-31": "2.58580", "2012-12-31": "0.81550", "2012-09-30": "2.82830", "2012-06-30": "2.90130", "2012-03-31": "2.62790", "2011-12-31": "2.75730", "2011-09-30": "2.68220", "2011-06-30": "2.50170", "2011-03-31": "1.96080", "2010-12-31": "1.85770", "2010-09-30": "2.13190", "2010-06-30": "1.81040", "2010-03-31": "1.22430", "2009-12-31": "1.36450", "2009-09-30": "2.02220", "2009-06-30": "1.51040", "2009-03-31": "1.51750", "2008-12-31": "2.55230", "2008-09-30": "4.66270", "2008-06-30": "4.10640", "2008-03-31": "3.10100", "2007-12-31": "3.73000", "2007-09-30": "5.22610", "2007-06-30": "4.26930", "2007-03-31": "3.43880", "2006-12-31": "3.86880", "2006-09-30": "5.68820", "2006-06-30": "5.63660", "2006-03-31": "4.96000", "2005-12-31": "4.70970", "2005-09-30": "3.16050", "2005-06-30": "4.19880", "2005-03-31": "1.76390"}, "Book Value Per Share": {"2020-09-30": "64.20960", "2020-06-30": "61.95540", "2020-03-31": "52.59060", "2019-12-31": "54.03900", "2019-09-30": "52.33370", "2019-06-30": "50.25740", "2019-03-31": "48.96580", "2018-12-31": "47.21590", "2018-09-30": "47.73680", "2018-06-30": "45.98300", "2018-03-31": "45.30790", "2017-12-31": "45.01520", "2017-09-30": "44.83470", "2017-06-30": "43.67350", "2017-03-31": "42.18400", "2016-12-31": "40.39480", "2016-09-30": "41.01080", "2016-06-30": "45.98680", "2016-03-31": "44.83310", "2015-12-31": "42.06080", "2015-09-30": "41.73820", "2015-06-30": "42.81650", "2015-03-31": "41.50260", "2014-12-31": "43.33930", "2014-09-30": "47.54850", "2014-06-30": "47.08340", "2014-03-31": "39.91630", "2013-12-31": "39.86700", "2013-09-30": "39.33220", "2013-06-30": "37.23050", "2013-03-31": "36.69750", "2012-12-31": "35.26230", "2012-09-30": "35.32940", "2012-06-30": "33.65650", "2012-03-31": "32.41850", "2011-12-31": "30.99460", "2011-09-30": "29.64770", "2011-06-30": "26.31890", "2011-03-31": "25.26650", "2010-12-31": "26.70530", "2010-09-30": "25.77050", "2010-06-30": "24.74590", "2010-03-31": "24.19100", "2009-12-31": "21.30830", "2009-09-30": "22.73970", "2009-06-30": "19.43310", "2009-03-31": "18.35750", "2008-12-31": "17.87650", "2008-09-30": "17.07180", "2008-06-30": "15.80030", "2008-03-31": "14.71710", "2007-12-31": "14.10340", "2007-09-30": "13.02280", "2007-06-30": "12.39910", "2007-03-31": "13.21500", "2006-12-31": "15.40440", "2006-09-30": "15.55110", "2006-06-30": "14.12870", "2006-03-31": "12.48330", "2005-12-31": "10.30030", "2005-09-30": "10.23930", "2005-06-30": "9.58750", "2005-03-31": "8.80170"}, "Operating Cash Flow Per Share": {"2020-09-30": 5.1959, "2020-06-30": 2.3527, "2020-03-31": "0.74930", "2019-12-31": 2.4065, "2019-09-30": 2.9532, "2019-06-30": -0.8349, "2019-03-31": "0.63460", "2018-12-31": 2.6127, "2018-09-30": 1.848, "2018-06-30": 0.7128, "2018-03-31": "1.11310", "2017-12-31": 1.3868, "2017-09-30": 0.3278, "2017-06-30": 0.4045, "2017-03-31": "0.96440", "2016-12-31": 1.2049, "2016-09-30": 2.1564, "2016-06-30": 1.1722, "2016-03-31": "1.67830", "2015-12-31": 2.0799, "2015-09-30": 0.9836, "2015-06-30": 0.8303, "2015-03-31": "1.72530", "2014-12-31": 2.0897, "2014-09-30": 1.6754, "2014-06-30": 0.0755, "2014-03-31": "0.87520", "2013-12-31": 2.5663, "2013-09-30": 1.1326, "2013-06-30": 0.7528, "2013-03-31": "1.53390", "2012-12-31": 1.9, "2012-09-30": 1.4809, "2012-06-30": 1.1175, "2012-03-31": "1.13750", "2011-12-31": 1.8942, "2011-09-30": 1.0344, "2011-06-30": -0.1827, "2011-03-31": "0.63020", "2010-12-31": 1.1018, "2010-09-30": 0.1651, "2010-06-30": -0.0798, "2010-03-31": "1.57310", "2009-12-31": 0.0327, "2009-09-30": 2.0129, "2009-06-30": 1.6272, "2009-03-31": "3.16220", "2008-12-31": 1.1973, "2008-09-30": 2.0381, "2008-06-30": 1.1385, "2008-03-31": "2.08850", "2007-12-31": 0.9903, "2007-09-30": 1.8138, "2007-06-30": 1.1742, "2007-03-31": "1.45750", "2006-12-31": 2.7077, "2006-09-30": 0.1083, "2006-06-30": 0.4996, "2006-03-31": "0.63150", "2005-12-31": 2.6329, "2005-09-30": 0.6101, "2005-06-30": 0.667, "2005-03-31": "2.08330"}, "Free Cash Flow Per Share": {"2020-09-30": 4.9879, "2020-06-30": 2.0923, "2020-03-31": "0.37470", "2019-12-31": 2.4949, "2019-09-30": 2.7261, "2019-06-30": -1.0853, "2019-03-31": "0.39660", "2018-12-31": 2.6096, "2018-09-30": 1.6925, "2018-06-30": 0.5291, "2018-03-31": "0.95220", "2017-12-31": 1.416, "2017-09-30": 0.1946, "2017-06-30": 0.2946, "2017-03-31": "0.87350", "2016-12-31": 1.3103, "2016-09-30": 1.9982, "2016-06-30": 1.1035, "2016-03-31": "1.60130", "2015-12-31": 2.0365, "2015-09-30": 0.9002, "2015-06-30": 0.6833, "2015-03-31": "1.62910", "2014-12-31": 2.2866, "2014-09-30": 1.5945, "2014-06-30": -0.0509, "2014-03-31": "0.78130", "2013-12-31": 2.6327, "2013-09-30": 0.9674, "2013-06-30": 0.6424, "2013-03-31": "1.41990", "2012-12-31": 1.8614, "2012-09-30": 1.3393, "2012-06-30": 0.9646, "2012-03-31": "1.04960", "2011-12-31": 1.7169, "2011-09-30": 0.8557, "2011-06-30": -0.3873, "2011-03-31": "0.52080", "2010-12-31": 0.9959, "2010-09-30": 0.09, "2010-06-30": -0.1556, "2010-03-31": "1.52200", "2009-12-31": -0.0253, "2009-09-30": 1.9132, "2009-06-30": 1.549, "2009-03-31": "3.09700", "2008-12-31": 1.0074, "2008-09-30": 1.863, "2008-06-30": 1.0332, "2008-03-31": "1.83170", "2007-12-31": 0.8963, "2007-09-30": 1.72, "2007-06-30": 1.0928, "2007-03-31": "1.40280", "2006-12-31": 2.6435, "2006-09-30": 0.0759, "2006-06-30": 0.416, "2006-03-31": "0.54990", "2005-12-31": 2.5679, "2005-09-30": 0.548, "2005-06-30": 0.5615, "2005-03-31": "2.02840"}}, "revenue": {"WESCO Annual Revenue (Millions of US $)": {"2019": "$8,359", "2018": "$8,177", "2017": "$7,679", "2016": "$7,336", "2015": "$7,518", "2014": "$7,890", "2013": "$7,513", "2012": "$6,579", "2011": "$6,126", "2010": "$5,064", "2009": "$4,624", "2008": "$6,111", "2007": "$6,003", "2006": "$5,321", "2005": "$4,421"}, "WESCO Quarterly Revenue (Millions of US $)": {"2020-09-30": "$4,142", "2020-06-30": "$2,087", "2020-03-31": "$1,969", "2019-12-31": "$2,099", "2019-09-30": "$2,148", "2019-06-30": "$2,150", "2019-03-31": "$1,961", "2018-12-31": "$2,011", "2018-09-30": "$2,067", "2018-06-30": "$2,104", "2018-03-31": "$1,994", "2017-12-31": "$1,997", "2017-09-30": "$2,000", "2017-06-30": "$1,910", "2017-03-31": "$1,773", "2016-12-31": "$1,793", "2016-09-30": "$1,855", "2016-06-30": "$1,912", "2016-03-31": "$1,776", "2015-12-31": "$1,862", "2015-09-30": "$1,924", "2015-06-30": "$1,917", "2015-03-31": "$1,816", "2014-12-31": "$1,995", "2014-09-30": "$2,078", "2014-06-30": "$2,005", "2014-03-31": "$1,811", "2013-12-31": "$1,880", "2013-09-30": "$1,931", "2013-06-30": "$1,894", "2013-03-31": "$1,808", "2012-12-31": "$1,644", "2012-09-30": "$1,656", "2012-06-30": "$1,673", "2012-03-31": "$1,606", "2011-12-31": "$1,590", "2011-09-30": "$1,580", "2011-06-30": "$1,525", "2011-03-31": "$1,431", "2010-12-31": "$1,332", "2010-09-30": "$1,325", "2010-06-30": "$1,259", "2010-03-31": "$1,149", "2009-12-31": "$1,133", "2009-09-30": "$1,152", "2009-06-30": "$1,159", "2009-03-31": "$1,180", "2008-12-31": "$1,430", "2008-09-30": "$1,628", "2008-06-30": "$1,588", "2008-03-31": "$1,465", "2007-12-31": "$1,489", "2007-09-30": "$1,546", "2007-06-30": "$1,518", "2007-03-31": "$1,451", "2006-12-31": "$1,376", "2006-09-30": "$1,343", "2006-06-30": "$1,336", "2006-03-31": "$1,266", "2005-12-31": "$1,237", "2005-09-30": "$1,131", "2005-06-30": "$1,062", "2005-03-31": "$991"}}, "gross-profit": {"WESCO Annual Gross Profit (Millions of US $)": {"2019": "$1,581", "2018": "$1,567", "2017": "$1,485", "2016": "$1,448", "2015": "$1,494", "2014": "$1,611", "2013": "$1,545", "2012": "$1,331", "2011": "$1,237", "2010": "$998", "2009": "$900", "2008": "$1,207", "2007": "$1,222", "2006": "$1,087", "2005": "$841"}, "WESCO Quarterly Gross Profit (Millions of US $)": {"2020-09-30": "$786", "2020-06-30": "$394", "2020-03-31": "$376", "2019-12-31": "$390", "2019-09-30": "$400", "2019-06-30": "$409", "2019-03-31": "$382", "2018-12-31": "$390", "2018-09-30": "$397", "2018-06-30": "$400", "2018-03-31": "$380", "2017-12-31": "$383", "2017-09-30": "$385", "2017-06-30": "$366", "2017-03-31": "$350", "2016-12-31": "$349", "2016-09-30": "$365", "2016-06-30": "$379", "2016-03-31": "$355", "2015-12-31": "$364", "2015-09-30": "$381", "2015-06-30": "$382", "2015-03-31": "$368", "2014-12-31": "$402", "2014-09-30": "$422", "2014-06-30": "$412", "2014-03-31": "$375", "2013-12-31": "$376", "2013-09-30": "$396", "2013-06-30": "$393", "2013-03-31": "$381", "2012-12-31": "$337", "2012-09-30": "$339", "2012-06-30": "$336", "2012-03-31": "$320", "2011-12-31": "$328", "2011-09-30": "$316", "2011-06-30": "$307", "2011-03-31": "$286", "2010-12-31": "$270", "2010-09-30": "$258", "2010-06-30": "$243", "2010-03-31": "$227", "2009-12-31": "$217", "2009-09-30": "$221", "2009-06-30": "$224", "2009-03-31": "$238", "2008-12-31": "$284", "2008-09-30": "$316", "2008-06-30": "$310", "2008-03-31": "$296", "2007-12-31": "$302", "2007-09-30": "$313", "2007-06-30": "$308", "2007-03-31": "$299", "2006-12-31": "$287", "2006-09-30": "$276", "2006-06-30": "$271", "2006-03-31": "$253", "2005-12-31": "$253", "2005-09-30": "$208", "2005-06-30": "$195", "2005-03-31": "$185"}}, "operating-income": {"WESCO Annual Operating Income (Millions of US $)": {"2019": "$346", "2018": "$352", "2017": "$319", "2016": "$331", "2015": "$374", "2014": "$466", "2013": "$481", "2012": "$333", "2011": "$333", "2010": "$211", "2009": "$180", "2008": "$346", "2007": "$394", "2006": "$365", "2005": "$209"}, "WESCO Quarterly Operating Income (Millions of US $)": {"2020-09-30": "$178", "2020-06-30": "$15", "2020-03-31": "$61", "2019-12-31": "$84", "2019-09-30": "$94", "2019-06-30": "$98", "2019-03-31": "$71", "2018-12-31": "$90", "2018-09-30": "$98", "2018-06-30": "$91", "2018-03-31": "$73", "2017-12-31": "$81", "2017-09-30": "$89", "2017-06-30": "$83", "2017-03-31": "$67", "2016-12-31": "$80", "2016-09-30": "$93", "2016-06-30": "$88", "2016-03-31": "$70", "2015-12-31": "$90", "2015-09-30": "$106", "2015-06-30": "$90", "2015-03-31": "$87", "2014-12-31": "$124", "2014-09-30": "$133", "2014-06-30": "$116", "2014-03-31": "$93", "2013-12-31": "$111", "2013-09-30": "$124", "2013-06-30": "$110", "2013-03-31": "$137", "2012-12-31": "$50", "2012-09-30": "$103", "2012-06-30": "$96", "2012-03-31": "$84", "2011-12-31": "$91", "2011-09-30": "$92", "2011-06-30": "$85", "2011-03-31": "$65", "2010-12-31": "$60", "2010-09-30": "$61", "2010-06-30": "$51", "2010-03-31": "$38", "2009-12-31": "$43", "2009-09-30": "$46", "2009-06-30": "$48", "2009-03-31": "$44", "2008-12-31": "$73", "2008-09-30": "$99", "2008-06-30": "$97", "2008-03-31": "$77", "2007-12-31": "$99", "2007-09-30": "$109", "2007-06-30": "$104", "2007-03-31": "$83", "2006-12-31": "$93", "2006-09-30": "$100", "2006-06-30": "$95", "2006-03-31": "$77", "2005-12-31": "$75", "2005-09-30": "$47", "2005-06-30": "$49", "2005-03-31": "$39"}}, "ebitda": {"WESCO Annual EBITDA (Millions of US $)": {"2019": "$408", "2018": "$415", "2017": "$383", "2016": "$404", "2015": "$451", "2014": "$543", "2013": "$558", "2012": "$375", "2011": "$372", "2010": "$242", "2009": "$221", "2008": "$390", "2007": "$448", "2006": "$396", "2005": "$226"}, "WESCO Quarterly EBITDA (Millions of US $)": {"2020-09-30": "$224", "2020-06-30": "$34", "2020-03-31": "$77", "2019-12-31": "$100", "2019-09-30": "$109", "2019-06-30": "$113", "2019-03-31": "$86", "2018-12-31": "$106", "2018-09-30": "$113", "2018-06-30": "$107", "2018-03-31": "$89", "2017-12-31": "$97", "2017-09-30": "$105", "2017-06-30": "$98", "2017-03-31": "$83", "2016-12-31": "$104", "2016-09-30": "$109", "2016-06-30": "$105", "2016-03-31": "$86", "2015-12-31": "$119", "2015-09-30": "$123", "2015-06-30": "$106", "2015-03-31": "$103", "2014-12-31": "$150", "2014-09-30": "$151", "2014-06-30": "$133", "2014-03-31": "$109", "2013-12-31": "$137", "2013-09-30": "$140", "2013-06-30": "$127", "2013-03-31": "$154", "2012-12-31": "$66", "2012-09-30": "$113", "2012-06-30": "$104", "2012-03-31": "$92", "2011-12-31": "$101", "2011-09-30": "$103", "2011-06-30": "$94", "2011-03-31": "$74", "2010-12-31": "$67", "2010-09-30": "$69", "2010-06-30": "$59", "2010-03-31": "$46", "2009-12-31": "$51", "2009-09-30": "$56", "2009-06-30": "$59", "2009-03-31": "$55", "2008-12-31": "$84", "2008-09-30": "$110", "2008-06-30": "$108", "2008-03-31": "$88", "2007-12-31": "$123", "2007-09-30": "$119", "2007-06-30": "$114", "2007-03-31": "$92", "2006-12-31": "$103", "2006-09-30": "$107", "2006-06-30": "$102", "2006-03-31": "$84", "2005-12-31": "$79", "2005-09-30": "$51", "2005-06-30": "$53", "2005-03-31": "$43"}}, "net-income": {"WESCO Annual Net Income (Millions of US $)": {"2019": "$223", "2018": "$227", "2017": "$163", "2016": "$102", "2015": "$211", "2014": "$276", "2013": "$276", "2012": "$202", "2011": "$196", "2010": "$115", "2009": "$105", "2008": "$204", "2007": "$233", "2006": "$217", "2005": "$104"}, "WESCO Quarterly Net Income (Millions of US $)": {"2020-09-30": "$66", "2020-06-30": "$-36", "2020-03-31": "$34", "2019-12-31": "$53", "2019-09-30": "$64", "2019-06-30": "$63", "2019-03-31": "$42", "2018-12-31": "$58", "2018-09-30": "$67", "2018-06-30": "$58", "2018-03-31": "$44", "2017-12-31": "$23", "2017-09-30": "$54", "2017-06-30": "$50", "2017-03-31": "$38", "2016-12-31": "$47", "2016-09-30": "$-32", "2016-06-30": "$50", "2016-03-31": "$36", "2015-12-31": "$48", "2015-09-30": "$64", "2015-06-30": "$52", "2015-03-31": "$47", "2014-12-31": "$74", "2014-09-30": "$81", "2014-06-30": "$69", "2014-03-31": "$52", "2013-12-31": "$58", "2013-09-30": "$69", "2013-06-30": "$65", "2013-03-31": "$84", "2012-12-31": "$27", "2012-09-30": "$63", "2012-06-30": "$59", "2012-03-31": "$53", "2011-12-31": "$55", "2011-09-30": "$54", "2011-06-30": "$50", "2011-03-31": "$37", "2010-12-31": "$35", "2010-09-30": "$34", "2010-06-30": "$28", "2010-03-31": "$19", "2009-12-31": "$22", "2009-09-30": "$34", "2009-06-30": "$26", "2009-03-31": "$23", "2008-12-31": "$40", "2008-09-30": "$64", "2008-06-30": "$58", "2008-03-31": "$43", "2007-12-31": "$53", "2007-09-30": "$72", "2007-06-30": "$60", "2007-03-31": "$48", "2006-12-31": "$58", "2006-09-30": "$59", "2006-06-30": "$55", "2006-03-31": "$44", "2005-12-31": "$40", "2005-09-30": "$25", "2005-06-30": "$27", "2005-03-31": "$11"}}, "eps-earnings-per-share-diluted": {"WESCO Annual EPS": {"2019": "$5.14", "2018": "$4.82", "2017": "$3.38", "2016": "$2.10", "2015": "$4.18", "2014": "$5.18", "2013": "$5.25", "2012": "$3.95", "2011": "$3.96", "2010": "$2.50", "2009": "$2.46", "2008": "$4.71", "2007": "$4.82", "2006": "$4.14", "2005": "$2.10"}, "WESCO Quarterly EPS": {"2020-09-30": "$1.31", "2020-06-30": "$-0.84", "2020-03-31": "$0.82", "2019-12-31": "$1.24", "2019-09-30": "$1.52", "2019-06-30": "$1.45", "2019-03-31": "$0.93", "2018-12-31": "$1.26", "2018-09-30": "$1.41", "2018-06-30": "$1.22", "2018-03-31": "$0.93", "2017-12-31": "$0.48", "2017-09-30": "$1.12", "2017-06-30": "$1.02", "2017-03-31": "$0.76", "2016-12-31": "$1.04", "2016-09-30": "$-0.73", "2016-06-30": "$1.02", "2016-03-31": "$0.77", "2015-12-31": "$1.00", "2015-09-30": "$1.28", "2015-06-30": "$1.00", "2015-03-31": "$0.90", "2014-12-31": "$1.40", "2014-09-30": "$1.52", "2014-06-30": "$1.29", "2014-03-31": "$0.97", "2013-12-31": "$1.08", "2013-09-30": "$1.32", "2013-06-30": "$1.25", "2013-03-31": "$1.60", "2012-12-31": "$0.52", "2012-09-30": "$1.25", "2012-06-30": "$1.15", "2012-03-31": "$1.03", "2011-12-31": "$1.11", "2011-09-30": "$1.11", "2011-06-30": "$1.00", "2011-03-31": "$0.74", "2010-12-31": "$0.72", "2010-09-30": "$0.74", "2010-06-30": "$0.60", "2010-03-31": "$0.44", "2009-12-31": "$0.50", "2009-09-30": "$0.79", "2009-06-30": "$0.62", "2009-03-31": "$0.55", "2008-12-31": "$0.93", "2008-09-30": "$1.48", "2008-06-30": "$1.33", "2008-03-31": "$0.97", "2007-12-31": "$1.13", "2007-09-30": "$1.54", "2007-06-30": "$1.22", "2007-03-31": "$0.93", "2006-12-31": "$1.10", "2006-09-30": "$1.13", "2006-06-30": "$1.05", "2006-03-31": "$0.86", "2005-12-31": "$0.80", "2005-09-30": "$0.51", "2005-06-30": "$0.56", "2005-03-31": "$0.23"}}, "shares-outstanding": {"WESCO Annual Shares Outstanding (Millions of Shares)": {"2019": "43", "2018": "47", "2017": "48", "2016": "48", "2015": "50", "2014": "53", "2013": "53", "2012": "51", "2011": "50", "2010": "46", "2009": "43", "2008": "43", "2007": "48", "2006": "52", "2005": "49"}, "WESCO Quarterly Shares Outstanding (Millions of Shares)": {"2020-09-30": "50", "2020-06-30": "43", "2020-03-31": "42", "2019-12-31": "43", "2019-09-30": "42", "2019-06-30": "44", "2019-03-31": "45", "2018-12-31": "47", "2018-09-30": "47", "2018-06-30": "48", "2018-03-31": "48", "2017-12-31": "48", "2017-09-30": "48", "2017-06-30": "49", "2017-03-31": "49", "2016-12-31": "48", "2016-09-30": "43", "2016-06-30": "49", "2016-03-31": "47", "2015-12-31": "50", "2015-09-30": "50", "2015-06-30": "52", "2015-03-31": "52", "2014-12-31": "53", "2014-09-30": "53", "2014-06-30": "53", "2014-03-31": "53", "2013-12-31": "53", "2013-09-30": "53", "2013-06-30": "52", "2013-03-31": "52", "2012-12-31": "51", "2012-09-30": "51", "2012-06-30": "51", "2012-03-31": "51", "2011-12-31": "50", "2011-09-30": "48", "2011-06-30": "50", "2011-03-31": "50", "2010-12-31": "46", "2010-09-30": "46", "2010-06-30": "46", "2010-03-31": "44", "2009-12-31": "43", "2009-09-30": "43", "2009-06-30": "43", "2009-03-31": "43", "2008-12-31": "43", "2008-09-30": "43", "2008-06-30": "44", "2008-03-31": "44", "2007-12-31": "48", "2007-09-30": "47", "2007-06-30": "49", "2007-03-31": "52", "2006-12-31": "52", "2006-09-30": "53", "2006-06-30": "53", "2006-03-31": "51", "2005-12-31": "49", "2005-09-30": "49", "2005-06-30": "49", "2005-03-31": "49"}}, "total-assets": {"WESCO Annual Total Assets (Millions of US $)": {"2019": "$5,018", "2018": "$4,605", "2017": "$4,735", "2016": "$4,432", "2015": "$4,570", "2014": "$4,754", "2013": "$4,649", "2012": "$4,630", "2011": "$3,078", "2010": "$2,827", "2009": "$2,494", "2008": "$2,720", "2007": "$2,860", "2006": "$2,824", "2005": "$1,651"}, "WESCO Quarterly Total Assets (Millions of US $)": {"2020-09-30": "$11,868", "2020-06-30": "$11,732", "2020-03-31": "$5,231", "2019-12-31": "$5,018", "2019-09-30": "$5,047", "2019-06-30": "$5,068", "2019-03-31": "$4,985", "2018-12-31": "$4,605", "2018-09-30": "$4,779", "2018-06-30": "$4,715", "2018-03-31": "$4,713", "2017-12-31": "$4,735", "2017-09-30": "$4,764", "2017-06-30": "$4,624", "2017-03-31": "$4,511", "2016-12-31": "$4,432", "2016-09-30": "$4,609", "2016-06-30": "$4,693", "2016-03-31": "$4,691", "2015-12-31": "$4,570", "2015-09-30": "$4,643", "2015-06-30": "$4,726", "2015-03-31": "$4,612", "2014-12-31": "$4,754", "2014-09-30": "$4,905", "2014-06-30": "$4,929", "2014-03-31": "$4,711", "2013-12-31": "$4,649", "2013-09-30": "$4,679", "2013-06-30": "$4,636", "2013-03-31": "$4,669", "2012-12-31": "$4,630", "2012-09-30": "$3,420", "2012-06-30": "$3,187", "2012-03-31": "$3,147", "2011-12-31": "$3,078", "2011-09-30": "$3,067", "2011-06-30": "$3,026", "2011-03-31": "$2,953", "2010-12-31": "$2,827", "2010-09-30": "$2,635", "2010-06-30": "$2,533", "2010-03-31": "$2,539", "2009-12-31": "$2,494", "2009-09-30": "$2,499", "2009-06-30": "$2,520", "2009-03-31": "$2,573", "2008-12-31": "$2,720", "2008-09-30": "$2,921", "2008-06-30": "$2,899", "2008-03-31": "$2,790", "2007-12-31": "$2,860", "2007-09-30": "$2,880", "2007-06-30": "$2,841", "2007-03-31": "$2,788", "2006-12-31": "$2,824", "2006-09-30": "$1,868", "2006-06-30": "$1,766", "2006-03-31": "$1,685", "2005-12-31": "$1,651", "2005-09-30": "$1,739", "2005-06-30": "$1,280", "2005-03-31": "$1,280"}}, "cash-on-hand": {"WESCO Annual Cash on Hand (Millions of US $)": {"2019": "$151", "2018": "$96", "2017": "$118", "2016": "$110", "2015": "$160", "2014": "$128", "2013": "$124", "2012": "$86", "2011": "$64", "2010": "$54", "2009": "$112", "2008": "$86", "2007": "$72", "2006": "$73", "2005": "$22"}, "WESCO Quarterly Cash on Hand (Millions of US $)": {"2020-09-30": "$352", "2020-06-30": "$265", "2020-03-31": "$343", "2019-12-31": "$151", "2019-09-30": "$138", "2019-06-30": "$87", "2019-03-31": "$106", "2018-12-31": "$96", "2018-09-30": "$143", "2018-06-30": "$111", "2018-03-31": "$124", "2017-12-31": "$118", "2017-09-30": "$94", "2017-06-30": "$88", "2017-03-31": "$103", "2016-12-31": "$110", "2016-09-30": "$113", "2016-06-30": "$160", "2016-03-31": "$148", "2015-12-31": "$160", "2015-09-30": "$133", "2015-06-30": "$174", "2015-03-31": "$154", "2014-12-31": "$128", "2014-09-30": "$110", "2014-06-30": "$102", "2014-03-31": "$96", "2013-12-31": "$124", "2013-09-30": "$99", "2013-06-30": "$105", "2013-03-31": "$117", "2012-12-31": "$86", "2012-09-30": "$108", "2012-06-30": "$72", "2012-03-31": "$64", "2011-12-31": "$64", "2011-09-30": "$94", "2011-06-30": "$79", "2011-03-31": "$52", "2010-12-31": "$54", "2010-09-30": "$103", "2010-06-30": "$96", "2010-03-31": "$121", "2009-12-31": "$112", "2009-09-30": "$111", "2009-06-30": "$103", "2009-03-31": "$105", "2008-12-31": "$86", "2008-09-30": "$103", "2008-06-30": "$116", "2008-03-31": "$94", "2007-12-31": "$72", "2007-09-30": "$64", "2007-06-30": "$65", "2007-03-31": "$55", "2006-12-31": "$73", "2006-09-30": "$59", "2006-06-30": "$38", "2006-03-31": "$30", "2005-12-31": "$22", "2005-09-30": "$61", "2005-06-30": "$15", "2005-03-31": "$19"}}, "long-term-debt": {"WESCO Annual Long Term Debt (Millions of US $)": {"2019": "$1,257", "2018": "$1,167", "2017": "$1,313", "2016": "$1,363", "2015": "$1,439", "2014": "$1,366", "2013": "$1,448", "2012": "$1,695", "2011": "$643", "2010": "$726", "2009": "$598", "2008": "$801", "2007": "$811", "2006": "$744", "2005": "$352"}, "WESCO Quarterly Long Term Debt (Millions of US $)": {"2020-09-30": "$4,878", "2020-06-30": "$5,069", "2020-03-31": "$1,543", "2019-12-31": "$1,257", "2019-09-30": "$1,346", "2019-06-30": "$1,399", "2019-03-31": "$1,214", "2018-12-31": "$1,167", "2018-09-30": "$1,229", "2018-06-30": "$1,262", "2018-03-31": "$1,292", "2017-12-31": "$1,313", "2017-09-30": "$1,368", "2017-06-30": "$1,335", "2017-03-31": "$1,310", "2016-12-31": "$1,363", "2016-09-30": "", "2016-06-30": "$1,361", "2016-03-31": "$1,391", "2015-12-31": "$1,439", "2015-09-30": "$1,455", "2015-06-30": "$1,437", "2015-03-31": "$1,337", "2014-12-31": "$1,366", "2014-09-30": "$1,472", "2014-06-30": "$1,521", "2014-03-31": "$1,458", "2013-12-31": "$1,448", "2013-09-30": "$1,535", "2013-06-30": "$1,572", "2013-03-31": "$1,635", "2012-12-31": "$1,695", "2012-09-30": "$697", "2012-06-30": "$563", "2012-03-31": "$603", "2011-12-31": "$643", "2011-09-30": "$726", "2011-06-30": "$754", "2011-03-31": "$703", "2010-12-31": "$726", "2010-09-30": "$484", "2010-06-30": "$484", "2010-03-31": "$541", "2009-12-31": "$598", "2009-09-30": "$701", "2009-06-30": "$930", "2009-03-31": "$757", "2008-12-31": "$801", "2008-09-30": "$650", "2008-06-30": "$743", "2008-03-31": "$748", "2007-12-31": "$811", "2007-09-30": "$802", "2007-06-30": "$838", "2007-03-31": "$777", "2006-12-31": "$744", "2006-09-30": "$349", "2006-06-30": "$349", "2006-03-31": "$348", "2005-12-31": "$352", "2005-09-30": "$352", "2005-06-30": "$248", "2005-03-31": "$268"}}, "total-liabilities": {"WESCO Annual Total Liabilities (Millions of US $)": {"2019": "$2,759", "2018": "$2,475", "2017": "$2,619", "2016": "$2,468", "2015": "$2,796", "2014": "$2,826", "2013": "$2,884", "2012": "$3,076", "2011": "$1,733", "2010": "$1,678", "2009": "$1,498", "2008": "$1,965", "2007": "$2,251", "2006": "$2,061", "2005": "$1,160"}, "WESCO Quarterly Total Liabilities (Millions of US $)": {"2020-09-30": "$8,655", "2020-06-30": "$8,632", "2020-03-31": "$3,029", "2019-12-31": "$2,759", "2019-09-30": "$2,861", "2019-06-30": "$2,933", "2019-03-31": "$2,788", "2018-12-31": "$2,475", "2018-09-30": "$2,547", "2018-06-30": "$2,549", "2018-03-31": "$2,580", "2017-12-31": "$2,619", "2017-09-30": "$2,657", "2017-06-30": "$2,529", "2017-03-31": "$2,454", "2016-12-31": "$2,468", "2016-09-30": "$2,617", "2016-06-30": "$2,750", "2016-03-31": "$2,797", "2015-12-31": "$2,796", "2015-09-30": "$2,883", "2015-06-30": "$2,860", "2015-03-31": "$2,775", "2014-12-31": "$2,826", "2014-09-30": "$2,997", "2014-06-30": "$3,040", "2014-03-31": "$2,938", "2013-12-31": "$2,884", "2013-09-30": "$2,941", "2013-06-30": "$2,993", "2013-03-31": "$3,052", "2012-12-31": "$3,076", "2012-09-30": "$1,875", "2012-06-30": "$1,718", "2012-03-31": "$1,736", "2011-12-31": "$1,733", "2011-09-30": "$1,784", "2011-06-30": "$1,773", "2011-03-31": "$1,753", "2010-12-31": "$1,678", "2010-09-30": "$1,540", "2010-06-30": "$1,481", "2010-03-31": "$1,512", "2009-12-31": "$1,498", "2009-09-30": "$1,537", "2009-06-30": "$1,698", "2009-03-31": "$1,797", "2008-12-31": "$1,965", "2008-09-30": "$2,204", "2008-06-30": "$2,230", "2008-03-31": "$2,162", "2007-12-31": "$2,251", "2007-09-30": "$2,308", "2007-06-30": "$2,282", "2007-03-31": "$2,165", "2006-12-31": "$2,061", "2006-09-30": "$1,173", "2006-06-30": "$1,136", "2006-03-31": "$1,137", "2005-12-31": "$1,160", "2005-09-30": "$1,299", "2005-06-30": "$874", "2005-03-31": "$904"}}, "total-share-holder-equity": {"WESCO Annual Share Holder Equity (Millions of US $)": {"2019": "$2,259", "2018": "$2,130", "2017": "$2,116", "2016": "$1,964", "2015": "$1,774", "2014": "$1,928", "2013": "$1,765", "2012": "$1,554", "2011": "$1,346", "2010": "$1,149", "2009": "$996", "2008": "$755", "2007": "$608", "2006": "$763", "2005": "$491"}, "WESCO Quarterly Share Holder Equity (Millions of US $)": {"2020-09-30": "$3,213", "2020-06-30": "$3,100", "2020-03-31": "$2,202", "2019-12-31": "$2,259", "2019-09-30": "$2,187", "2019-06-30": "$2,135", "2019-03-31": "$2,196", "2018-12-31": "$2,130", "2018-09-30": "$2,232", "2018-06-30": "$2,166", "2018-03-31": "$2,133", "2017-12-31": "$2,116", "2017-09-30": "$2,107", "2017-06-30": "$2,095", "2017-03-31": "$2,057", "2016-12-31": "$1,964", "2016-09-30": "$1,993", "2016-06-30": "$1,943", "2016-03-31": "$1,893", "2015-12-31": "$1,774", "2015-09-30": "$1,760", "2015-06-30": "$1,866", "2015-03-31": "$1,837", "2014-12-31": "$1,928", "2014-09-30": "$1,909", "2014-06-30": "$1,890", "2014-03-31": "$1,774", "2013-12-31": "$1,765", "2013-09-30": "$1,738", "2013-06-30": "$1,643", "2013-03-31": "$1,617", "2012-12-31": "$1,554", "2012-09-30": "$1,545", "2012-06-30": "$1,468", "2012-03-31": "$1,411", "2011-12-31": "$1,346", "2011-09-30": "$1,284", "2011-06-30": "$1,253", "2011-03-31": "$1,199", "2010-12-31": "$1,149", "2010-09-30": "$1,095", "2010-06-30": "$1,051", "2010-03-31": "$1,027", "2009-12-31": "$996", "2009-09-30": "$961", "2009-06-30": "$822", "2009-03-31": "$776", "2008-12-31": "$755", "2008-09-30": "$717", "2008-06-30": "$669", "2008-03-31": "$629", "2007-12-31": "$608", "2007-09-30": "$572", "2007-06-30": "$559", "2007-03-31": "$623", "2006-12-31": "$763", "2006-09-30": "$695", "2006-06-30": "$630", "2006-03-31": "$548", "2005-12-31": "$491", "2005-09-30": "$440", "2005-06-30": "$406", "2005-03-31": "$375"}}, "profit-margins": {"current": "1.3%"}, "gross margin": {"2020-09-30": "18.90%", "2020-06-30": "18.79%", "2020-03-31": "18.83%", "2019-12-31": "18.92%", "2019-09-30": "19.12%", "2019-06-30": "19.27%", "2019-03-31": "19.27%", "2018-12-31": "19.17%", "2018-09-30": "19.11%", "2018-06-30": "19.12%", "2018-03-31": "19.16%", "2017-12-31": "19.32%", "2017-09-30": "19.40%", "2017-06-30": "19.51%", "2017-03-31": "19.68%", "2016-12-31": "19.74%", "2016-09-30": "19.76%", "2016-06-30": "19.79%", "2016-03-31": "19.82%", "2015-12-31": "19.88%", "2015-09-30": "20.03%", "2015-06-30": "20.16%", "2015-03-31": "20.32%", "2014-12-31": "20.42%", "2014-09-30": "20.39%", "2014-06-30": "20.44%", "2014-03-31": "20.49%", "2013-12-31": "20.58%", "2013-09-30": "20.71%", "2013-06-30": "20.71%", "2013-03-31": "20.54%", "2012-12-31": "20.25%", "2012-09-30": "20.28%", "2012-06-30": "20.16%", "2012-03-31": "20.17%", "2011-12-31": "20.19%", "2011-09-30": "20.09%", "2011-06-30": "19.97%", "2011-03-31": "19.77%", "2010-12-31": "19.70%", "2010-09-30": "19.42%", "2010-06-30": "19.35%", "2010-03-31": "19.36%", "2009-12-31": "19.46%", "2009-09-30": "19.65%", "2009-06-30": "19.68%", "2009-03-31": "19.70%", "2008-12-31": "19.73%", "2008-09-30": "19.84%", "2008-06-30": "20.06%", "2008-03-31": "20.26%", "2007-12-31": "20.35%", "2007-09-30": "20.49%", "2007-06-30": "20.57%", "2007-03-31": "20.58%", "2006-12-31": "20.43%", "2006-09-30": "20.32%", "2006-06-30": "19.82%", "2006-03-31": "19.36%", "2005-12-31": "19.02%"}, "operating margin": {"2020-09-30": "3.28%", "2020-06-30": "3.06%", "2020-03-31": "4.03%", "2019-12-31": "4.15%", "2019-09-30": "4.27%", "2019-06-30": "4.36%", "2019-03-31": "4.30%", "2018-12-31": "4.31%", "2018-09-30": "4.20%", "2018-06-30": "4.13%", "2018-03-31": "4.13%", "2017-12-31": "4.17%", "2017-09-30": "4.27%", "2017-06-30": "4.41%", "2017-03-31": "4.47%", "2016-12-31": "4.51%", "2016-09-30": "4.60%", "2016-06-30": "4.74%", "2016-03-31": "4.76%", "2015-12-31": "4.96%", "2015-09-30": "5.32%", "2015-06-30": "5.56%", "2015-03-31": "5.83%", "2014-12-31": "5.91%", "2014-09-30": "5.83%", "2014-06-30": "5.82%", "2014-03-31": "5.83%", "2013-12-31": "6.42%", "2013-09-30": "5.79%", "2013-06-30": "5.71%", "2013-03-31": "5.69%", "2012-12-31": "5.06%", "2012-09-30": "5.73%", "2012-06-30": "5.63%", "2012-03-31": "5.59%", "2011-12-31": "5.44%", "2011-09-30": "5.15%", "2011-06-30": "4.83%", "2011-03-31": "4.43%", "2010-12-31": "4.15%", "2010-09-30": "3.97%", "2010-06-30": "3.79%", "2010-03-31": "3.81%", "2009-12-31": "3.91%", "2009-09-30": "4.29%", "2009-06-30": "4.89%", "2009-03-31": "5.37%", "2008-12-31": "5.66%", "2008-09-30": "6.03%", "2008-06-30": "6.27%", "2008-03-31": "6.46%", "2007-12-31": "6.58%", "2007-09-30": "6.60%", "2007-06-30": "6.68%", "2007-03-31": "6.74%", "2006-12-31": "6.86%", "2006-09-30": "6.70%", "2006-06-30": "5.92%", "2006-03-31": "5.28%", "2005-12-31": "4.75%"}, "ebitda margin": {"2020-09-30": "4.22%", "2020-06-30": "3.85%", "2020-03-31": "4.77%", "2019-12-31": "4.88%", "2019-09-30": "5.01%", "2019-06-30": "5.10%", "2019-03-31": "5.06%", "2018-12-31": "5.08%", "2018-09-30": "4.97%", "2018-06-30": "4.92%", "2018-03-31": "4.92%", "2017-12-31": "4.99%", "2017-09-30": "5.22%", "2017-06-30": "5.37%", "2017-03-31": "5.47%", "2016-12-31": "5.51%", "2016-09-30": "5.66%", "2016-06-30": "5.79%", "2016-03-31": "5.80%", "2015-12-31": "6.00%", "2015-09-30": "6.30%", "2015-06-30": "6.53%", "2015-03-31": "6.80%", "2014-12-31": "6.88%", "2014-09-30": "6.82%", "2014-06-30": "6.80%", "2014-03-31": "6.83%", "2013-12-31": "7.43%", "2013-09-30": "6.69%", "2013-06-30": "6.57%", "2013-03-31": "6.44%", "2012-12-31": "5.70%", "2012-09-30": "6.28%", "2012-06-30": "6.20%", "2012-03-31": "6.19%", "2011-12-31": "6.07%", "2011-09-30": "5.76%", "2011-06-30": "5.42%", "2011-03-31": "5.03%", "2010-12-31": "4.76%", "2010-09-30": "4.62%", "2010-06-30": "4.52%", "2010-03-31": "4.62%", "2009-12-31": "4.78%", "2009-09-30": "5.16%", "2009-06-30": "5.71%", "2009-03-31": "6.13%", "2008-12-31": "6.38%", "2008-09-30": "6.95%", "2008-06-30": "7.19%", "2008-03-31": "7.38%", "2007-12-31": "7.46%", "2007-09-30": "7.27%", "2007-06-30": "7.31%", "2007-03-31": "7.34%", "2006-12-31": "7.44%", "2006-09-30": "7.18%", "2006-06-30": "6.36%", "2006-03-31": "5.69%", "2005-12-31": "5.11%"}, "pre tax profit margin": {"2020-09-30": "1.66%", "2020-06-30": "1.77%", "2020-03-31": "3.26%", "2019-12-31": "3.39%", "2019-09-30": "3.49%", "2019-06-30": "3.53%", "2019-03-31": "3.45%", "2018-12-31": "3.42%", "2018-09-30": "3.31%", "2018-06-30": "3.24%", "2018-03-31": "3.23%", "2017-12-31": "3.28%", "2017-09-30": "3.38%", "2017-06-30": "1.76%", "2017-03-31": "1.80%", "2016-12-31": "1.81%", "2016-09-30": "2.00%", "2016-06-30": "3.83%", "2016-03-31": "3.86%", "2015-12-31": "4.04%", "2015-09-30": "4.29%", "2015-06-30": "4.53%", "2015-03-31": "4.78%", "2014-12-31": "4.85%", "2014-09-30": "4.58%", "2014-06-30": "4.51%", "2014-03-31": "4.48%", "2013-12-31": "5.06%", "2013-09-30": "4.60%", "2013-06-30": "4.64%", "2013-03-31": "4.75%", "2012-12-31": "4.29%", "2012-09-30": "5.06%", "2012-06-30": "4.92%", "2012-03-31": "4.81%", "2011-12-31": "4.57%", "2011-09-30": "4.16%", "2011-06-30": "3.81%", "2011-03-31": "3.40%", "2010-12-31": "3.10%", "2010-09-30": "2.94%", "2010-06-30": "2.90%", "2010-03-31": "2.87%", "2009-12-31": "2.98%", "2009-09-30": "3.43%", "2009-06-30": "3.97%", "2009-03-31": "4.50%", "2008-12-31": "4.76%", "2008-09-30": "4.85%", "2008-06-30": "5.03%", "2008-03-31": "5.15%", "2007-12-31": "5.30%", "2007-09-30": "5.58%", "2007-06-30": "5.73%", "2007-03-31": "5.85%", "2006-12-31": "5.96%", "2006-09-30": "5.67%", "2006-06-30": "4.87%", "2006-03-31": "4.22%", "2005-12-31": "3.39%"}, "net profit margin": {"2020-09-30": "1.14%", "2020-06-30": "1.39%", "2020-03-31": "2.56%", "2019-12-31": "2.66%", "2019-09-30": "2.74%", "2019-06-30": "2.81%", "2019-03-31": "2.76%", "2018-12-31": "2.78%", "2018-09-30": "2.35%", "2018-06-30": "2.21%", "2018-03-31": "2.16%", "2017-12-31": "2.15%", "2017-09-30": "2.53%", "2017-06-30": "1.40%", "2017-03-31": "1.40%", "2016-12-31": "1.38%", "2016-09-30": "1.38%", "2016-06-30": "2.65%", "2016-03-31": "2.67%", "2015-12-31": "2.81%", "2015-09-30": "3.10%", "2015-06-30": "3.25%", "2015-03-31": "3.43%", "2014-12-31": "3.50%", "2014-09-30": "3.34%", "2014-06-30": "3.25%", "2014-03-31": "3.25%", "2013-12-31": "3.67%", "2013-09-30": "3.37%", "2013-06-30": "3.41%", "2013-03-31": "3.44%", "2012-12-31": "3.07%", "2012-09-30": "3.52%", "2012-06-30": "3.43%", "2012-03-31": "3.36%", "2011-12-31": "3.20%", "2011-09-30": "3.00%", "2011-06-30": "2.78%", "2011-03-31": "2.51%", "2010-12-31": "2.29%", "2010-09-30": "2.12%", "2010-06-30": "2.19%", "2010-03-31": "2.20%", "2009-12-31": "2.27%", "2009-09-30": "2.50%", "2009-06-30": "2.83%", "2009-03-31": "3.18%", "2008-12-31": "3.35%", "2008-09-30": "3.53%", "2008-06-30": "3.71%", "2008-03-31": "3.79%", "2007-12-31": "3.88%", "2007-09-30": "4.04%", "2007-06-30": "3.96%", "2007-03-31": "4.00%", "2006-12-31": "4.06%", "2006-09-30": "3.82%", "2006-06-30": "3.30%", "2006-03-31": "2.90%", "2005-12-31": "2.33%"}, "pe ratio": {"current": "16.53", "2021-02-05": "34.03", "2020-09-30": "17.26", "2020-06-30": "12.72", "2020-03-31": "4.52", "2019-12-31": "11.51", "2019-09-30": "9.26", "2019-06-30": "10.03", "2019-03-31": "11.00", "2018-12-31": "9.96", "2018-09-30": "15.25", "2018-06-30": "15.27", "2018-03-31": "17.53", "2017-12-31": "20.22", "2017-09-30": "15.09", "2017-06-30": "27.42", "2017-03-31": "33.28", "2016-12-31": "31.69", "2016-09-30": "28.34", "2016-06-30": "12.56", "2016-03-31": "13.40", "2015-12-31": "10.38", "2015-09-30": "10.15", "2015-06-30": "14.24", "2015-03-31": "13.68", "2014-12-31": "14.71", "2014-09-30": "16.07", "2014-06-30": "18.50", "2014-03-31": "17.97", "2013-12-31": "17.31", "2013-09-30": "14.95", "2013-06-30": "13.46", "2013-03-31": "14.67", "2012-12-31": "15.39", "2012-09-30": "12.57", "2012-06-30": "13.05", "2012-03-31": "15.33", "2011-12-31": "13.35", "2011-09-30": "9.40", "2011-06-30": "16.90", "2011-03-31": "22.32", "2010-12-31": "20.63", "2010-09-30": "16.72", "2010-06-30": "14.03", "2010-03-31": "14.34", "2009-12-31": "10.94", "2009-09-30": "9.76", "2009-06-30": "6.79", "2009-03-31": "4.07", "2008-12-31": "3.91", "2008-09-30": "6.11", "2008-06-30": "7.64", "2008-03-31": "7.25", "2007-12-31": "8.02", "2007-09-30": "9.14", "2007-06-30": "13.96", "2007-03-31": "14.91", "2006-12-31": "14.21"}, "price sales": {"2021-02-05": "0.38", "2020-09-30": "0.19", "2020-06-30": "0.18", "2020-03-31": "0.12", "2019-12-31": "0.31", "2019-09-30": "0.26", "2019-06-30": "0.28", "2019-03-31": "0.31", "2018-12-31": "0.28", "2018-09-30": "0.36", "2018-06-30": "0.34", "2018-03-31": "0.38", "2017-12-31": "0.43", "2017-09-30": "0.38", "2017-06-30": "0.37", "2017-03-31": "0.45", "2016-12-31": "0.42", "2016-09-30": "0.39", "2016-06-30": "0.34", "2016-03-31": "0.36", "2015-12-31": "0.30", "2015-09-30": "0.31", "2015-06-30": "0.46", "2015-03-31": "0.47", "2014-12-31": "0.52", "2014-09-30": "0.54", "2014-06-30": "0.60", "2014-03-31": "0.58", "2013-12-31": "0.64", "2013-09-30": "0.55", "2013-06-30": "0.50", "2013-03-31": "0.55", "2012-12-31": "0.52", "2012-09-30": "0.44", "2012-06-30": "0.45", "2012-03-31": "0.52", "2011-12-31": "0.43", "2011-09-30": "0.28", "2011-06-30": "0.46", "2011-03-31": "0.55", "2010-12-31": "0.47", "2010-09-30": "0.36", "2010-06-30": "0.31", "2010-03-31": "0.32", "2009-12-31": "0.25", "2009-09-30": "0.25", "2009-06-30": "0.20", "2009-03-31": "0.13", "2008-12-31": "0.14", "2008-09-30": "0.23", "2008-06-30": "0.30", "2008-03-31": "0.28", "2007-12-31": "0.32", "2007-09-30": "0.36", "2007-06-30": "0.55", "2007-03-31": "0.60", "2006-12-31": "0.58"}, "price book": {"current": "1.35", "2021-02-05": "1.35", "2020-09-30": "0.69", "2020-06-30": "0.57", "2020-03-31": "0.43", "2019-12-31": "1.10", "2019-09-30": "0.91", "2019-06-30": "1.01", "2019-03-31": "1.08", "2018-12-31": "1.02", "2018-09-30": "1.29", "2018-06-30": "1.24", "2018-03-31": "1.37", "2017-12-31": "1.51", "2017-09-30": "1.30", "2017-06-30": "1.31", "2017-03-31": "1.65", "2016-12-31": "1.65", "2016-09-30": "1.50", "2016-06-30": "1.12", "2016-03-31": "1.22", "2015-12-31": "1.04", "2015-09-30": "1.11", "2015-06-30": "1.60", "2015-03-31": "1.68", "2014-12-31": "1.76", "2014-09-30": "1.65", "2014-06-30": "1.83", "2014-03-31": "2.08", "2013-12-31": "2.28", "2013-09-30": "1.95", "2013-06-30": "1.83", "2013-03-31": "1.98", "2012-12-31": "1.91", "2012-09-30": "1.62", "2012-06-30": "1.71", "2012-03-31": "2.01", "2011-12-31": "1.71", "2011-09-30": "1.13", "2011-06-30": "2.06", "2011-03-31": "2.47", "2010-12-31": "1.98", "2010-09-30": "1.52", "2010-06-30": "1.36", "2010-03-31": "1.43", "2009-12-31": "1.27", "2009-09-30": "1.27", "2009-06-30": "1.29", "2009-03-31": "0.99", "2008-12-31": "1.08", "2008-09-30": "1.88", "2008-06-30": "2.53", "2008-03-31": "2.48", "2007-12-31": "2.81", "2007-09-30": "3.30", "2007-06-30": "4.88", "2007-03-31": "4.75", "2006-12-31": "3.82", "2006-09-30": "3.73", "2006-06-30": "4.88", "2006-03-31": "5.45"}, "price fcf": {"2021-02-05": "", "2020-09-30": "$9.95", "2020-06-30": "$7.69", "2020-03-31": "$4.51", "2019-12-31": "$4.53", "2019-09-30": "$4.65", "2019-06-30": "$3.61", "2019-03-31": "$5.23", "2018-12-31": "$5.78", "2018-09-30": "$4.59", "2018-06-30": "$3.09", "2018-03-31": "$2.86", "2017-12-31": "$2.78", "2017-09-30": "$2.67", "2017-06-30": "$4.48", "2017-03-31": "$5.29", "2016-12-31": "$6.01", "2016-09-30": "$6.74", "2016-06-30": "$5.64", "2016-03-31": "$5.22", "2015-12-31": "$5.25", "2015-09-30": "$5.50", "2015-06-30": "$6.19", "2015-03-31": "$5.46", "2014-12-31": "$4.61", "2014-09-30": "$4.96", "2014-06-30": "$4.33", "2014-03-31": "$5.02", "2013-12-31": "$5.66", "2013-09-30": "$4.89", "2013-06-30": "$5.26", "2013-03-31": "$5.59", "2012-12-31": "$5.21", "2012-09-30": "$5.07", "2012-06-30": "$4.59", "2012-03-31": "$3.23", "2011-12-31": "$2.71", "2011-09-30": "$1.99", "2011-06-30": "$1.22", "2011-03-31": "$1.45", "2010-12-31": "$2.45", "2010-09-30": "$1.43", "2010-06-30": "$3.25", "2010-03-31": "$4.96", "2009-12-31": "$6.53", "2009-09-30": "$7.57", "2009-06-30": "$7.52", "2009-03-31": "$7.00", "2008-12-31": "$5.74", "2008-09-30": "$5.62", "2008-06-30": "$5.48", "2008-03-31": "$5.54", "2007-12-31": "$5.11", "2007-09-30": "$6.86", "2007-06-30": "$5.22", "2007-03-31": "$4.54", "2006-12-31": "$3.69"}, "net worth": {"value": "$4.34B"}, "current ratio": {"2020-09-30": "2.20", "2020-06-30": "2.36", "2020-03-31": "2.67", "2019-12-31": "2.34", "2019-09-30": "2.33", "2019-06-30": "2.30", "2019-03-31": "2.18", "2018-12-31": "2.25", "2018-09-30": "2.38", "2018-06-30": "2.39", "2018-03-31": "2.37", "2017-12-31": "2.31", "2017-09-30": "2.31", "2017-06-30": "2.39", "2017-03-31": "2.40", "2016-12-31": "2.41", "2016-09-30": "2.34", "2016-06-30": "2.38", "2016-03-31": "2.31", "2015-12-31": "2.38", "2015-09-30": "2.33", "2015-06-30": "2.34", "2015-03-31": "2.23", "2014-12-31": "2.21", "2014-09-30": "2.18", "2014-06-30": "2.16", "2014-03-31": "2.08", "2013-12-31": "2.10", "2013-09-30": "2.14", "2013-06-30": "2.11", "2013-03-31": "2.10", "2012-12-31": "2.09", "2012-09-30": "2.09", "2012-06-30": "2.05", "2012-03-31": "2.04", "2011-12-31": "2.05", "2011-09-30": "2.14", "2011-06-30": "2.20", "2011-03-31": "2.03", "2010-12-31": "2.14", "2010-09-30": "1.82", "2010-06-30": "1.82", "2010-03-31": "1.86", "2009-12-31": "1.96", "2009-09-30": "2.23", "2009-06-30": "2.30", "2009-03-31": "1.63", "2008-12-31": "1.55", "2008-09-30": "1.25", "2008-06-30": "1.30", "2008-03-31": "1.28", "2007-12-31": "1.30", "2007-09-30": "1.26", "2007-06-30": "1.30", "2007-03-31": "1.30", "2006-12-31": "1.40", "2006-09-30": "1.53", "2006-06-30": "1.46", "2006-03-31": "1.34", "2005-12-31": "1.26", "2005-09-30": "1.15", "2005-06-30": "1.36", "2005-03-31": "1.34"}, "quick ratio": {"2020-09-30": "1.28", "2020-06-30": "1.33", "2020-03-31": "1.76", "2019-12-31": "1.41", "2019-09-30": "1.46", "2019-06-30": "1.41", "2019-03-31": "1.31", "2018-12-31": "1.35", "2018-09-30": "1.50", "2018-06-30": "1.47", "2018-03-31": "1.44", "2017-12-31": "1.40", "2017-09-30": "1.42", "2017-06-30": "1.49", "2017-03-31": "1.47", "2016-12-31": "1.47", "2016-09-30": "1.47", "2016-06-30": "1.52", "2016-03-31": "1.46", "2015-12-31": "1.53", "2015-09-30": "1.50", "2015-06-30": "1.50", "2015-03-31": "1.44", "2014-12-31": "1.44", "2014-09-30": "1.42", "2014-06-30": "1.40", "2014-03-31": "1.33", "2013-12-31": "1.35", "2013-09-30": "1.37", "2013-06-30": "1.33", "2013-03-31": "1.33", "2012-12-31": "1.30", "2012-09-30": "1.37", "2012-06-30": "1.32", "2012-03-31": "1.32", "2011-12-31": "1.31", "2011-09-30": "1.37", "2011-06-30": "1.38", "2011-03-31": "1.24", "2010-12-31": "1.31", "2010-09-30": "1.16", "2010-06-30": "1.14", "2010-03-31": "1.18", "2009-12-31": "1.21", "2009-09-30": "1.42", "2009-06-30": "1.44", "2009-03-31": "0.99", "2008-12-31": "0.95", "2008-09-30": "0.79", "2008-06-30": "0.82", "2008-03-31": "0.80", "2007-12-31": "0.79", "2007-09-30": "0.78", "2007-06-30": "0.80", "2007-03-31": "0.81", "2006-12-31": "0.87", "2006-09-30": "0.79", "2006-06-30": "0.69", "2006-03-31": "0.62", "2005-12-31": "0.57", "2005-09-30": "0.63", "2005-06-30": "0.68", "2005-03-31": "0.68"}, "debt equity ratio": {"current": "1.52", "2020-09-30": "2.69", "2020-06-30": "2.78", "2020-03-31": "1.38", "2019-12-31": "1.22", "2019-09-30": "1.31", "2019-06-30": "1.37", "2019-03-31": "1.27", "2018-12-31": "1.16", "2018-09-30": "1.14", "2018-06-30": "1.18", "2018-03-31": "1.21", "2017-12-31": "1.24", "2017-09-30": "1.26", "2017-06-30": "1.21", "2017-03-31": "1.19", "2016-12-31": "1.26", "2016-09-30": "1.31", "2016-06-30": "1.42", "2016-03-31": "1.48", "2015-12-31": "1.58", "2015-09-30": "1.64", "2015-06-30": "1.53", "2015-03-31": "1.51", "2014-12-31": "1.47", "2014-09-30": "1.57", "2014-06-30": "1.61", "2014-03-31": "1.66", "2013-12-31": "1.63", "2013-09-30": "1.69", "2013-06-30": "1.82", "2013-03-31": "1.89", "2012-12-31": "1.98", "2012-09-30": "1.21", "2012-06-30": "1.17", "2012-03-31": "1.23", "2011-12-31": "1.29", "2011-09-30": "1.39", "2011-06-30": "1.41", "2011-03-31": "1.46", "2010-12-31": "1.46", "2010-09-30": "1.41", "2010-06-30": "1.41", "2010-03-31": "1.47", "2009-12-31": "1.50", "2009-09-30": "1.60", "2009-06-30": "2.07", "2009-03-31": "2.32", "2008-12-31": "2.60", "2008-09-30": "3.07", "2008-06-30": "3.33", "2008-03-31": "3.44", "2007-12-31": "3.70", "2007-09-30": "4.04", "2007-06-30": "4.08", "2007-03-31": "3.47", "2006-12-31": "2.70", "2006-09-30": "1.69", "2006-06-30": "1.80", "2006-03-31": "2.08", "2005-12-31": "2.36", "2005-09-30": "2.96", "2005-06-30": "2.15", "2005-03-31": "2.41"}, "return on equity": {"2020-09-30": "4.34%", "2020-06-30": "4.72%", "2020-03-31": "9.75%", "2019-12-31": "10.12%", "2019-09-30": "10.50%", "2019-06-30": "10.58%", "2019-03-31": "10.32%", "2018-12-31": "10.48%", "2018-09-30": "8.88%", "2018-06-30": "8.40%", "2018-03-31": "8.09%", "2017-12-31": "7.88%", "2017-09-30": "9.19%", "2017-06-30": "5.08%", "2017-03-31": "5.18%", "2016-12-31": "5.18%", "2016-09-30": "5.37%", "2016-06-30": "10.75%", "2016-03-31": "10.97%", "2015-12-31": "11.66%", "2015-09-30": "12.83%", "2015-06-30": "13.47%", "2015-03-31": "14.33%", "2014-12-31": "14.72%", "2014-09-30": "14.17%", "2014-06-30": "13.84%", "2014-03-31": "14.10%", "2013-12-31": "16.32%", "2013-09-30": "14.96%", "2013-06-30": "15.03%", "2013-03-31": "15.07%", "2012-12-31": "13.52%", "2012-09-30": "15.94%", "2012-06-30": "16.05%", "2012-03-31": "16.02%", "2011-12-31": "15.43%", "2011-09-30": "14.41%", "2011-06-30": "13.29%", "2011-03-31": "11.93%", "2010-12-31": "10.74%", "2010-09-30": "9.88%", "2010-06-30": "10.21%", "2010-03-31": "10.61%", "2009-12-31": "11.81%", "2009-09-30": "14.85%", "2009-06-30": "19.93%", "2009-03-31": "25.37%", "2008-12-31": "29.60%", "2008-09-30": "33.24%", "2008-06-30": "36.48%", "2008-03-31": "38.51%", "2007-12-31": "39.46%", "2007-09-30": "37.82%", "2007-06-30": "34.09%", "2007-03-31": "32.46%", "2006-12-31": "32.78%", "2006-09-30": "33.50%", "2006-06-30": "31.10%", "2006-03-31": "28.86%", "2005-12-31": "24.07%"}, "return on assets": {"2020-09-30": "1.38%", "2020-06-30": "1.70%", "2020-03-31": "4.20%", "2019-12-31": "4.41%", "2019-09-30": "4.61%", "2019-06-30": "4.73%", "2019-03-31": "4.72%", "2018-12-31": "4.83%", "2018-09-30": "4.05%", "2018-06-30": "3.78%", "2018-03-31": "3.63%", "2017-12-31": "3.54%", "2017-09-30": "4.12%", "2017-06-30": "2.27%", "2017-03-31": "2.26%", "2016-12-31": "2.19%", "2016-09-30": "2.20%", "2016-06-30": "4.26%", "2016-03-31": "4.29%", "2015-12-31": "4.55%", "2015-09-30": "5.06%", "2015-06-30": "5.35%", "2015-03-31": "5.65%", "2014-12-31": "5.72%", "2014-09-30": "5.42%", "2014-06-30": "5.23%", "2014-03-31": "5.23%", "2013-12-31": "5.92%", "2013-09-30": "5.26%", "2013-06-30": "5.51%", "2013-03-31": "5.86%", "2012-12-31": "5.62%", "2012-09-30": "7.17%", "2012-06-30": "7.08%", "2012-03-31": "6.88%", "2011-12-31": "6.47%", "2011-09-30": "5.93%", "2011-06-30": "5.45%", "2011-03-31": "4.90%", "2010-12-31": "4.40%", "2010-09-30": "4.04%", "2010-06-30": "4.09%", "2010-03-31": "4.02%", "2009-12-31": "4.16%", "2009-09-30": "4.77%", "2009-06-30": "5.70%", "2009-03-31": "6.66%", "2008-12-31": "7.24%", "2008-09-30": "7.60%", "2008-06-30": "7.91%", "2008-03-31": "8.02%", "2007-12-31": "8.20%", "2007-09-30": "8.40%", "2007-06-30": "8.72%", "2007-03-31": "9.52%", "2006-12-31": "10.61%", "2006-09-30": "11.36%", "2006-06-30": "9.59%", "2006-03-31": "8.56%", "2005-12-31": "6.92%"}, "return on investments": {"2020-09-30": "5.75%", "2020-06-30": "5.36%", "2020-03-31": "9.41%", "2019-12-31": "9.92%", "2019-09-30": "10.25%", "2019-06-30": "10.42%", "2019-03-31": "10.30%", "2018-12-31": "10.35%", "2018-09-30": "9.98%", "2018-06-30": "9.71%", "2018-03-31": "9.48%", "2017-12-31": "9.34%", "2017-09-30": "9.38%", "2017-06-30": "12.76%", "2017-03-31": "13.12%", "2016-12-31": "13.35%", "2016-09-30": "13.92%", "2016-06-30": "10.88%", "2016-03-31": "10.94%", "2015-12-31": "11.56%", "2015-09-30": "12.54%", "2015-06-30": "13.20%", "2015-03-31": "13.88%", "2014-12-31": "14.00%", "2014-09-30": "13.69%", "2014-06-30": "13.53%", "2014-03-31": "13.55%", "2013-12-31": "14.88%", "2013-09-30": "12.96%", "2013-06-30": "13.38%", "2013-03-31": "14.33%", "2012-12-31": "13.97%", "2012-09-30": "18.08%", "2012-06-30": "18.05%", "2012-03-31": "17.56%", "2011-12-31": "16.84%", "2011-09-30": "15.50%", "2011-06-30": "14.72%", "2011-03-31": "13.76%", "2010-12-31": "12.81%", "2010-09-30": "12.30%", "2010-06-30": "11.20%", "2010-03-31": "10.65%", "2009-12-31": "11.07%", "2009-09-30": "12.98%", "2009-06-30": "17.01%", "2009-03-31": "21.33%", "2008-12-31": "24.23%", "2008-09-30": "26.69%", "2008-06-30": "27.37%", "2008-03-31": "27.95%", "2007-12-31": "28.26%", "2007-09-30": "27.40%", "2007-06-30": "28.42%", "2007-03-31": "30.10%", "2006-12-31": "32.99%", "2006-09-30": "36.89%", "2006-06-30": "33.50%", "2006-03-31": "31.16%", "2005-12-31": "28.66%"}, "return on tangible equity": {"2020-09-30": "-12.80%", "2020-06-30": "-30.14%", "2020-03-31": "130.89%", "2019-12-31": "152.58%", "2019-09-30": "196.96%", "2019-06-30": "201.31%", "2019-03-31": "196.08%", "2018-12-31": "268.64%", "2018-09-30": "342.86%", "2018-06-30": "2169.70%", "2018-03-31": "-924.32%", "2017-12-31": "-437.09%", "2017-09-30": "-261.59%", "2017-06-30": "-105.37%", "2017-03-31": "-70.79%", "2016-12-31": "-49.27%", "2016-09-30": "-42.06%", "2016-06-30": "-71.03%", "2016-03-31": "-68.97%", "2015-12-31": "-76.31%", "2015-09-30": "-91.86%", "2015-06-30": "-97.69%", "2015-03-31": "-93.93%", "2014-12-31": "-82.08%", "2014-09-30": "-68.56%", "2014-06-30": "-58.49%", "2014-03-31": "-51.94%", "2013-12-31": "-53.13%", "2013-09-30": "-41.00%", "2013-06-30": "-56.40%", "2013-03-31": "-111.08%", "2012-12-31": "3672.73%", "2012-09-30": "99.57%", "2012-06-30": "103.15%", "2012-03-31": "126.95%", "2011-12-31": "161.98%", "2011-09-30": "230.07%", "2011-06-30": "205.94%", "2011-03-31": "182.94%", "2010-12-31": "142.77%", "2010-09-30": "110.16%", "2010-06-30": "167.48%", "2010-03-31": "1836.36%", "2009-12-31": "-179.49%", "2009-09-30": "-102.07%", "2009-06-30": "-84.07%", "2009-03-31": "-83.90%", "2008-12-31": "-79.69%", "2008-09-30": "-67.97%", "2008-06-30": "-59.32%", "2008-03-31": "-52.72%", "2007-12-31": "-50.87%", "2007-09-30": "-56.07%", "2007-06-30": "-77.59%", "2007-03-31": "-130.37%", "2006-12-31": "-258.68%", "2006-09-30": "-517.65%", "2006-06-30": "-169.07%", "2006-03-31": "-142.41%", "2005-12-31": "-125.99%"}, "dividend yield history": {"last payout": "$0.00", "last yield": "0.00%"}}