{"ticker": "WDC", "price": {"title": "Western Digital Historical Annual Stock Price Data", "value": 59.74, "historical": {"2021": {"Average Stock Price": "53.4838", "Year Open": "52.2300", "Year High": "59.7400", "Year Low": "49.4700", "Year Close": "59.7400", "Annual % Change": "7.85%"}, "2020": {"Average Stock Price": "46.0892", "Year Open": "65.6200", "Year High": "70.9300", "Year Low": "29.1900", "Year Close": "55.3900", "Annual % Change": "-12.73%"}, "2019": {"Average Stock Price": "50.6584", "Year Open": "38.2600", "Year High": "64.7000", "Year Low": "35.6500", "Year Close": "63.4700", "Annual % Change": "71.68%"}, "2018": {"Average Stock Price": "71.6977", "Year Open": "81.3800", "Year High": "106.4500", "Year Low": "35.0600", "Year Close": "36.9700", "Annual % Change": "-53.51%"}, "2017": {"Average Stock Price": "84.2499", "Year Open": "69.4300", "Year High": "95.0100", "Year Low": "69.4300", "Year Close": "79.5300", "Annual % Change": "17.04%"}, "2016": {"Average Stock Price": "50.4274", "Year Open": "60.4000", "Year High": "70.3500", "Year Low": "35.4400", "Year Close": "67.9500", "Annual % Change": "13.16%"}, "2015": {"Average Stock Price": "86.1011", "Year Open": "110.4300", "Year High": "112.2200", "Year Low": "58.8600", "Year Close": "60.0500", "Annual % Change": "-45.75%"}, "2014": {"Average Stock Price": "93.6978", "Year Open": "82.6800", "Year High": "114.2800", "Year Low": "81.9500", "Year Close": "110.7000", "Annual % Change": "31.94%"}, "2013": {"Average Stock Price": "61.2947", "Year Open": "43.4400", "Year High": "83.9000", "Year Low": "41.9800", "Year Close": "83.9000", "Annual % Change": "97.46%"}, "2012": {"Average Stock Price": "37.3759", "Year Open": "30.9800", "Year High": "45.4800", "Year Low": "28.8000", "Year Close": "42.4900", "Annual % Change": "37.29%"}, "2011": {"Average Stock Price": "32.5944", "Year Open": "34.1400", "Year High": "41.2400", "Year Low": "24.4400", "Year Close": "30.9500", "Annual % Change": "-8.70%"}, "2010": {"Average Stock Price": "34.5378", "Year Open": "45.2600", "Year High": "46.5000", "Year Low": "23.6200", "Year Close": "33.9000", "Annual % Change": "-23.22%"}, "2009": {"Average Stock Price": "27.4112", "Year Open": "12.3300", "Year High": "44.7000", "Year Low": "12.0200", "Year Close": "44.1500", "Annual % Change": "285.59%"}, "2008": {"Average Stock Price": "25.8896", "Year Open": "28.6000", "Year High": "39.9800", "Year Low": "9.9300", "Year Close": "11.4500", "Annual % Change": "-62.10%"}, "2007": {"Average Stock Price": "21.6570", "Year Open": "20.4400", "Year High": "31.5300", "Year Low": "16.5000", "Year Close": "30.2100", "Annual % Change": "47.65%"}, "2006": {"Average Stock Price": "19.5005", "Year Open": "19.0200", "Year High": "24.1800", "Year Low": "16.0500", "Year Close": "20.4600", "Annual % Change": "9.94%"}, "2005": {"Average Stock Price": "13.2017", "Year Open": "10.7400", "Year High": "18.9300", "Year Low": "9.9400", "Year Close": "18.6100", "Annual % Change": "71.68%"}, "2004": {"Average Stock Price": "9.4251", "Year Open": "12.2600", "Year High": "13.2500", "Year Low": "6.5200", "Year Close": "10.8400", "Annual % Change": "-8.06%"}, "2003": {"Average Stock Price": "10.5345", "Year Open": "6.8700", "Year High": "14.8300", "Year Low": "6.8700", "Year Close": "11.7900", "Annual % Change": "84.51%"}, "2002": {"Average Stock Price": "5.6602", "Year Open": "6.1400", "Year High": "8.9000", "Year Low": "3.0500", "Year Close": "6.3900", "Annual % Change": "1.91%"}, "2001": {"Average Stock Price": "4.0664", "Year Open": "2.3130", "Year High": "6.7800", "Year Low": "2.0500", "Year Close": "6.2700", "Annual % Change": "157.18%"}, "2000": {"Average Stock Price": "5.1676", "Year Open": "3.9400", "Year High": "8.7500", "Year Low": "2.2500", "Year Close": "2.4380", "Annual % Change": "-41.79%"}, "1999": {"Average Stock Price": "7.1397", "Year Open": "15.0600", "Year High": "20.3800", "Year Low": "2.8130", "Year Close": "4.1880", "Annual % Change": "-72.19%"}, "1998": {"Average Stock Price": "14.5632", "Year Open": "17.2500", "Year High": "22.0000", "Year Low": "7.7500", "Year Close": "15.0600", "Annual % Change": "-5.88%"}, "1997": {"Average Stock Price": "33.2987", "Year Open": "27.4400", "Year High": "54.0000", "Year Low": "14.5600", "Year Close": "16.0000", "Annual % Change": "-43.74%"}, "1996": {"Average Stock Price": "15.7153", "Year Open": "9.0600", "Year High": "30.4400", "Year Low": "8.3125", "Year Close": "28.4400", "Annual % Change": "218.12%"}, "1995": {"Average Stock Price": "8.4848", "Year Open": "8.5000", "Year High": "10.8750", "Year Low": "6.6900", "Year Close": "8.9400", "Annual % Change": "7.52%"}, "1994": {"Average Stock Price": "7.5877", "Year Open": "4.3750", "Year High": "10.0650", "Year Low": "4.3750", "Year Close": "8.3150", "Annual % Change": "82.25%"}, "1993": {"Average Stock Price": "3.2508", "Year Open": "4.2500", "Year High": "5.1250", "Year Low": "1.8750", "Year Close": "4.5625", "Annual % Change": "5.80%"}, "1992": {"Average Stock Price": "2.5189", "Year Open": "1.3750", "Year High": "4.3125", "Year Low": "1.3750", "Year Close": "4.3125", "Annual % Change": "228.57%"}, "1991": {"Average Stock Price": "1.9792", "Year Open": "2.5000", "Year High": "3.2500", "Year Low": "1.0000", "Year Close": "1.3125", "Annual % Change": "-46.15%"}, "1990": {"Average Stock Price": "4.8044", "Year Open": "4.3125", "Year High": "7.3750", "Year Low": "2.2500", "Year Close": "2.4375", "Annual % Change": "-41.76%"}, "1989": {"Average Stock Price": "5.1194", "Year Open": "7.3100", "Year High": "7.5600", "Year Low": "3.2500", "Year Close": "4.1850", "Annual % Change": "-43.25%"}, "1988": {"Average Stock Price": "6.9781", "Year Open": "8.5000", "Year High": "8.5650", "Year Low": "5.6250", "Year Close": "7.3750", "Annual % Change": "-9.23%"}}}, "market cap": {"value": "$18.18B"}, "income statement": {"Revenue": {"2020-06-30": "16736.00000", "2019-06-30": "16569.00000", "2018-06-30": "20647.00000", "2017-06-30": "19093.00000", "2016-06-30": "12994.00000", "2015-06-30": "14572.00000", "2014-06-30": "15130.00000", "2013-06-30": "15351.00000", "2012-06-30": "12478.00000", "2011-06-30": "9526.00000", "2010-06-30": "9850.00000", "2009-06-30": "7453.00000", "2008-06-30": "8074.00000", "2007-06-30": "5468.00000", "2006-06-30": "4341.00000", "2005-06-30": "3639.00000"}, "Cost Of Goods Sold": {"2020-06-30": "12955.00000", "2019-06-30": "12817.00000", "2018-06-30": "12942.00000", "2017-06-30": "13021.00000", "2016-06-30": "9559.00000", "2015-06-30": "10351.00000", "2014-06-30": "10770.00000", "2013-06-30": "10988.00000", "2012-06-30": "8840.00000", "2011-06-30": "7735.00000", "2010-06-30": "7449.00000", "2009-06-30": "6116.00000", "2008-06-30": "6335.00000", "2007-06-30": "4568.00000", "2006-06-30": "3512.00000", "2005-06-30": "3049.00000"}, "Gross Profit": {"2020-06-30": "3781.00000", "2019-06-30": "3752.00000", "2018-06-30": "7705.00000", "2017-06-30": "6072.00000", "2016-06-30": "3435.00000", "2015-06-30": "4221.00000", "2014-06-30": "4360.00000", "2013-06-30": "4363.00000", "2012-06-30": "3638.00000", "2011-06-30": "1791.00000", "2010-06-30": "2401.00000", "2009-06-30": "1337.00000", "2008-06-30": "1739.00000", "2007-06-30": "900.00000", "2006-06-30": "829.00000", "2005-06-30": "590.00000"}, "Research And Development Expenses": {"2020-06-30": "2261.00000", "2019-06-30": "2182.00000", "2018-06-30": "2400.00000", "2017-06-30": "2441.00000", "2016-06-30": "1627.00000", "2015-06-30": "1646.00000", "2014-06-30": "1661.00000", "2013-06-30": "1572.00000", "2012-06-30": "1055.00000", "2011-06-30": "703.00000", "2010-06-30": "611.00000", "2009-06-30": "509.00000", "2008-06-30": "464.00000", "2007-06-30": "306.00000", "2006-06-30": "297.00000", "2005-06-30": "240.00000"}, "SG&A Expenses": {"2020-06-30": "1153.00000", "2019-06-30": "1317.00000", "2018-06-30": "1473.00000", "2017-06-30": "1445.00000", "2016-06-30": "997.00000", "2015-06-30": "788.00000", "2014-06-30": "813.00000", "2013-06-30": "706.00000", "2012-06-30": "518.00000", "2011-06-30": "282.00000", "2010-06-30": "265.00000", "2009-06-30": "201.00000", "2008-06-30": "220.00000", "2007-06-30": "179.00000", "2006-06-30": "166.00000", "2005-06-30": "155.00000"}, "Other Operating Income Or Expenses": {"2020-06-30": "-32.00000", "2019-06-30": "-166.00000", "2018-06-30": "-215.00000", "2017-06-30": "-232.00000", "2016-06-30": "-345.00000", "2015-06-30": "-176.00000", "2014-06-30": "-95.00000", "2013-06-30": "-819.00000", "2012-06-30": "-294.00000", "2011-06-30": "-25.00000", "2010-06-30": "0.00000", "2009-06-30": "", "2008-06-30": "", "2007-06-30": "", "2006-06-30": "", "2005-06-30": ""}, "Operating Expenses": {"2020-06-30": "16401.00000", "2019-06-30": "16482.00000", "2018-06-30": "17030.00000", "2017-06-30": "17139.00000", "2016-06-30": "12528.00000", "2015-06-30": "12961.00000", "2014-06-30": "13339.00000", "2013-06-30": "14085.00000", "2012-06-30": "10707.00000", "2011-06-30": "8745.00000", "2010-06-30": "8325.00000", "2009-06-30": "6934.00000", "2008-06-30": "7068.00000", "2007-06-30": "5053.00000", "2006-06-30": "3975.00000", "2005-06-30": "3444.00000"}, "Operating Income": {"2020-06-30": "335.00000", "2019-06-30": "87.00000", "2018-06-30": "3617.00000", "2017-06-30": "1954.00000", "2016-06-30": "466.00000", "2015-06-30": "1611.00000", "2014-06-30": "1791.00000", "2013-06-30": "1266.00000", "2012-06-30": "1771.00000", "2011-06-30": "781.00000", "2010-06-30": "1525.00000", "2009-06-30": "519.00000", "2008-06-30": "1006.00000", "2007-06-30": "415.00000", "2006-06-30": "366.00000", "2005-06-30": "195.00000"}, "Total Non-Operating Income/Expense": {"2020-06-30": "-381.00000", "2019-06-30": "-374.00000", "2018-06-30": "-1532.00000", "2017-06-30": "-1185.00000", "2016-06-30": "-313.00000", "2015-06-30": "-34.00000", "2014-06-30": "-39.00000", "2013-06-30": "-44.00000", "2012-06-30": "-14.00000", "2011-06-30": "-1.00000", "2010-06-30": "-5.00000", "2009-06-30": "-18.00000", "2008-06-30": "-25.00000", "2007-06-30": "28.00000", "2006-06-30": "16.00000", "2005-06-30": "5.00000"}, "Pre-Tax Income": {"2020-06-30": "-46.00000", "2019-06-30": "-287.00000", "2018-06-30": "2085.00000", "2017-06-30": "769.00000", "2016-06-30": "153.00000", "2015-06-30": "1577.00000", "2014-06-30": "1752.00000", "2013-06-30": "1222.00000", "2012-06-30": "1757.00000", "2011-06-30": "780.00000", "2010-06-30": "1520.00000", "2009-06-30": "501.00000", "2008-06-30": "981.00000", "2007-06-30": "443.00000", "2006-06-30": "382.00000", "2005-06-30": "200.00000"}, "Income Taxes": {"2020-06-30": "204.00000", "2019-06-30": "467.00000", "2018-06-30": "1410.00000", "2017-06-30": "372.00000", "2016-06-30": "-89.00000", "2015-06-30": "112.00000", "2014-06-30": "135.00000", "2013-06-30": "242.00000", "2012-06-30": "145.00000", "2011-06-30": "54.00000", "2010-06-30": "138.00000", "2009-06-30": "31.00000", "2008-06-30": "114.00000", "2007-06-30": "-121.00000", "2006-06-30": "-13.00000", "2005-06-30": "4.00000"}, "Income After Taxes": {"2020-06-30": "-250.00000", "2019-06-30": "-754.00000", "2018-06-30": "675.00000", "2017-06-30": "397.00000", "2016-06-30": "242.00000", "2015-06-30": "1465.00000", "2014-06-30": "1617.00000", "2013-06-30": "980.00000", "2012-06-30": "1612.00000", "2011-06-30": "726.00000", "2010-06-30": "1382.00000", "2009-06-30": "470.00000", "2008-06-30": "867.00000", "2007-06-30": "564.00000", "2006-06-30": "395.00000", "2005-06-30": "196.00000"}, "Other Income": {"2020-06-30": "", "2019-06-30": "", "2018-06-30": "", "2017-06-30": "", "2016-06-30": "", "2015-06-30": "", "2014-06-30": "", "2013-06-30": "", "2012-06-30": "", "2011-06-30": "", "2010-06-30": "", "2009-06-30": "", "2008-06-30": "", "2007-06-30": "", "2006-06-30": "", "2005-06-30": ""}, "Income From Continuous Operations": {"2020-06-30": "-250.00000", "2019-06-30": "-754.00000", "2018-06-30": "675.00000", "2017-06-30": "397.00000", "2016-06-30": "242.00000", "2015-06-30": "1465.00000", "2014-06-30": "1617.00000", "2013-06-30": "980.00000", "2012-06-30": "1612.00000", "2011-06-30": "726.00000", "2010-06-30": "1382.00000", "2009-06-30": "470.00000", "2008-06-30": "867.00000", "2007-06-30": "564.00000", "2006-06-30": "395.00000", "2005-06-30": "196.00000"}, "Income From Discontinued Operations": {"2020-06-30": "", "2019-06-30": "", "2018-06-30": "", "2017-06-30": "", "2016-06-30": "", "2015-06-30": "", "2014-06-30": "", "2013-06-30": "", "2012-06-30": "", "2011-06-30": "", "2010-06-30": "", "2009-06-30": "", "2008-06-30": "", "2007-06-30": "", "2006-06-30": "", "2005-06-30": ""}, "Net Income": {"2020-06-30": "-250.00000", "2019-06-30": "-754.00000", "2018-06-30": "675.00000", "2017-06-30": "397.00000", "2016-06-30": "242.00000", "2015-06-30": "1465.00000", "2014-06-30": "1617.00000", "2013-06-30": "980.00000", "2012-06-30": "1612.00000", "2011-06-30": "726.00000", "2010-06-30": "1382.00000", "2009-06-30": "470.00000", "2008-06-30": "867.00000", "2007-06-30": "564.00000", "2006-06-30": "395.00000", "2005-06-30": "196.00000"}, "EBITDA": {"2020-06-30": "1941.00000", "2019-06-30": "1937.00000", "2018-06-30": "5894.00000", "2017-06-30": "4367.00000", "2016-06-30": "1659.00000", "2015-06-30": "2725.00000", "2014-06-30": "3035.00000", "2013-06-30": "2499.00000", "2012-06-30": "2596.00000", "2011-06-30": "1383.00000", "2010-06-30": "2035.00000", "2009-06-30": "998.00000", "2008-06-30": "1419.00000", "2007-06-30": "625.00000", "2006-06-30": "526.00000", "2005-06-30": "326.00000"}, "EBIT": {"2020-06-30": "335.00000", "2019-06-30": "87.00000", "2018-06-30": "3617.00000", "2017-06-30": "1954.00000", "2016-06-30": "466.00000", "2015-06-30": "1611.00000", "2014-06-30": "1791.00000", "2013-06-30": "1266.00000", "2012-06-30": "1771.00000", "2011-06-30": "781.00000", "2010-06-30": "1525.00000", "2009-06-30": "519.00000", "2008-06-30": "1006.00000", "2007-06-30": "415.00000", "2006-06-30": "366.00000", "2005-06-30": "195.00000"}, "Basic Shares Outstanding": {"2020-06-30": "298.00000", "2019-06-30": "292.00000", "2018-06-30": "297.00000", "2017-06-30": "288.00000", "2016-06-30": "239.00000", "2015-06-30": "232.00000", "2014-06-30": "235.00000", "2013-06-30": "241.00000", "2012-06-30": "241.00000", "2011-06-30": "231.00000", "2010-06-30": "228.00000", "2009-06-30": "222.00000", "2008-06-30": "221.00000", "2007-06-30": "219.00000", "2006-06-30": "215.00000", "2005-06-30": "208.00000"}, "Shares Outstanding": {"2020-06-30": "298.00000", "2019-06-30": "292.00000", "2018-06-30": "307.00000", "2017-06-30": "296.00000", "2016-06-30": "242.00000", "2015-06-30": "237.00000", "2014-06-30": "242.00000", "2013-06-30": "246.00000", "2012-06-30": "245.00000", "2011-06-30": "235.00000", "2010-06-30": "233.00000", "2009-06-30": "226.00000", "2008-06-30": "226.00000", "2007-06-30": "226.00000", "2006-06-30": "224.00000", "2005-06-30": "217.00000"}, "Basic EPS": {"2020-06-30": "-0.84000", "2019-06-30": "-2.58000", "2018-06-30": "2.27000", "2017-06-30": "1.38000", "2016-06-30": "1.01000", "2015-06-30": "6.31000", "2014-06-30": "6.88000", "2013-06-30": "4.07000", "2012-06-30": "6.69000", "2011-06-30": "3.14000", "2010-06-30": "6.06000", "2009-06-30": "2.12000", "2008-06-30": "3.92000", "2007-06-30": "2.57000", "2006-06-30": "1.84000", "2005-06-30": "0.94000"}, "EPS - Earnings Per Share": {"2020-06-30": "-0.84000", "2019-06-30": "-2.58000", "2018-06-30": "2.20000", "2017-06-30": "1.34000", "2016-06-30": "1.00000", "2015-06-30": "6.18000", "2014-06-30": "6.68000", "2013-06-30": "3.98000", "2012-06-30": "6.58000", "2011-06-30": "3.09000", "2010-06-30": "5.93000", "2009-06-30": "2.08000", "2008-06-30": "3.84000", "2007-06-30": "2.50000", "2006-06-30": "1.76000", "2005-06-30": "0.90000"}}, "income statement, quarterly": {"Revenue": {"2020-12-31": "3943.00000", "2020-09-30": "3922.00000", "2020-06-30": "4287.00000", "2020-03-31": "4175.00000", "2019-12-31": "4234.00000", "2019-09-30": "4040.00000", "2019-06-30": "3634.00000", "2019-03-31": "3674.00000", "2018-12-31": "4233.00000", "2018-09-30": "5028.00000", "2018-06-30": "5117.00000", "2018-03-31": "5013.00000", "2017-12-31": "5336.00000", "2017-09-30": "5181.00000", "2017-06-30": "4842.00000", "2017-03-31": "4649.00000", "2016-12-31": "4888.00000", "2016-09-30": "4714.00000", "2016-06-30": "3495.00000", "2016-03-31": "2822.00000", "2015-12-31": "3317.00000", "2015-09-30": "3360.00000", "2015-06-30": "3191.00000", "2015-03-31": "3550.00000", "2014-12-31": "3888.00000", "2014-09-30": "3943.00000", "2014-06-30": "3651.00000", "2014-03-31": "3703.00000", "2013-12-31": "3972.00000", "2013-09-30": "3804.00000", "2013-06-30": "3728.00000", "2013-03-31": "3764.00000", "2012-12-31": "3824.00000", "2012-09-30": "4035.00000", "2012-06-30": "4754.00000", "2012-03-31": "3035.00000", "2011-12-31": "1995.00000", "2011-09-30": "2694.00000", "2011-06-30": "2403.00000", "2011-03-31": "2252.00000", "2010-12-31": "2475.00000", "2010-09-30": "2396.00000", "2010-06-30": "2382.00000", "2010-03-31": "2641.00000", "2009-12-31": "2619.00000", "2009-09-30": "2208.00000", "2009-06-30": "1929.00000", "2009-03-31": "1592.00000", "2008-12-31": "1823.00000", "2008-09-30": "2109.00000", "2008-06-30": "1993.00000", "2008-03-31": "2111.00000", "2007-12-31": "2204.00000", "2007-09-30": "1766.00000", "2007-06-30": "1366.00000", "2007-03-31": "1410.00000", "2006-12-31": "1428.00000", "2006-09-30": "1264.00000", "2006-06-30": "1085.00000", "2006-03-31": "1129.00000", "2005-12-31": "1117.00000", "2005-09-30": "1010.00000", "2005-06-30": "940.60010", "2005-03-31": "919.90000"}, "Cost Of Goods Sold": {"2020-12-31": "2983.00000", "2020-09-30": "3018.00000", "2020-06-30": "3204.00000", "2020-03-31": "3170.00000", "2019-12-31": "3299.00000", "2019-09-30": "3282.00000", "2019-06-30": "3169.00000", "2019-03-31": "3095.00000", "2018-12-31": "3189.00000", "2018-09-30": "3364.00000", "2018-06-30": "3265.00000", "2018-03-31": "3086.00000", "2017-12-31": "3323.00000", "2017-09-30": "3268.00000", "2017-06-30": "3161.00000", "2017-03-31": "3126.00000", "2016-12-31": "3355.00000", "2016-09-30": "3379.00000", "2016-06-30": "2674.00000", "2016-03-31": "2069.00000", "2015-12-31": "2411.00000", "2015-09-30": "2405.00000", "2015-06-30": "2261.00000", "2015-03-31": "2518.00000", "2014-12-31": "2778.00000", "2014-09-30": "2794.00000", "2014-06-30": "2622.00000", "2014-03-31": "2627.00000", "2013-12-31": "2816.00000", "2013-09-30": "2705.00000", "2013-06-30": "2678.00000", "2013-03-31": "2703.00000", "2012-12-31": "2765.00000", "2012-09-30": "2842.00000", "2012-06-30": "3282.00000", "2012-03-31": "2058.00000", "2011-12-31": "1347.00000", "2011-09-30": "2153.00000", "2011-06-30": "1934.00000", "2011-03-31": "1842.00000", "2010-12-31": "2000.00000", "2010-09-30": "1959.00000", "2010-06-30": "1847.00000", "2010-03-31": "1976.00000", "2009-12-31": "1932.00000", "2009-09-30": "1694.00000", "2009-06-30": "1559.00000", "2009-03-31": "1339.00000", "2008-12-31": "1533.00000", "2008-09-30": "1685.00000", "2008-06-30": "1567.00000", "2008-03-31": "1634.00000", "2007-12-31": "1691.00000", "2007-09-30": "1443.00000", "2007-06-30": "1161.00000", "2007-03-31": "1188.00000", "2006-12-31": "1173.00000", "2006-09-30": "1046.00000", "2006-06-30": "880.00000", "2006-03-31": "911.00000", "2005-12-31": "889.00000", "2005-09-30": "832.00000", "2005-06-30": "780.90010", "2005-03-31": "752.90000"}, "Gross Profit": {"2020-12-31": "960.00000", "2020-09-30": "904.00000", "2020-06-30": "1083.00000", "2020-03-31": "1005.00000", "2019-12-31": "935.00000", "2019-09-30": "758.00000", "2019-06-30": "465.00000", "2019-03-31": "579.00000", "2018-12-31": "1044.00000", "2018-09-30": "1664.00000", "2018-06-30": "1852.00000", "2018-03-31": "1927.00000", "2017-12-31": "2013.00000", "2017-09-30": "1913.00000", "2017-06-30": "1681.00000", "2017-03-31": "1523.00000", "2016-12-31": "1533.00000", "2016-09-30": "1335.00000", "2016-06-30": "821.00000", "2016-03-31": "753.00000", "2015-12-31": "906.00000", "2015-09-30": "955.00000", "2015-06-30": "930.00000", "2015-03-31": "1032.00000", "2014-12-31": "1110.00000", "2014-09-30": "1149.00000", "2014-06-30": "1029.00000", "2014-03-31": "1076.00000", "2013-12-31": "1156.00000", "2013-09-30": "1099.00000", "2013-06-30": "1050.00000", "2013-03-31": "1061.00000", "2012-12-31": "1059.00000", "2012-09-30": "1193.00000", "2012-06-30": "1472.00000", "2012-03-31": "977.00000", "2011-12-31": "648.00000", "2011-09-30": "541.00000", "2011-06-30": "469.00000", "2011-03-31": "410.00000", "2010-12-31": "475.00000", "2010-09-30": "437.00000", "2010-06-30": "535.00000", "2010-03-31": "665.00000", "2009-12-31": "687.00000", "2009-09-30": "514.00000", "2009-06-30": "370.00000", "2009-03-31": "253.00000", "2008-12-31": "290.00000", "2008-09-30": "424.00000", "2008-06-30": "426.00000", "2008-03-31": "477.00000", "2007-12-31": "513.00000", "2007-09-30": "323.00000", "2007-06-30": "205.00000", "2007-03-31": "222.00000", "2006-12-31": "255.00000", "2006-09-30": "218.00000", "2006-06-30": "205.00000", "2006-03-31": "218.00000", "2005-12-31": "228.00000", "2005-09-30": "178.00000", "2005-06-30": "159.70000", "2005-03-31": "167.00000"}, "Research And Development Expenses": {"2020-12-31": "535.00000", "2020-09-30": "555.00000", "2020-06-30": "546.00000", "2020-03-31": "563.00000", "2019-12-31": "578.00000", "2019-09-30": "574.00000", "2019-06-30": "523.00000", "2019-03-31": "544.00000", "2018-12-31": "539.00000", "2018-09-30": "576.00000", "2018-06-30": "577.00000", "2018-03-31": "602.00000", "2017-12-31": "629.00000", "2017-09-30": "592.00000", "2017-06-30": "604.00000", "2017-03-31": "613.00000", "2016-12-31": "585.00000", "2016-09-30": "639.00000", "2016-06-30": "494.00000", "2016-03-31": "359.00000", "2015-12-31": "389.00000", "2015-09-30": "385.00000", "2015-06-30": "381.00000", "2015-03-31": "402.00000", "2014-12-31": "426.00000", "2014-09-30": "437.00000", "2014-06-30": "426.00000", "2014-03-31": "418.00000", "2013-12-31": "416.00000", "2013-09-30": "401.00000", "2013-06-30": "402.00000", "2013-03-31": "396.00000", "2012-12-31": "378.00000", "2012-09-30": "396.00000", "2012-06-30": "406.00000", "2012-03-31": "265.00000", "2011-12-31": "191.00000", "2011-09-30": "193.00000", "2011-06-30": "188.00000", "2011-03-31": "179.00000", "2010-12-31": "169.00000", "2010-09-30": "167.00000", "2010-06-30": "155.00000", "2010-03-31": "160.00000", "2009-12-31": "154.00000", "2009-09-30": "142.00000", "2009-06-30": "132.00000", "2009-03-31": "125.00000", "2008-12-31": "119.00000", "2008-09-30": "133.00000", "2008-06-30": "128.00000", "2008-03-31": "123.00000", "2007-12-31": "122.00000", "2007-09-30": "91.00000", "2007-06-30": "79.00000", "2007-03-31": "75.00000", "2006-12-31": "77.00000", "2006-09-30": "75.00000", "2006-06-30": "72.00000", "2006-03-31": "79.00000", "2005-12-31": "76.00000", "2005-09-30": "70.00000", "2005-06-30": "65.60000", "2005-03-31": "60.70000"}, "SG&A Expenses": {"2020-12-31": "265.00000", "2020-09-30": "256.00000", "2020-06-30": "269.00000", "2020-03-31": "281.00000", "2019-12-31": "298.00000", "2019-09-30": "305.00000", "2019-06-30": "299.00000", "2019-03-31": "353.00000", "2018-12-31": "309.00000", "2018-09-30": "356.00000", "2018-06-30": "352.00000", "2018-03-31": "376.00000", "2017-12-31": "381.00000", "2017-09-30": "364.00000", "2017-06-30": "345.00000", "2017-03-31": "346.00000", "2016-12-31": "358.00000", "2016-09-30": "396.00000", "2016-06-30": "400.00000", "2016-03-31": "166.00000", "2015-12-31": "239.00000", "2015-09-30": "192.00000", "2015-06-30": "205.00000", "2015-03-31": "199.00000", "2014-12-31": "164.00000", "2014-09-30": "220.00000", "2014-06-30": "254.00000", "2014-03-31": "201.00000", "2013-12-31": "226.00000", "2013-09-30": "132.00000", "2013-06-30": "180.00000", "2013-03-31": "185.00000", "2012-12-31": "162.00000", "2012-09-30": "179.00000", "2012-06-30": "178.00000", "2012-03-31": "155.00000", "2011-12-31": "96.00000", "2011-09-30": "89.00000", "2011-06-30": "84.00000", "2011-03-31": "73.00000", "2010-12-31": "66.00000", "2010-09-30": "59.00000", "2010-06-30": "88.00000", "2010-03-31": "64.00000", "2009-12-31": "60.00000", "2009-09-30": "53.00000", "2009-06-30": "53.00000", "2009-03-31": "49.00000", "2008-12-31": "42.00000", "2008-09-30": "57.00000", "2008-06-30": "57.00000", "2008-03-31": "56.00000", "2007-12-31": "59.00000", "2007-09-30": "48.00000", "2007-06-30": "47.00000", "2007-03-31": "32.00000", "2006-12-31": "56.00000", "2006-09-30": "44.00000", "2006-06-30": "39.00000", "2006-03-31": "39.00000", "2005-12-31": "48.00000", "2005-09-30": "40.00000", "2005-06-30": "57.60000", "2005-03-31": "35.60000"}, "Other Operating Income Or Expenses": {"2020-12-31": "-2.00000", "2020-09-30": "-23.00000", "2020-06-30": "-7.00000", "2020-03-31": "-8.00000", "2019-12-31": "-9.00000", "2019-09-30": "-8.00000", "2019-06-30": "-24.00000", "2019-03-31": "-76.00000", "2018-12-31": "-20.00000", "2018-09-30": "-46.00000", "2018-06-30": "-80.00000", "2018-03-31": "-35.00000", "2017-12-31": "-48.00000", "2017-09-30": "-52.00000", "2017-06-30": "-80.00000", "2017-03-31": "-39.00000", "2016-12-31": "-45.00000", "2016-09-30": "-68.00000", "2016-06-30": "-122.00000", "2016-03-31": "-140.00000", "2015-12-31": "-27.00000", "2015-09-30": "-56.00000", "2015-06-30": "-89.00000", "2015-03-31": "-10.00000", "2014-12-31": "-54.00000", "2014-09-30": "-23.00000", "2014-06-30": "3.00000", "2014-03-31": "-38.00000", "2013-12-31": "-36.00000", "2013-09-30": "-24.00000", "2013-06-30": "-689.00000", "2013-03-31": "-63.00000", "2012-12-31": "-41.00000", "2012-09-30": "-26.00000", "2012-06-30": "-80.00000", "2012-03-31": "-15.00000", "2011-12-31": "-199.00000", "2011-09-30": "", "2011-06-30": "", "2011-03-31": "", "2010-12-31": "0.00000", "2010-09-30": "", "2010-06-30": "", "2010-03-31": "", "2009-12-31": "", "2009-09-30": "", "2009-06-30": "", "2009-03-31": "", "2008-12-31": "", "2008-09-30": "", "2008-06-30": "", "2008-03-31": "", "2007-12-31": "", "2007-09-30": "", "2007-06-30": "", "2007-03-31": "", "2006-12-31": "", "2006-09-30": "", "2006-06-30": "", "2006-03-31": "", "2005-12-31": "", "2005-09-30": "", "2005-06-30": "", "2005-03-31": ""}, "Operating Expenses": {"2020-12-31": "3785.00000", "2020-09-30": "3852.00000", "2020-06-30": "4026.00000", "2020-03-31": "4022.00000", "2019-12-31": "4184.00000", "2019-09-30": "4169.00000", "2019-06-30": "4015.00000", "2019-03-31": "4068.00000", "2018-12-31": "4057.00000", "2018-09-30": "4342.00000", "2018-06-30": "4274.00000", "2018-03-31": "4099.00000", "2017-12-31": "4381.00000", "2017-09-30": "4276.00000", "2017-06-30": "4190.00000", "2017-03-31": "4124.00000", "2016-12-31": "4343.00000", "2016-09-30": "4482.00000", "2016-06-30": "3690.00000", "2016-03-31": "2734.00000", "2015-12-31": "3066.00000", "2015-09-30": "3038.00000", "2015-06-30": "2936.00000", "2015-03-31": "3129.00000", "2014-12-31": "3422.00000", "2014-09-30": "3474.00000", "2014-06-30": "3299.00000", "2014-03-31": "3284.00000", "2013-12-31": "3494.00000", "2013-09-30": "3262.00000", "2013-06-30": "3949.00000", "2013-03-31": "3347.00000", "2012-12-31": "3346.00000", "2012-09-30": "3443.00000", "2012-06-30": "3946.00000", "2012-03-31": "2493.00000", "2011-12-31": "1833.00000", "2011-09-30": "2435.00000", "2011-06-30": "2231.00000", "2011-03-31": "2094.00000", "2010-12-31": "2235.00000", "2010-09-30": "2185.00000", "2010-06-30": "2090.00000", "2010-03-31": "2200.00000", "2009-12-31": "2146.00000", "2009-09-30": "1889.00000", "2009-06-30": "1721.00000", "2009-03-31": "1531.00000", "2008-12-31": "1807.00000", "2008-09-30": "1875.00000", "2008-06-30": "1752.00000", "2008-03-31": "1813.00000", "2007-12-31": "1872.00000", "2007-09-30": "1631.00000", "2007-06-30": "1287.00000", "2007-03-31": "1295.00000", "2006-12-31": "1306.00000", "2006-09-30": "1165.00000", "2006-06-30": "991.00000", "2006-03-31": "1029.00000", "2005-12-31": "1013.00000", "2005-09-30": "942.00000", "2005-06-30": "904.10000", "2005-03-31": "849.20000"}, "Operating Income": {"2020-12-31": "158.00000", "2020-09-30": "70.00000", "2020-06-30": "261.00000", "2020-03-31": "153.00000", "2019-12-31": "50.00000", "2019-09-30": "-129.00000", "2019-06-30": "-381.00000", "2019-03-31": "-394.00000", "2018-12-31": "176.00000", "2018-09-30": "686.00000", "2018-06-30": "843.00000", "2018-03-31": "914.00000", "2017-12-31": "955.00000", "2017-09-30": "905.00000", "2017-06-30": "652.00000", "2017-03-31": "525.00000", "2016-12-31": "545.00000", "2016-09-30": "232.00000", "2016-06-30": "-195.00000", "2016-03-31": "88.00000", "2015-12-31": "251.00000", "2015-09-30": "322.00000", "2015-06-30": "255.00000", "2015-03-31": "421.00000", "2014-12-31": "466.00000", "2014-09-30": "469.00000", "2014-06-30": "352.00000", "2014-03-31": "419.00000", "2013-12-31": "478.00000", "2013-09-30": "542.00000", "2013-06-30": "-221.00000", "2013-03-31": "417.00000", "2012-12-31": "478.00000", "2012-09-30": "592.00000", "2012-06-30": "808.00000", "2012-03-31": "542.00000", "2011-12-31": "162.00000", "2011-09-30": "259.00000", "2011-06-30": "172.00000", "2011-03-31": "158.00000", "2010-12-31": "240.00000", "2010-09-30": "211.00000", "2010-06-30": "292.00000", "2010-03-31": "441.00000", "2009-12-31": "473.00000", "2009-09-30": "319.00000", "2009-06-30": "208.00000", "2009-03-31": "61.00000", "2008-12-31": "16.00000", "2008-09-30": "234.00000", "2008-06-30": "241.00000", "2008-03-31": "298.00000", "2007-12-31": "332.00000", "2007-09-30": "135.00000", "2007-06-30": "79.00000", "2007-03-31": "115.00000", "2006-12-31": "122.00000", "2006-09-30": "99.00000", "2006-06-30": "94.00000", "2006-03-31": "100.00000", "2005-12-31": "104.00000", "2005-09-30": "68.00000", "2005-06-30": "36.50010", "2005-03-31": "70.70000"}, "Total Non-Operating Income/Expense": {"2020-12-31": "-73.00000", "2020-09-30": "-73.00000", "2020-06-30": "-76.00000", "2020-03-31": "-107.00000", "2019-12-31": "-90.00000", "2019-09-30": "-108.00000", "2019-06-30": "-93.00000", "2019-03-31": "-83.00000", "2018-12-31": "-95.00000", "2018-09-30": "-103.00000", "2018-06-30": "-114.00000", "2018-03-31": "-1042.00000", "2017-12-31": "-181.00000", "2017-09-30": "-195.00000", "2017-06-30": "-237.00000", "2017-03-31": "-221.00000", "2016-12-31": "-224.00000", "2016-09-30": "-503.00000", "2016-06-30": "-290.00000", "2016-03-31": "-8.00000", "2015-12-31": "-7.00000", "2015-09-30": "-8.00000", "2015-06-30": "-8.00000", "2015-03-31": "-9.00000", "2014-12-31": "-8.00000", "2014-09-30": "-9.00000", "2014-06-30": "-5.00000", "2014-03-31": "-13.00000", "2013-12-31": "-11.00000", "2013-09-30": "-10.00000", "2013-06-30": "-9.00000", "2013-03-31": "-11.00000", "2012-12-31": "-10.00000", "2012-09-30": "-14.00000", "2012-06-30": "-7.00000", "2012-03-31": "-4.00000", "2011-12-31": "-2.00000", "2011-09-30": "-1.00000", "2011-06-30": "-1.00000", "2011-03-31": "1.00000", "2010-12-31": "-1.00000", "2010-09-30": "", "2010-06-30": "", "2010-03-31": "-1.00000", "2009-12-31": "-2.00000", "2009-09-30": "-2.00000", "2009-06-30": "-2.00000", "2009-03-31": "-3.00000", "2008-12-31": "-9.00000", "2008-09-30": "-4.00000", "2008-06-30": "-4.00000", "2008-03-31": "-8.00000", "2007-12-31": "-16.00000", "2007-09-30": "3.00000", "2007-06-30": "8.00000", "2007-03-31": "7.00000", "2006-12-31": "6.00000", "2006-09-30": "7.00000", "2006-06-30": "6.00000", "2006-03-31": "5.00000", "2005-12-31": "3.00000", "2005-09-30": "2.00000", "2005-06-30": "2.30000", "2005-03-31": "1.90000"}, "Pre-Tax Income": {"2020-12-31": "85.00000", "2020-09-30": "-3.00000", "2020-06-30": "185.00000", "2020-03-31": "46.00000", "2019-12-31": "-40.00000", "2019-09-30": "-237.00000", "2019-06-30": "-474.00000", "2019-03-31": "-477.00000", "2018-12-31": "81.00000", "2018-09-30": "583.00000", "2018-06-30": "729.00000", "2018-03-31": "-128.00000", "2017-12-31": "774.00000", "2017-09-30": "710.00000", "2017-06-30": "415.00000", "2017-03-31": "304.00000", "2016-12-31": "321.00000", "2016-09-30": "-271.00000", "2016-06-30": "-485.00000", "2016-03-31": "80.00000", "2015-12-31": "244.00000", "2015-09-30": "314.00000", "2015-06-30": "247.00000", "2015-03-31": "412.00000", "2014-12-31": "458.00000", "2014-09-30": "460.00000", "2014-06-30": "347.00000", "2014-03-31": "406.00000", "2013-12-31": "467.00000", "2013-09-30": "532.00000", "2013-06-30": "-230.00000", "2013-03-31": "406.00000", "2012-12-31": "468.00000", "2012-09-30": "578.00000", "2012-06-30": "801.00000", "2012-03-31": "538.00000", "2011-12-31": "160.00000", "2011-09-30": "258.00000", "2011-06-30": "171.00000", "2011-03-31": "159.00000", "2010-12-31": "239.00000", "2010-09-30": "211.00000", "2010-06-30": "292.00000", "2010-03-31": "440.00000", "2009-12-31": "471.00000", "2009-09-30": "317.00000", "2009-06-30": "206.00000", "2009-03-31": "58.00000", "2008-12-31": "7.00000", "2008-09-30": "230.00000", "2008-06-30": "237.00000", "2008-03-31": "290.00000", "2007-12-31": "316.00000", "2007-09-30": "138.00000", "2007-06-30": "87.00000", "2007-03-31": "122.00000", "2006-12-31": "128.00000", "2006-09-30": "106.00000", "2006-06-30": "100.00000", "2006-03-31": "105.00000", "2005-12-31": "107.00000", "2005-09-30": "70.00000", "2005-06-30": "38.80000", "2005-03-31": "72.60000"}, "Income Taxes": {"2020-12-31": "23.00000", "2020-09-30": "57.00000", "2020-06-30": "37.00000", "2020-03-31": "29.00000", "2019-12-31": "99.00000", "2019-09-30": "39.00000", "2019-06-30": "-277.00000", "2019-03-31": "104.00000", "2018-12-31": "568.00000", "2018-09-30": "72.00000", "2018-06-30": "-27.00000", "2018-03-31": "-189.00000", "2017-12-31": "1597.00000", "2017-09-30": "29.00000", "2017-06-30": "135.00000", "2017-03-31": "56.00000", "2016-12-31": "86.00000", "2016-09-30": "95.00000", "2016-06-30": "-119.00000", "2016-03-31": "6.00000", "2015-12-31": "-7.00000", "2015-09-30": "31.00000", "2015-06-30": "27.00000", "2015-03-31": "28.00000", "2014-12-31": "20.00000", "2014-09-30": "37.00000", "2014-06-30": "30.00000", "2014-03-31": "31.00000", "2013-12-31": "37.00000", "2013-09-30": "37.00000", "2013-06-30": "35.00000", "2013-03-31": "15.00000", "2012-12-31": "133.00000", "2012-09-30": "59.00000", "2012-06-30": "56.00000", "2012-03-31": "55.00000", "2011-12-31": "15.00000", "2011-09-30": "19.00000", "2011-06-30": "13.00000", "2011-03-31": "13.00000", "2010-12-31": "14.00000", "2010-09-30": "14.00000", "2010-06-30": "27.00000", "2010-03-31": "40.00000", "2009-12-31": "42.00000", "2009-09-30": "29.00000", "2009-06-30": "11.00000", "2009-03-31": "8.00000", "2008-12-31": "-7.00000", "2008-09-30": "19.00000", "2008-06-30": "24.00000", "2008-03-31": "10.00000", "2007-12-31": "11.00000", "2007-09-30": "69.00000", "2007-06-30": "-125.00000", "2007-03-31": "1.00000", "2006-12-31": "", "2006-09-30": "3.00000", "2006-06-30": "-20.00000", "2006-03-31": "3.00000", "2005-12-31": "3.00000", "2005-09-30": "1.00000", "2005-06-30": "0.00000", "2005-03-31": "1.80000"}, "Income After Taxes": {"2020-12-31": "62.00000", "2020-09-30": "-60.00000", "2020-06-30": "148.00000", "2020-03-31": "17.00000", "2019-12-31": "-139.00000", "2019-09-30": "-276.00000", "2019-06-30": "-197.00000", "2019-03-31": "-581.00000", "2018-12-31": "-487.00000", "2018-09-30": "511.00000", "2018-06-30": "756.00000", "2018-03-31": "61.00000", "2017-12-31": "-823.00000", "2017-09-30": "681.00000", "2017-06-30": "280.00000", "2017-03-31": "248.00000", "2016-12-31": "235.00000", "2016-09-30": "-366.00000", "2016-06-30": "-366.00000", "2016-03-31": "74.00000", "2015-12-31": "251.00000", "2015-09-30": "283.00000", "2015-06-30": "220.00000", "2015-03-31": "384.00000", "2014-12-31": "438.00000", "2014-09-30": "423.00000", "2014-06-30": "317.00000", "2014-03-31": "375.00000", "2013-12-31": "430.00000", "2013-09-30": "495.00000", "2013-06-30": "-265.00000", "2013-03-31": "391.00000", "2012-12-31": "335.00000", "2012-09-30": "519.00000", "2012-06-30": "745.00000", "2012-03-31": "483.00000", "2011-12-31": "145.00000", "2011-09-30": "239.00000", "2011-06-30": "158.00000", "2011-03-31": "146.00000", "2010-12-31": "225.00000", "2010-09-30": "197.00000", "2010-06-30": "265.00000", "2010-03-31": "400.00000", "2009-12-31": "429.00000", "2009-09-30": "288.00000", "2009-06-30": "195.00000", "2009-03-31": "50.00000", "2008-12-31": "14.00000", "2008-09-30": "211.00000", "2008-06-30": "213.00000", "2008-03-31": "280.00000", "2007-12-31": "305.00000", "2007-09-30": "69.00000", "2007-06-30": "212.00000", "2007-03-31": "121.00000", "2006-12-31": "128.00000", "2006-09-30": "103.00000", "2006-06-30": "120.00000", "2006-03-31": "102.00000", "2005-12-31": "104.00000", "2005-09-30": "69.00000", "2005-06-30": "38.80000", "2005-03-31": "70.80000"}, "Other Income": {"2020-12-31": "", "2020-09-30": "", "2020-06-30": "", "2020-03-31": "", "2019-12-31": "", "2019-09-30": "", "2019-06-30": "", "2019-03-31": "", "2018-12-31": "", "2018-09-30": "", "2018-06-30": "", "2018-03-31": "", "2017-12-31": "", "2017-09-30": "", "2017-06-30": "", "2017-03-31": "", "2016-12-31": "", "2016-09-30": "", "2016-06-30": "", "2016-03-31": "", "2015-12-31": "", "2015-09-30": "", "2015-06-30": "", "2015-03-31": "", "2014-12-31": "", "2014-09-30": "", "2014-06-30": "", "2014-03-31": "", "2013-12-31": "", "2013-09-30": "", "2013-06-30": "", "2013-03-31": "", "2012-12-31": "", "2012-09-30": "", "2012-06-30": "", "2012-03-31": "", "2011-12-31": "", "2011-09-30": "", "2011-06-30": "", "2011-03-31": "", "2010-12-31": "", "2010-09-30": "", "2010-06-30": "", "2010-03-31": "", "2009-12-31": "", "2009-09-30": "", "2009-06-30": "", "2009-03-31": "", "2008-12-31": "", "2008-09-30": "", "2008-06-30": "", "2008-03-31": "", "2007-12-31": "", "2007-09-30": "", "2007-06-30": "", "2007-03-31": "", "2006-12-31": "", "2006-09-30": "", "2006-06-30": "", "2006-03-31": "", "2005-12-31": "", "2005-09-30": "", "2005-06-30": "", "2005-03-31": ""}, "Income From Continuous Operations": {"2020-12-31": "62.00000", "2020-09-30": "-60.00000", "2020-06-30": "148.00000", "2020-03-31": "17.00000", "2019-12-31": "-139.00000", "2019-09-30": "-276.00000", "2019-06-30": "-197.00000", "2019-03-31": "-581.00000", "2018-12-31": "-487.00000", "2018-09-30": "511.00000", "2018-06-30": "756.00000", "2018-03-31": "61.00000", "2017-12-31": "-823.00000", "2017-09-30": "681.00000", "2017-06-30": "280.00000", "2017-03-31": "248.00000", "2016-12-31": "235.00000", "2016-09-30": "-366.00000", "2016-06-30": "-366.00000", "2016-03-31": "74.00000", "2015-12-31": "251.00000", "2015-09-30": "283.00000", "2015-06-30": "220.00000", "2015-03-31": "384.00000", "2014-12-31": "438.00000", "2014-09-30": "423.00000", "2014-06-30": "317.00000", "2014-03-31": "375.00000", "2013-12-31": "430.00000", "2013-09-30": "495.00000", "2013-06-30": "-265.00000", "2013-03-31": "391.00000", "2012-12-31": "335.00000", "2012-09-30": "519.00000", "2012-06-30": "745.00000", "2012-03-31": "483.00000", "2011-12-31": "145.00000", "2011-09-30": "239.00000", "2011-06-30": "158.00000", "2011-03-31": "146.00000", "2010-12-31": "225.00000", "2010-09-30": "197.00000", "2010-06-30": "265.00000", "2010-03-31": "400.00000", "2009-12-31": "429.00000", "2009-09-30": "288.00000", "2009-06-30": "195.00000", "2009-03-31": "50.00000", "2008-12-31": "14.00000", "2008-09-30": "211.00000", "2008-06-30": "213.00000", "2008-03-31": "280.00000", "2007-12-31": "305.00000", "2007-09-30": "69.00000", "2007-06-30": "212.00000", "2007-03-31": "121.00000", "2006-12-31": "128.00000", "2006-09-30": "103.00000", "2006-06-30": "120.00000", "2006-03-31": "102.00000", "2005-12-31": "104.00000", "2005-09-30": "69.00000", "2005-06-30": "38.80000", "2005-03-31": "70.80000"}, "Income From Discontinued Operations": {"2020-12-31": "", "2020-09-30": "", "2020-06-30": "", "2020-03-31": "", "2019-12-31": "", "2019-09-30": "", "2019-06-30": "", "2019-03-31": "", "2018-12-31": "", "2018-09-30": "", "2018-06-30": "", "2018-03-31": "", "2017-12-31": "", "2017-09-30": "", "2017-06-30": "", "2017-03-31": "", "2016-12-31": "", "2016-09-30": "", "2016-06-30": "", "2016-03-31": "", "2015-12-31": "", "2015-09-30": "", "2015-06-30": "", "2015-03-31": "", "2014-12-31": "", "2014-09-30": "", "2014-06-30": "", "2014-03-31": "", "2013-12-31": "", "2013-09-30": "", "2013-06-30": "", "2013-03-31": "", "2012-12-31": "", "2012-09-30": "", "2012-06-30": "", "2012-03-31": "", "2011-12-31": "", "2011-09-30": "", "2011-06-30": "", "2011-03-31": "", "2010-12-31": "", "2010-09-30": "", "2010-06-30": "", "2010-03-31": "", "2009-12-31": "", "2009-09-30": "", "2009-06-30": "", "2009-03-31": "", "2008-12-31": "", "2008-09-30": "", "2008-06-30": "", "2008-03-31": "", "2007-12-31": "", "2007-09-30": "", "2007-06-30": "", "2007-03-31": "", "2006-12-31": "", "2006-09-30": "", "2006-06-30": "", "2006-03-31": "", "2005-12-31": "", "2005-09-30": "", "2005-06-30": "", "2005-03-31": ""}, "Net Income": {"2020-12-31": "62.00000", "2020-09-30": "-60.00000", "2020-06-30": "148.00000", "2020-03-31": "17.00000", "2019-12-31": "-139.00000", "2019-09-30": "-276.00000", "2019-06-30": "-197.00000", "2019-03-31": "-581.00000", "2018-12-31": "-487.00000", "2018-09-30": "511.00000", "2018-06-30": "756.00000", "2018-03-31": "61.00000", "2017-12-31": "-823.00000", "2017-09-30": "681.00000", "2017-06-30": "280.00000", "2017-03-31": "248.00000", "2016-12-31": "235.00000", "2016-09-30": "-366.00000", "2016-06-30": "-366.00000", "2016-03-31": "74.00000", "2015-12-31": "251.00000", "2015-09-30": "283.00000", "2015-06-30": "220.00000", "2015-03-31": "384.00000", "2014-12-31": "438.00000", "2014-09-30": "423.00000", "2014-06-30": "317.00000", "2014-03-31": "375.00000", "2013-12-31": "430.00000", "2013-09-30": "495.00000", "2013-06-30": "-265.00000", "2013-03-31": "391.00000", "2012-12-31": "335.00000", "2012-09-30": "519.00000", "2012-06-30": "745.00000", "2012-03-31": "483.00000", "2011-12-31": "145.00000", "2011-09-30": "239.00000", "2011-06-30": "158.00000", "2011-03-31": "146.00000", "2010-12-31": "225.00000", "2010-09-30": "197.00000", "2010-06-30": "265.00000", "2010-03-31": "400.00000", "2009-12-31": "429.00000", "2009-09-30": "288.00000", "2009-06-30": "195.00000", "2009-03-31": "50.00000", "2008-12-31": "14.00000", "2008-09-30": "211.00000", "2008-06-30": "213.00000", "2008-03-31": "280.00000", "2007-12-31": "305.00000", "2007-09-30": "69.00000", "2007-06-30": "212.00000", "2007-03-31": "121.00000", "2006-12-31": "128.00000", "2006-09-30": "103.00000", "2006-06-30": "120.00000", "2006-03-31": "102.00000", "2005-12-31": "104.00000", "2005-09-30": "69.00000", "2005-06-30": "38.80000", "2005-03-31": "70.80000"}, "EBITDA": {"2020-12-31": "", "2020-09-30": "454.00000", "2020-06-30": "648.00000", "2020-03-31": "547.00000", "2019-12-31": "459.00000", "2019-09-30": "287.00000", "2019-06-30": "45.00000", "2019-03-31": "59.00000", "2018-12-31": "658.00000", "2018-09-30": "1175.00000", "2018-06-30": "1345.00000", "2018-03-31": "1598.00000", "2017-12-31": "1503.00000", "2017-09-30": "1448.00000", "2017-06-30": "1208.00000", "2017-03-31": "1102.00000", "2016-12-31": "1070.00000", "2016-09-30": "987.00000", "2016-06-30": "261.00000", "2016-03-31": "335.00000", "2015-12-31": "504.00000", "2015-09-30": "559.00000", "2015-06-30": "505.00000", "2015-03-31": "706.00000", "2014-12-31": "756.00000", "2014-09-30": "758.00000", "2014-06-30": "660.00000", "2014-03-31": "726.00000", "2013-12-31": "795.00000", "2013-09-30": "854.00000", "2013-06-30": "81.00000", "2013-03-31": "726.00000", "2012-12-31": "787.00000", "2012-09-30": "905.00000", "2012-06-30": "1147.00000", "2012-03-31": "730.00000", "2011-12-31": "302.00000", "2011-09-30": "417.00000", "2011-06-30": "322.00000", "2011-03-31": "309.00000", "2010-12-31": "391.00000", "2010-09-30": "361.00000", "2010-06-30": "426.00000", "2010-03-31": "570.00000", "2009-12-31": "599.00000", "2009-09-30": "440.00000", "2009-06-30": "329.00000", "2009-03-31": "180.00000", "2008-12-31": "138.00000", "2008-09-30": "351.00000", "2008-06-30": "354.00000", "2008-03-31": "409.00000", "2007-12-31": "443.00000", "2007-09-30": "213.00000", "2007-06-30": "140.00000", "2007-03-31": "170.00000", "2006-12-31": "171.00000", "2006-09-30": "144.00000", "2006-06-30": "138.00000", "2006-03-31": "142.00000", "2005-12-31": "142.00000", "2005-09-30": "104.00000", "2005-06-30": "72.20010", "2005-03-31": "105.00000"}, "EBIT": {"2020-12-31": "158.00000", "2020-09-30": "70.00000", "2020-06-30": "261.00000", "2020-03-31": "153.00000", "2019-12-31": "50.00000", "2019-09-30": "-129.00000", "2019-06-30": "-381.00000", "2019-03-31": "-394.00000", "2018-12-31": "176.00000", "2018-09-30": "686.00000", "2018-06-30": "843.00000", "2018-03-31": "914.00000", "2017-12-31": "955.00000", "2017-09-30": "905.00000", "2017-06-30": "652.00000", "2017-03-31": "525.00000", "2016-12-31": "545.00000", "2016-09-30": "232.00000", "2016-06-30": "-195.00000", "2016-03-31": "88.00000", "2015-12-31": "251.00000", "2015-09-30": "322.00000", "2015-06-30": "255.00000", "2015-03-31": "421.00000", "2014-12-31": "466.00000", "2014-09-30": "469.00000", "2014-06-30": "352.00000", "2014-03-31": "419.00000", "2013-12-31": "478.00000", "2013-09-30": "542.00000", "2013-06-30": "-221.00000", "2013-03-31": "417.00000", "2012-12-31": "478.00000", "2012-09-30": "592.00000", "2012-06-30": "808.00000", "2012-03-31": "542.00000", "2011-12-31": "162.00000", "2011-09-30": "259.00000", "2011-06-30": "172.00000", "2011-03-31": "158.00000", "2010-12-31": "240.00000", "2010-09-30": "211.00000", "2010-06-30": "292.00000", "2010-03-31": "441.00000", "2009-12-31": "473.00000", "2009-09-30": "319.00000", "2009-06-30": "208.00000", "2009-03-31": "61.00000", "2008-12-31": "16.00000", "2008-09-30": "234.00000", "2008-06-30": "241.00000", "2008-03-31": "298.00000", "2007-12-31": "332.00000", "2007-09-30": "135.00000", "2007-06-30": "79.00000", "2007-03-31": "115.00000", "2006-12-31": "122.00000", "2006-09-30": "99.00000", "2006-06-30": "94.00000", "2006-03-31": "100.00000", "2005-12-31": "104.00000", "2005-09-30": "68.00000", "2005-06-30": "36.50010", "2005-03-31": "70.70000"}, "Basic Shares Outstanding": {"2020-12-31": "305.00000", "2020-09-30": "303.00000", "2020-06-30": "298.00000", "2020-03-31": "299.00000", "2019-12-31": "298.00000", "2019-09-30": "296.00000", "2019-06-30": "292.00000", "2019-03-31": "292.00000", "2018-12-31": "290.00000", "2018-09-30": "292.00000", "2018-06-30": "297.00000", "2018-03-31": "298.00000", "2017-12-31": "296.00000", "2017-09-30": "295.00000", "2017-06-30": "288.00000", "2017-03-31": "289.00000", "2016-12-31": "286.00000", "2016-09-30": "285.00000", "2016-06-30": "239.00000", "2016-03-31": "233.00000", "2015-12-31": "232.00000", "2015-09-30": "231.00000", "2015-06-30": "232.00000", "2015-03-31": "231.00000", "2014-12-31": "233.00000", "2014-09-30": "234.00000", "2014-06-30": "235.00000", "2014-03-31": "235.00000", "2013-12-31": "236.00000", "2013-09-30": "236.00000", "2013-06-30": "241.00000", "2013-03-31": "239.00000", "2012-12-31": "242.00000", "2012-09-30": "246.00000", "2012-06-30": "241.00000", "2012-03-31": "241.00000", "2011-12-31": "234.00000", "2011-09-30": "233.00000", "2011-06-30": "231.00000", "2011-03-31": "232.00000", "2010-12-31": "230.00000", "2010-09-30": "230.00000", "2010-06-30": "228.00000", "2010-03-31": "229.00000", "2009-12-31": "227.00000", "2009-09-30": "225.00000", "2009-06-30": "222.00000", "2009-03-31": "223.00000", "2008-12-31": "222.00000", "2008-09-30": "222.00000", "2008-06-30": "221.00000", "2008-03-31": "222.00000", "2007-12-31": "220.00000", "2007-09-30": "219.00000", "2007-06-30": "219.00000", "2007-03-31": "220.00000", "2006-12-31": "220.00000", "2006-09-30": "219.00000", "2006-06-30": "215.00000", "2006-03-31": "217.00000", "2005-12-31": "213.00000", "2005-09-30": "213.00000", "2005-06-30": "208.00000", "2005-03-31": "208.80000"}, "Shares Outstanding": {"2020-12-31": "307.00000", "2020-09-30": "303.00000", "2020-06-30": "298.00000", "2020-03-31": "303.00000", "2019-12-31": "298.00000", "2019-09-30": "296.00000", "2019-06-30": "292.00000", "2019-03-31": "292.00000", "2018-12-31": "290.00000", "2018-09-30": "298.00000", "2018-06-30": "307.00000", "2018-03-31": "308.00000", "2017-12-31": "296.00000", "2017-09-30": "306.00000", "2017-06-30": "296.00000", "2017-03-31": "299.00000", "2016-12-31": "294.00000", "2016-09-30": "285.00000", "2016-06-30": "242.00000", "2016-03-31": "234.00000", "2015-12-31": "234.00000", "2015-09-30": "234.00000", "2015-06-30": "237.00000", "2015-03-31": "236.00000", "2014-12-31": "238.00000", "2014-09-30": "240.00000", "2014-06-30": "242.00000", "2014-03-31": "242.00000", "2013-12-31": "243.00000", "2013-09-30": "242.00000", "2013-06-30": "246.00000", "2013-03-31": "245.00000", "2012-12-31": "246.00000", "2012-09-30": "252.00000", "2012-06-30": "245.00000", "2012-03-31": "246.00000", "2011-12-31": "237.00000", "2011-09-30": "237.00000", "2011-06-30": "235.00000", "2011-03-31": "236.00000", "2010-12-31": "235.00000", "2010-09-30": "234.00000", "2010-06-30": "233.00000", "2010-03-31": "234.00000", "2009-12-31": "232.00000", "2009-09-30": "230.00000", "2009-06-30": "226.00000", "2009-03-31": "226.00000", "2008-12-31": "224.00000", "2008-09-30": "226.00000", "2008-06-30": "226.00000", "2008-03-31": "227.00000", "2007-12-31": "226.00000", "2007-09-30": "224.00000", "2007-06-30": "226.00000", "2007-03-31": "226.00000", "2006-12-31": "226.00000", "2006-09-30": "225.00000", "2006-06-30": "224.00000", "2006-03-31": "227.00000", "2005-12-31": "221.00000", "2005-09-30": "221.00000", "2005-06-30": "217.00000", "2005-03-31": "218.70000"}, "Basic EPS": {"2020-12-31": "0.20000", "2020-09-30": "-0.20000", "2020-06-30": "0.50000", "2020-03-31": "0.06000", "2019-12-31": "-0.47000", "2019-09-30": "-0.93000", "2019-06-30": "-0.66000", "2019-03-31": "-1.99000", "2018-12-31": "-1.68000", "2018-09-30": "1.75000", "2018-06-30": "2.54000", "2018-03-31": "0.20000", "2017-12-31": "-2.78000", "2017-09-30": "2.31000", "2017-06-30": "0.98000", "2017-03-31": "0.86000", "2016-12-31": "0.82000", "2016-09-30": "-1.28000", "2016-06-30": "-1.62000", "2016-03-31": "0.32000", "2015-12-31": "1.08000", "2015-09-30": "1.23000", "2015-06-30": "0.96000", "2015-03-31": "1.66000", "2014-12-31": "1.88000", "2014-09-30": "1.81000", "2014-06-30": "1.36000", "2014-03-31": "1.60000", "2013-12-31": "1.82000", "2013-09-30": "2.10000", "2013-06-30": "-1.06000", "2013-03-31": "1.64000", "2012-12-31": "1.38000", "2012-09-30": "2.11000", "2012-06-30": "3.04000", "2012-03-31": "2.00000", "2011-12-31": "0.62000", "2011-09-30": "1.03000", "2011-06-30": "0.67000", "2011-03-31": "0.63000", "2010-12-31": "0.98000", "2010-09-30": "0.86000", "2010-06-30": "1.14000", "2010-03-31": "1.75000", "2009-12-31": "1.89000", "2009-09-30": "1.28000", "2009-06-30": "0.89000", "2009-03-31": "0.22000", "2008-12-31": "0.06000", "2008-09-30": "0.95000", "2008-06-30": "0.96000", "2008-03-31": "1.26000", "2007-12-31": "1.39000", "2007-09-30": "0.31000", "2007-06-30": "0.97000", "2007-03-31": "0.55000", "2006-12-31": "0.58000", "2006-09-30": "0.47000", "2006-06-30": "0.56000", "2006-03-31": "0.47000", "2005-12-31": "0.49000", "2005-09-30": "0.32000", "2005-06-30": "0.18000", "2005-03-31": "0.34000"}, "EPS - Earnings Per Share": {"2020-12-31": "0.20000", "2020-09-30": "-0.20000", "2020-06-30": "0.50000", "2020-03-31": "0.06000", "2019-12-31": "-0.47000", "2019-09-30": "-0.93000", "2019-06-30": "-0.62000", "2019-03-31": "-1.99000", "2018-12-31": "-1.68000", "2018-09-30": "1.71000", "2018-06-30": "2.55000", "2018-03-31": "0.20000", "2017-12-31": "-2.78000", "2017-09-30": "2.23000", "2017-06-30": "0.99000", "2017-03-31": "0.83000", "2016-12-31": "0.80000", "2016-09-30": "-1.28000", "2016-06-30": "-1.60000", "2016-03-31": "0.32000", "2015-12-31": "1.07000", "2015-09-30": "1.21000", "2015-06-30": "0.95000", "2015-03-31": "1.63000", "2014-12-31": "1.84000", "2014-09-30": "1.76000", "2014-06-30": "1.31000", "2014-03-31": "1.55000", "2013-12-31": "1.77000", "2013-09-30": "2.05000", "2013-06-30": "-1.04000", "2013-03-31": "1.60000", "2012-12-31": "1.36000", "2012-09-30": "2.06000", "2012-06-30": "3.00000", "2012-03-31": "1.96000", "2011-12-31": "0.61000", "2011-09-30": "1.01000", "2011-06-30": "0.67000", "2011-03-31": "0.62000", "2010-12-31": "0.96000", "2010-09-30": "0.84000", "2010-06-30": "1.12000", "2010-03-31": "1.71000", "2009-12-31": "1.85000", "2009-09-30": "1.25000", "2009-06-30": "0.87000", "2009-03-31": "0.22000", "2008-12-31": "0.06000", "2008-09-30": "0.93000", "2008-06-30": "0.95000", "2008-03-31": "1.23000", "2007-12-31": "1.35000", "2007-09-30": "0.31000", "2007-06-30": "0.94000", "2007-03-31": "0.53000", "2006-12-31": "0.57000", "2006-09-30": "0.46000", "2006-06-30": "0.53000", "2006-03-31": "0.45000", "2005-12-31": "0.47000", "2005-09-30": "0.31000", "2005-06-30": "0.18000", "2005-03-31": "0.32000"}}, "balance sheet": {"Cash On Hand": {"2020-06-30": "3048.00000", "2019-06-30": "3455.00000", "2018-06-30": "5005.00000", "2017-06-30": "6354.00000", "2016-06-30": "8378.00000", "2015-06-30": "5286.00000", "2014-06-30": "5088.00000", "2013-06-30": "4309.00000", "2012-06-30": "3208.00000", "2011-06-30": "3490.00000", "2010-06-30": "2734.00000", "2009-06-30": "1794.00000", "2008-06-30": "1104.00000", "2007-06-30": "907.00000", "2006-06-30": "699.00000", "2005-06-30": "598.40000"}, "Receivables": {"2020-06-30": "2379.00000", "2019-06-30": "1204.00000", "2018-06-30": "2197.00000", "2017-06-30": "1948.00000", "2016-06-30": "1461.00000", "2015-06-30": "1532.00000", "2014-06-30": "1989.00000", "2013-06-30": "1793.00000", "2012-06-30": "2364.00000", "2011-06-30": "1206.00000", "2010-06-30": "1256.00000", "2009-06-30": "926.00000", "2008-06-30": "1010.00000", "2007-06-30": "697.00000", "2006-06-30": "481.00000", "2005-06-30": "402.90000"}, "Inventory": {"2020-06-30": "3070.00000", "2019-06-30": "3283.00000", "2018-06-30": "2944.00000", "2017-06-30": "2341.00000", "2016-06-30": "2129.00000", "2015-06-30": "1368.00000", "2014-06-30": "1226.00000", "2013-06-30": "1188.00000", "2012-06-30": "1210.00000", "2011-06-30": "577.00000", "2010-06-30": "560.00000", "2009-06-30": "376.00000", "2008-06-30": "456.00000", "2007-06-30": "259.00000", "2006-06-30": "205.00000", "2005-06-30": "152.90000"}, "Pre-Paid Expenses": {"2020-06-30": "", "2019-06-30": "", "2018-06-30": "", "2017-06-30": "", "2016-06-30": "", "2015-06-30": "", "2014-06-30": "", "2013-06-30": "", "2012-06-30": "", "2011-06-30": "", "2010-06-30": "", "2009-06-30": "", "2008-06-30": "", "2007-06-30": "63.00000", "2006-06-30": "80.00000", "2005-06-30": "27.00000"}, "Other Current Assets": {"2020-06-30": "551.00000", "2019-06-30": "535.00000", "2018-06-30": "492.00000", "2017-06-30": "413.00000", "2016-06-30": "616.00000", "2015-06-30": "327.00000", "2014-06-30": "417.00000", "2013-06-30": "308.00000", "2012-06-30": "359.00000", "2011-06-30": "214.00000", "2010-06-30": "170.00000", "2009-06-30": "134.00000", "2008-06-30": "161.00000", "2007-06-30": "103.00000", "2006-06-30": "40.00000", "2005-06-30": ""}, "Total Current Assets": {"2020-06-30": "9048.00000", "2019-06-30": "8477.00000", "2018-06-30": "10638.00000", "2017-06-30": "11056.00000", "2016-06-30": "12584.00000", "2015-06-30": "8513.00000", "2014-06-30": "8720.00000", "2013-06-30": "7598.00000", "2012-06-30": "7141.00000", "2011-06-30": "5487.00000", "2010-06-30": "4720.00000", "2009-06-30": "3230.00000", "2008-06-30": "2731.00000", "2007-06-30": "2029.00000", "2006-06-30": "1505.00000", "2005-06-30": "1181.20000"}, "Property, Plant, And Equipment": {"2020-06-30": "2854.00000", "2019-06-30": "2843.00000", "2018-06-30": "3095.00000", "2017-06-30": "3033.00000", "2016-06-30": "3503.00000", "2015-06-30": "2965.00000", "2014-06-30": "3293.00000", "2013-06-30": "3700.00000", "2012-06-30": "4067.00000", "2011-06-30": "2224.00000", "2010-06-30": "2159.00000", "2009-06-30": "1584.00000", "2008-06-30": "1668.00000", "2007-06-30": "741.00000", "2006-06-30": "549.00000", "2005-06-30": "395.00000"}, "Long-Term Investments": {"2020-06-30": "", "2019-06-30": "", "2018-06-30": "", "2017-06-30": "", "2016-06-30": "", "2015-06-30": "", "2014-06-30": "", "2013-06-30": "", "2012-06-30": "", "2011-06-30": "", "2010-06-30": "", "2009-06-30": "", "2008-06-30": "", "2007-06-30": "", "2006-06-30": "", "2005-06-30": ""}, "Goodwill And Intangible Assets": {"2020-06-30": "11008.00000", "2019-06-30": "11787.00000", "2018-06-30": "12755.00000", "2017-06-30": "13837.00000", "2016-06-30": "14985.00000", "2015-06-30": "3098.00000", "2014-06-30": "3013.00000", "2013-06-30": "2559.00000", "2012-06-30": "2774.00000", "2011-06-30": "222.00000", "2010-06-30": "234.00000", "2009-06-30": "228.00000", "2008-06-30": "197.00000", "2007-06-30": "4.00000", "2006-06-30": "", "2005-06-30": "12.40000"}, "Other Long-Term Assets": {"2020-06-30": "877.00000", "2019-06-30": "472.00000", "2018-06-30": "642.00000", "2017-06-30": "594.00000", "2016-06-30": "619.00000", "2015-06-30": "594.00000", "2014-06-30": "473.00000", "2013-06-30": "179.00000", "2012-06-30": "224.00000", "2011-06-30": "185.00000", "2010-06-30": "215.00000", "2009-06-30": "249.00000", "2008-06-30": "279.00000", "2007-06-30": "127.00000", "2006-06-30": "32.00000", "2005-06-30": ""}, "Total Long-Term Assets": {"2020-06-30": "16614.00000", "2019-06-30": "17893.00000", "2018-06-30": "18597.00000", "2017-06-30": "18804.00000", "2016-06-30": "20278.00000", "2015-06-30": "6657.00000", "2014-06-30": "6779.00000", "2013-06-30": "6438.00000", "2012-06-30": "7065.00000", "2011-06-30": "2631.00000", "2010-06-30": "2608.00000", "2009-06-30": "2061.00000", "2008-06-30": "2144.00000", "2007-06-30": "872.00000", "2006-06-30": "581.00000", "2005-06-30": "407.40000"}, "Total Assets": {"2020-06-30": "25662.00000", "2019-06-30": "26370.00000", "2018-06-30": "29235.00000", "2017-06-30": "29860.00000", "2016-06-30": "32862.00000", "2015-06-30": "15170.00000", "2014-06-30": "15499.00000", "2013-06-30": "14036.00000", "2012-06-30": "14206.00000", "2011-06-30": "8118.00000", "2010-06-30": "7328.00000", "2009-06-30": "5291.00000", "2008-06-30": "4875.00000", "2007-06-30": "2901.00000", "2006-06-30": "2086.00000", "2005-06-30": "1588.60000"}, "Total Current Liabilities": {"2020-06-30": "4406.00000", "2019-06-30": "3817.00000", "2018-06-30": "4456.00000", "2017-06-30": "4344.00000", "2016-06-30": "6949.00000", "2015-06-30": "3238.00000", "2014-06-30": "3845.00000", "2013-06-30": "3973.00000", "2012-06-30": "4032.00000", "2011-06-30": "2170.00000", "2010-06-30": "2023.00000", "2009-06-30": "1525.00000", "2008-06-30": "1564.00000", "2007-06-30": "1130.00000", "2006-06-30": "872.00000", "2005-06-30": "820.30000"}, "Long Term Debt": {"2020-06-30": "9289.00000", "2019-06-30": "10246.00000", "2018-06-30": "10993.00000", "2017-06-30": "12918.00000", "2016-06-30": "13660.00000", "2015-06-30": "2149.00000", "2014-06-30": "2313.00000", "2013-06-30": "1725.00000", "2012-06-30": "1955.00000", "2011-06-30": "150.00000", "2010-06-30": "294.00000", "2009-06-30": "400.00000", "2008-06-30": "482.00000", "2007-06-30": "10.00000", "2006-06-30": "19.00000", "2005-06-30": "32.60000"}, "Other Non-Current Liabilities": {"2020-06-30": "2416.00000", "2019-06-30": "2340.00000", "2018-06-30": "2255.00000", "2017-06-30": "1180.00000", "2016-06-30": "1108.00000", "2015-06-30": "564.00000", "2014-06-30": "499.00000", "2013-06-30": "445.00000", "2012-06-30": "550.00000", "2011-06-30": "310.00000", "2010-06-30": "302.00000", "2009-06-30": "174.00000", "2008-06-30": "133.00000", "2007-06-30": "45.00000", "2006-06-30": "38.00000", "2005-06-30": "35.40000"}, "Total Long Term Liabilities": {"2020-06-30": "11705.00000", "2019-06-30": "12586.00000", "2018-06-30": "13248.00000", "2017-06-30": "14098.00000", "2016-06-30": "14768.00000", "2015-06-30": "2713.00000", "2014-06-30": "2812.00000", "2013-06-30": "2170.00000", "2012-06-30": "2505.00000", "2011-06-30": "460.00000", "2010-06-30": "596.00000", "2009-06-30": "574.00000", "2008-06-30": "615.00000", "2007-06-30": "55.00000", "2006-06-30": "57.00000", "2005-06-30": "68.00000"}, "Total Liabilities": {"2020-06-30": "16111.00000", "2019-06-30": "16403.00000", "2018-06-30": "17704.00000", "2017-06-30": "18442.00000", "2016-06-30": "21717.00000", "2015-06-30": "5951.00000", "2014-06-30": "6657.00000", "2013-06-30": "6143.00000", "2012-06-30": "6537.00000", "2011-06-30": "2630.00000", "2010-06-30": "2619.00000", "2009-06-30": "2099.00000", "2008-06-30": "2179.00000", "2007-06-30": "1185.00000", "2006-06-30": "929.00000", "2005-06-30": "888.30000"}, "Common Stock Net": {"2020-06-30": "3.00000", "2019-06-30": "3.00000", "2018-06-30": "3.00000", "2017-06-30": "3.00000", "2016-06-30": "3.00000", "2015-06-30": "3.00000", "2014-06-30": "3.00000", "2013-06-30": "3.00000", "2012-06-30": "3.00000", "2011-06-30": "2.00000", "2010-06-30": "2.00000", "2009-06-30": "2.00000", "2008-06-30": "2.00000", "2007-06-30": "2.00000", "2006-06-30": "2.00000", "2005-06-30": "2.10000"}, "Retained Earnings (Accumulated Deficit)": {"2020-06-30": "6725.00000", "2019-06-30": "7449.00000", "2018-06-30": "8757.00000", "2017-06-30": "8633.00000", "2016-06-30": "8848.00000", "2015-06-30": "9107.00000", "2014-06-30": "8066.00000", "2013-06-30": "6749.00000", "2012-06-30": "6012.00000", "2011-06-30": "4400.00000", "2010-06-30": "3674.00000", "2009-06-30": "2292.00000", "2008-06-30": "1822.00000", "2007-06-30": "955.00000", "2006-06-30": "391.00000", "2005-06-30": "-4.10000"}, "Comprehensive Income": {"2020-06-30": "-157.00000", "2019-06-30": "-68.00000", "2018-06-30": "-39.00000", "2017-06-30": "-58.00000", "2016-06-30": "103.00000", "2015-06-30": "-20.00000", "2014-06-30": "12.00000", "2013-06-30": "-35.00000", "2012-06-30": "-15.00000", "2011-06-30": "-5.00000", "2010-06-30": "11.00000", "2009-06-30": "2.00000", "2008-06-30": "-12.00000", "2007-06-30": "-1.00000", "2006-06-30": "1.00000", "2005-06-30": "-0.30000"}, "Other Share Holders Equity": {"2020-06-30": "", "2019-06-30": "", "2018-06-30": "", "2017-06-30": "", "2016-06-30": "", "2015-06-30": "", "2014-06-30": "", "2013-06-30": "", "2012-06-30": "", "2011-06-30": "", "2010-06-30": "", "2009-06-30": "", "2008-06-30": "", "2007-06-30": "", "2006-06-30": "", "2005-06-30": ""}, "Share Holder Equity": {"2020-06-30": "9551.00000", "2019-06-30": "9967.00000", "2018-06-30": "11531.00000", "2017-06-30": "11418.00000", "2016-06-30": "11145.00000", "2015-06-30": "9219.00000", "2014-06-30": "8842.00000", "2013-06-30": "7893.00000", "2012-06-30": "7669.00000", "2011-06-30": "5488.00000", "2010-06-30": "4709.00000", "2009-06-30": "3192.00000", "2008-06-30": "2696.00000", "2007-06-30": "1716.00000", "2006-06-30": "1157.00000", "2005-06-30": "700.30000"}, "Total Liabilities And Share Holders Equity": {"2020-06-30": "25662.00000", "2019-06-30": "26370.00000", "2018-06-30": "29235.00000", "2017-06-30": "29860.00000", "2016-06-30": "32862.00000", "2015-06-30": "15170.00000", "2014-06-30": "15499.00000", "2013-06-30": "14036.00000", "2012-06-30": "14206.00000", "2011-06-30": "8118.00000", "2010-06-30": "7328.00000", "2009-06-30": "5291.00000", "2008-06-30": "4875.00000", "2007-06-30": "2901.00000", "2006-06-30": "2086.00000", "2005-06-30": "1588.60000"}}, "balance sheet, quarterly": {"Cash On Hand": {"2020-12-31": "2956.00000", "2020-09-30": "2995.00000", "2020-06-30": "3048.00000", "2020-03-31": "2943.00000", "2019-12-31": "3137.00000", "2019-09-30": "3248.00000", "2019-06-30": "3455.00000", "2019-03-31": "3682.00000", "2018-12-31": "4013.00000", "2018-09-30": "4646.00000", "2018-06-30": "5005.00000", "2018-03-31": "4983.00000", "2017-12-31": "6295.00000", "2017-09-30": "6921.00000", "2017-06-30": "6354.00000", "2017-03-31": "5677.00000", "2016-12-31": "5101.00000", "2016-09-30": "4325.00000", "2016-06-30": "8378.00000", "2016-03-31": "6033.00000", "2015-12-31": "5860.00000", "2015-09-30": "5428.00000", "2015-06-30": "5286.00000", "2015-03-31": "5040.00000", "2014-12-31": "5143.00000", "2014-09-30": "5381.00000", "2014-06-30": "5088.00000", "2014-03-31": "4865.00000", "2013-12-31": "4655.00000", "2013-09-30": "4869.00000", "2013-06-30": "4309.00000", "2013-03-31": "4060.00000", "2012-12-31": "3816.00000", "2012-09-30": "3537.00000", "2012-06-30": "3208.00000", "2012-03-31": "3377.00000", "2011-12-31": "3924.00000", "2011-09-30": "3675.00000", "2011-06-30": "3490.00000", "2011-03-31": "3230.00000", "2010-12-31": "3110.00000", "2010-09-30": "2858.00000", "2010-06-30": "2734.00000", "2010-03-31": "2826.00000", "2009-12-31": "2435.00000", "2009-09-30": "2056.00000", "2009-06-30": "1794.00000", "2009-03-31": "1579.00000", "2008-12-31": "1376.00000", "2008-09-30": "1215.00000", "2008-06-30": "1104.00000", "2008-03-31": "949.00000", "2007-12-31": "967.00000", "2007-09-30": "851.00000", "2007-06-30": "907.00000", "2007-03-31": "875.00000", "2006-12-31": "830.00000", "2006-09-30": "751.00000", "2006-06-30": "699.00000", "2006-03-31": "674.10000", "2005-12-31": "644.70000", "2005-09-30": "581.30000", "2005-06-30": "598.40000", "2005-03-31": "574.30000"}, "Receivables": {"2020-12-31": "1833.00000", "2020-09-30": "2097.00000", "2020-06-30": "2379.00000", "2020-03-31": "1978.00000", "2019-12-31": "1791.00000", "2019-09-30": "1448.00000", "2019-06-30": "1204.00000", "2019-03-31": "1223.00000", "2018-12-31": "1715.00000", "2018-09-30": "2219.00000", "2018-06-30": "2197.00000", "2018-03-31": "2011.00000", "2017-12-31": "2052.00000", "2017-09-30": "2101.00000", "2017-06-30": "1948.00000", "2017-03-31": "1948.00000", "2016-12-31": "2004.00000", "2016-09-30": "2023.00000", "2016-06-30": "1461.00000", "2016-03-31": "1254.00000", "2015-12-31": "1650.00000", "2015-09-30": "1616.00000", "2015-06-30": "1532.00000", "2015-03-31": "1696.00000", "2014-12-31": "1880.00000", "2014-09-30": "1915.00000", "2014-06-30": "1989.00000", "2014-03-31": "1802.00000", "2013-12-31": "1959.00000", "2013-09-30": "1791.00000", "2013-06-30": "1793.00000", "2013-03-31": "1700.00000", "2012-12-31": "1732.00000", "2012-09-30": "1951.00000", "2012-06-30": "2364.00000", "2012-03-31": "2377.00000", "2011-12-31": "747.00000", "2011-09-30": "1356.00000", "2011-06-30": "1206.00000", "2011-03-31": "1171.00000", "2010-12-31": "1250.00000", "2010-09-30": "1325.00000", "2010-06-30": "1256.00000", "2010-03-31": "1257.00000", "2009-12-31": "1365.00000", "2009-09-30": "1131.00000", "2009-06-30": "926.00000", "2009-03-31": "824.00000", "2008-12-31": "926.00000", "2008-09-30": "1082.00000", "2008-06-30": "1010.00000", "2008-03-31": "1014.00000", "2007-12-31": "1086.00000", "2007-09-30": "985.00000", "2007-06-30": "697.00000", "2007-03-31": "715.00000", "2006-12-31": "668.00000", "2006-09-30": "614.00000", "2006-06-30": "481.00000", "2006-03-31": "483.20000", "2005-12-31": "428.30000", "2005-09-30": "470.40000", "2005-06-30": "402.90000", "2005-03-31": "398.60000"}, "Inventory": {"2020-12-31": "3576.00000", "2020-09-30": "3355.00000", "2020-06-30": "3070.00000", "2020-03-31": "3091.00000", "2019-12-31": "3122.00000", "2019-09-30": "3287.00000", "2019-06-30": "3283.00000", "2019-03-31": "3440.00000", "2018-12-31": "3427.00000", "2018-09-30": "3119.00000", "2018-06-30": "2944.00000", "2018-03-31": "2670.00000", "2017-12-31": "2281.00000", "2017-09-30": "2302.00000", "2017-06-30": "2341.00000", "2017-03-31": "2254.00000", "2016-12-31": "2085.00000", "2016-09-30": "2109.00000", "2016-06-30": "2129.00000", "2016-03-31": "1227.00000", "2015-12-31": "1238.00000", "2015-09-30": "1260.00000", "2015-06-30": "1368.00000", "2015-03-31": "1322.00000", "2014-12-31": "1282.00000", "2014-09-30": "1272.00000", "2014-06-30": "1226.00000", "2014-03-31": "1277.00000", "2013-12-31": "1293.00000", "2013-09-30": "1244.00000", "2013-06-30": "1188.00000", "2013-03-31": "1197.00000", "2012-12-31": "1204.00000", "2012-09-30": "1304.00000", "2012-06-30": "1210.00000", "2012-03-31": "1282.00000", "2011-12-31": "466.00000", "2011-09-30": "645.00000", "2011-06-30": "577.00000", "2011-03-31": "574.00000", "2010-12-31": "568.00000", "2010-09-30": "561.00000", "2010-06-30": "560.00000", "2010-03-31": "507.00000", "2009-12-31": "453.00000", "2009-09-30": "395.00000", "2009-06-30": "376.00000", "2009-03-31": "385.00000", "2008-12-31": "446.00000", "2008-09-30": "477.00000", "2008-06-30": "456.00000", "2008-03-31": "455.00000", "2007-12-31": "459.00000", "2007-09-30": "461.00000", "2007-06-30": "259.00000", "2007-03-31": "243.00000", "2006-12-31": "265.00000", "2006-09-30": "216.00000", "2006-06-30": "205.00000", "2006-03-31": "177.60000", "2005-12-31": "168.30000", "2005-09-30": "172.80000", "2005-06-30": "152.90000", "2005-03-31": "135.50000"}, "Pre-Paid Expenses": {"2020-12-31": "", "2020-09-30": "", "2020-06-30": "", "2020-03-31": "", "2019-12-31": "", "2019-09-30": "", "2019-06-30": "", "2019-03-31": "", "2018-12-31": "", "2018-09-30": "", "2018-06-30": "", "2018-03-31": "", "2017-12-31": "", "2017-09-30": "", "2017-06-30": "", "2017-03-31": "", "2016-12-31": "", "2016-09-30": "", "2016-06-30": "", "2016-03-31": "", "2015-12-31": "", "2015-09-30": "", "2015-06-30": "", "2015-03-31": "", "2014-12-31": "", "2014-09-30": "", "2014-06-30": "", "2014-03-31": "", "2013-12-31": "", "2013-09-30": "", "2013-06-30": "", "2013-03-31": "", "2012-12-31": "", "2012-09-30": "", "2012-06-30": "", "2012-03-31": "", "2011-12-31": "", "2011-09-30": "", "2011-06-30": "", "2011-03-31": "", "2010-12-31": "", "2010-09-30": "", "2010-06-30": "", "2010-03-31": "", "2009-12-31": "", "2009-09-30": "", "2009-06-30": "", "2009-03-31": "", "2008-12-31": "18.00000", "2008-09-30": "27.00000", "2008-06-30": "", "2008-03-31": "36.00000", "2007-12-31": "27.00000", "2007-09-30": "42.00000", "2007-06-30": "63.00000", "2007-03-31": "100.00000", "2006-12-31": "103.00000", "2006-09-30": "116.00000", "2006-06-30": "80.00000", "2006-03-31": "", "2005-12-31": "", "2005-09-30": "", "2005-06-30": "27.00000", "2005-03-31": ""}, "Other Current Assets": {"2020-12-31": "744.00000", "2020-09-30": "558.00000", "2020-06-30": "551.00000", "2020-03-31": "541.00000", "2019-12-31": "577.00000", "2019-09-30": "517.00000", "2019-06-30": "535.00000", "2019-03-31": "557.00000", "2018-12-31": "587.00000", "2018-09-30": "587.00000", "2018-06-30": "492.00000", "2018-03-31": "500.00000", "2017-12-31": "485.00000", "2017-09-30": "496.00000", "2017-06-30": "413.00000", "2017-03-31": "434.00000", "2016-12-31": "416.00000", "2016-09-30": "666.00000", "2016-06-30": "616.00000", "2016-03-31": "226.00000", "2015-12-31": "200.00000", "2015-09-30": "351.00000", "2015-06-30": "327.00000", "2015-03-31": "371.00000", "2014-12-31": "355.00000", "2014-09-30": "422.00000", "2014-06-30": "417.00000", "2014-03-31": "362.00000", "2013-12-31": "381.00000", "2013-09-30": "357.00000", "2013-06-30": "308.00000", "2013-03-31": "383.00000", "2012-12-31": "423.00000", "2012-09-30": "394.00000", "2012-06-30": "359.00000", "2012-03-31": "409.00000", "2011-12-31": "261.00000", "2011-09-30": "250.00000", "2011-06-30": "214.00000", "2011-03-31": "178.00000", "2010-12-31": "192.00000", "2010-09-30": "217.00000", "2010-06-30": "170.00000", "2010-03-31": "188.00000", "2009-12-31": "163.00000", "2009-09-30": "168.00000", "2009-06-30": "134.00000", "2009-03-31": "134.00000", "2008-12-31": "129.00000", "2008-09-30": "147.00000", "2008-06-30": "161.00000", "2008-03-31": "175.00000", "2007-12-31": "114.00000", "2007-09-30": "108.00000", "2007-06-30": "103.00000", "2007-03-31": "", "2006-12-31": "", "2006-09-30": "", "2006-06-30": "40.00000", "2006-03-31": "82.80000", "2005-12-31": "83.30000", "2005-09-30": "47.60000", "2005-06-30": "", "2005-03-31": "18.30000"}, "Total Current Assets": {"2020-12-31": "9109.00000", "2020-09-30": "9005.00000", "2020-06-30": "9048.00000", "2020-03-31": "8553.00000", "2019-12-31": "8627.00000", "2019-09-30": "8500.00000", "2019-06-30": "8477.00000", "2019-03-31": "8902.00000", "2018-12-31": "9742.00000", "2018-09-30": "10571.00000", "2018-06-30": "10638.00000", "2018-03-31": "10164.00000", "2017-12-31": "11113.00000", "2017-09-30": "11820.00000", "2017-06-30": "11056.00000", "2017-03-31": "10313.00000", "2016-12-31": "9606.00000", "2016-09-30": "9123.00000", "2016-06-30": "12584.00000", "2016-03-31": "8740.00000", "2015-12-31": "8948.00000", "2015-09-30": "8655.00000", "2015-06-30": "8513.00000", "2015-03-31": "8429.00000", "2014-12-31": "8660.00000", "2014-09-30": "8990.00000", "2014-06-30": "8720.00000", "2014-03-31": "8306.00000", "2013-12-31": "8288.00000", "2013-09-30": "8261.00000", "2013-06-30": "7598.00000", "2013-03-31": "7340.00000", "2012-12-31": "7175.00000", "2012-09-30": "7186.00000", "2012-06-30": "7141.00000", "2012-03-31": "7445.00000", "2011-12-31": "5398.00000", "2011-09-30": "5926.00000", "2011-06-30": "5487.00000", "2011-03-31": "5153.00000", "2010-12-31": "5120.00000", "2010-09-30": "4961.00000", "2010-06-30": "4720.00000", "2010-03-31": "4778.00000", "2009-12-31": "4416.00000", "2009-09-30": "3750.00000", "2009-06-30": "3230.00000", "2009-03-31": "2922.00000", "2008-12-31": "2895.00000", "2008-09-30": "2948.00000", "2008-06-30": "2731.00000", "2008-03-31": "2629.00000", "2007-12-31": "2653.00000", "2007-09-30": "2447.00000", "2007-06-30": "2029.00000", "2007-03-31": "1933.00000", "2006-12-31": "1866.00000", "2006-09-30": "1697.00000", "2006-06-30": "1505.00000", "2006-03-31": "1417.70000", "2005-12-31": "1324.60000", "2005-09-30": "1272.10000", "2005-06-30": "1181.20000", "2005-03-31": "1126.70000"}, "Property, Plant, And Equipment": {"2020-12-31": "2918.00000", "2020-09-30": "2897.00000", "2020-06-30": "2854.00000", "2020-03-31": "2735.00000", "2019-12-31": "2722.00000", "2019-09-30": "2796.00000", "2019-06-30": "2843.00000", "2019-03-31": "3031.00000", "2018-12-31": "3077.00000", "2018-09-30": "3054.00000", "2018-06-30": "3095.00000", "2018-03-31": "3011.00000", "2017-12-31": "3054.00000", "2017-09-30": "3048.00000", "2017-06-30": "3033.00000", "2017-03-31": "3099.00000", "2016-12-31": "3238.00000", "2016-09-30": "3359.00000", "2016-06-30": "3503.00000", "2016-03-31": "2687.00000", "2015-12-31": "2801.00000", "2015-09-30": "2890.00000", "2015-06-30": "2965.00000", "2015-03-31": "3051.00000", "2014-12-31": "3099.00000", "2014-09-30": "3202.00000", "2014-06-30": "3293.00000", "2014-03-31": "3406.00000", "2013-12-31": "3509.00000", "2013-09-30": "3638.00000", "2013-06-30": "3700.00000", "2013-03-31": "3803.00000", "2012-12-31": "3938.00000", "2012-09-30": "4027.00000", "2012-06-30": "4067.00000", "2012-03-31": "4171.00000", "2011-12-31": "2091.00000", "2011-09-30": "2209.00000", "2011-06-30": "2224.00000", "2011-03-31": "2249.00000", "2010-12-31": "2277.00000", "2010-09-30": "2245.00000", "2010-06-30": "2159.00000", "2010-03-31": "1756.00000", "2009-12-31": "1696.00000", "2009-09-30": "1625.00000", "2009-06-30": "1584.00000", "2009-03-31": "1570.00000", "2008-12-31": "1620.00000", "2008-09-30": "1674.00000", "2008-06-30": "1668.00000", "2008-03-31": "1529.00000", "2007-12-31": "1560.00000", "2007-09-30": "1516.00000", "2007-06-30": "741.00000", "2007-03-31": "672.00000", "2006-12-31": "637.00000", "2006-09-30": "598.00000", "2006-06-30": "549.00000", "2006-03-31": "496.40000", "2005-12-31": "433.70000", "2005-09-30": "417.80000", "2005-06-30": "395.00000", "2005-03-31": "347.20000"}, "Long-Term Investments": {"2020-12-31": "", "2020-09-30": "", "2020-06-30": "", "2020-03-31": "", "2019-12-31": "", "2019-09-30": "", "2019-06-30": "", "2019-03-31": "", "2018-12-31": "", "2018-09-30": "", "2018-06-30": "", "2018-03-31": "", "2017-12-31": "", "2017-09-30": "", "2017-06-30": "", "2017-03-31": "", "2016-12-31": "", "2016-09-30": "", "2016-06-30": "", "2016-03-31": "", "2015-12-31": "", "2015-09-30": "", "2015-06-30": "", "2015-03-31": "", "2014-12-31": "", "2014-09-30": "", "2014-06-30": "", "2014-03-31": "", "2013-12-31": "", "2013-09-30": "", "2013-06-30": "", "2013-03-31": "", "2012-12-31": "", "2012-09-30": "", "2012-06-30": "", "2012-03-31": "", "2011-12-31": "", "2011-09-30": "", "2011-06-30": "", "2011-03-31": "", "2010-12-31": "", "2010-09-30": "", "2010-06-30": "", "2010-03-31": "", "2009-12-31": "", "2009-09-30": "", "2009-06-30": "", "2009-03-31": "", "2008-12-31": "", "2008-09-30": "", "2008-06-30": "", "2008-03-31": "", "2007-12-31": "", "2007-09-30": "", "2007-06-30": "", "2007-03-31": "", "2006-12-31": "", "2006-09-30": "", "2006-06-30": "", "2006-03-31": "", "2005-12-31": "", "2005-09-30": "", "2005-06-30": "", "2005-03-31": ""}, "Goodwill And Intangible Assets": {"2020-12-31": "10667.00000", "2020-09-30": "10827.00000", "2020-06-30": "11008.00000", "2020-03-31": "11192.00000", "2019-12-31": "11380.00000", "2019-09-30": "11604.00000", "2019-06-30": "11787.00000", "2019-03-31": "11993.00000", "2018-12-31": "12222.00000", "2018-09-30": "12476.00000", "2018-06-30": "12755.00000", "2018-03-31": "13035.00000", "2017-12-31": "13306.00000", "2017-09-30": "13618.00000", "2017-06-30": "13837.00000", "2017-03-31": "14156.00000", "2016-12-31": "14474.00000", "2016-09-30": "14758.00000", "2016-06-30": "14985.00000", "2016-03-31": "3034.00000", "2015-12-31": "3058.00000", "2015-09-30": "3085.00000", "2015-06-30": "3098.00000", "2015-03-31": "3145.00000", "2014-12-31": "2925.00000", "2014-09-30": "2965.00000", "2014-06-30": "3013.00000", "2014-03-31": "3097.00000", "2013-12-31": "3162.00000", "2013-09-30": "2667.00000", "2013-06-30": "2559.00000", "2013-03-31": "2610.00000", "2012-12-31": "2616.00000", "2012-09-30": "2690.00000", "2012-06-30": "2774.00000", "2012-03-31": "2691.00000", "2011-12-31": "214.00000", "2011-09-30": "218.00000", "2011-06-30": "222.00000", "2011-03-31": "226.00000", "2010-12-31": "230.00000", "2010-09-30": "233.00000", "2010-06-30": "234.00000", "2010-03-31": "219.00000", "2009-12-31": "222.00000", "2009-09-30": "225.00000", "2009-06-30": "228.00000", "2009-03-31": "231.00000", "2008-12-31": "186.00000", "2008-09-30": "194.00000", "2008-06-30": "197.00000", "2008-03-31": "187.00000", "2007-12-31": "174.00000", "2007-09-30": "187.00000", "2007-06-30": "4.00000", "2007-03-31": "48.00000", "2006-12-31": "37.00000", "2006-09-30": "30.00000", "2006-06-30": "", "2006-03-31": "17.60000", "2005-12-31": "20.10000", "2005-09-30": "10.60000", "2005-06-30": "12.40000", "2005-03-31": "16.20000"}, "Other Long-Term Assets": {"2020-12-31": "1000.00000", "2020-09-30": "927.00000", "2020-06-30": "877.00000", "2020-03-31": "872.00000", "2019-12-31": "810.00000", "2019-09-30": "751.00000", "2019-06-30": "472.00000", "2019-03-31": "584.00000", "2018-12-31": "580.00000", "2018-09-30": "576.00000", "2018-06-30": "642.00000", "2018-03-31": "634.00000", "2017-12-31": "522.00000", "2017-09-30": "557.00000", "2017-06-30": "594.00000", "2017-03-31": "589.00000", "2016-12-31": "575.00000", "2016-09-30": "553.00000", "2016-06-30": "619.00000", "2016-03-31": "486.00000", "2015-12-31": "659.00000", "2015-09-30": "631.00000", "2015-06-30": "594.00000", "2015-03-31": "551.00000", "2014-12-31": "455.00000", "2014-09-30": "495.00000", "2014-06-30": "473.00000", "2014-03-31": "523.00000", "2013-12-31": "323.00000", "2013-09-30": "240.00000", "2013-06-30": "179.00000", "2013-03-31": "174.00000", "2012-12-31": "200.00000", "2012-09-30": "269.00000", "2012-06-30": "224.00000", "2012-03-31": "203.00000", "2011-12-31": "104.00000", "2011-09-30": "114.00000", "2011-06-30": "185.00000", "2011-03-31": "211.00000", "2010-12-31": "216.00000", "2010-09-30": "216.00000", "2010-06-30": "215.00000", "2010-03-31": "247.00000", "2009-12-31": "251.00000", "2009-09-30": "249.00000", "2009-06-30": "249.00000", "2009-03-31": "269.00000", "2008-12-31": "270.00000", "2008-09-30": "276.00000", "2008-06-30": "279.00000", "2008-03-31": "198.00000", "2007-12-31": "213.00000", "2007-09-30": "224.00000", "2007-06-30": "127.00000", "2007-03-31": "", "2006-12-31": "", "2006-09-30": "", "2006-06-30": "32.00000", "2006-03-31": "", "2005-12-31": "", "2005-09-30": "", "2005-06-30": "", "2005-03-31": ""}, "Total Long-Term Assets": {"2020-12-31": "16443.00000", "2020-09-30": "16397.00000", "2020-06-30": "16614.00000", "2020-03-31": "16956.00000", "2019-12-31": "17233.00000", "2019-09-30": "17780.00000", "2019-06-30": "17893.00000", "2019-03-31": "18011.00000", "2018-12-31": "18197.00000", "2018-09-30": "18134.00000", "2018-06-30": "18597.00000", "2018-03-31": "18840.00000", "2017-12-31": "18727.00000", "2017-09-30": "18685.00000", "2017-06-30": "18804.00000", "2017-03-31": "19135.00000", "2016-12-31": "19369.00000", "2016-09-30": "19887.00000", "2016-06-30": "20278.00000", "2016-03-31": "6207.00000", "2015-12-31": "6518.00000", "2015-09-30": "6606.00000", "2015-06-30": "6657.00000", "2015-03-31": "6747.00000", "2014-12-31": "6479.00000", "2014-09-30": "6662.00000", "2014-06-30": "6779.00000", "2014-03-31": "7026.00000", "2013-12-31": "6994.00000", "2013-09-30": "6545.00000", "2013-06-30": "6438.00000", "2013-03-31": "6587.00000", "2012-12-31": "6754.00000", "2012-09-30": "6986.00000", "2012-06-30": "7065.00000", "2012-03-31": "7065.00000", "2011-12-31": "2409.00000", "2011-09-30": "2541.00000", "2011-06-30": "2631.00000", "2011-03-31": "2686.00000", "2010-12-31": "2723.00000", "2010-09-30": "2694.00000", "2010-06-30": "2608.00000", "2010-03-31": "2222.00000", "2009-12-31": "2169.00000", "2009-09-30": "2099.00000", "2009-06-30": "2061.00000", "2009-03-31": "2070.00000", "2008-12-31": "2076.00000", "2008-09-30": "2144.00000", "2008-06-30": "2144.00000", "2008-03-31": "1914.00000", "2007-12-31": "1947.00000", "2007-09-30": "1927.00000", "2007-06-30": "872.00000", "2007-03-31": "720.00000", "2006-12-31": "674.00000", "2006-09-30": "628.00000", "2006-06-30": "581.00000", "2006-03-31": "514.00000", "2005-12-31": "453.80000", "2005-09-30": "428.40000", "2005-06-30": "407.40000", "2005-03-31": "363.40000"}, "Total Assets": {"2020-12-31": "25552.00000", "2020-09-30": "25402.00000", "2020-06-30": "25662.00000", "2020-03-31": "25509.00000", "2019-12-31": "25860.00000", "2019-09-30": "26280.00000", "2019-06-30": "26370.00000", "2019-03-31": "26913.00000", "2018-12-31": "27939.00000", "2018-09-30": "28705.00000", "2018-06-30": "29235.00000", "2018-03-31": "29004.00000", "2017-12-31": "29840.00000", "2017-09-30": "30505.00000", "2017-06-30": "29860.00000", "2017-03-31": "29448.00000", "2016-12-31": "28975.00000", "2016-09-30": "29010.00000", "2016-06-30": "32862.00000", "2016-03-31": "14947.00000", "2015-12-31": "15466.00000", "2015-09-30": "15261.00000", "2015-06-30": "15170.00000", "2015-03-31": "15176.00000", "2014-12-31": "15139.00000", "2014-09-30": "15652.00000", "2014-06-30": "15499.00000", "2014-03-31": "15332.00000", "2013-12-31": "15282.00000", "2013-09-30": "14806.00000", "2013-06-30": "14036.00000", "2013-03-31": "13927.00000", "2012-12-31": "13929.00000", "2012-09-30": "14172.00000", "2012-06-30": "14206.00000", "2012-03-31": "14510.00000", "2011-12-31": "7807.00000", "2011-09-30": "8467.00000", "2011-06-30": "8118.00000", "2011-03-31": "7839.00000", "2010-12-31": "7843.00000", "2010-09-30": "7655.00000", "2010-06-30": "7328.00000", "2010-03-31": "7000.00000", "2009-12-31": "6585.00000", "2009-09-30": "5849.00000", "2009-06-30": "5291.00000", "2009-03-31": "4992.00000", "2008-12-31": "4971.00000", "2008-09-30": "5092.00000", "2008-06-30": "4875.00000", "2008-03-31": "4543.00000", "2007-12-31": "4600.00000", "2007-09-30": "4374.00000", "2007-06-30": "2901.00000", "2007-03-31": "2653.00000", "2006-12-31": "2540.00000", "2006-09-30": "2325.00000", "2006-06-30": "2086.00000", "2006-03-31": "1931.70000", "2005-12-31": "1778.40000", "2005-09-30": "1700.50000", "2005-06-30": "1588.60000", "2005-03-31": "1490.10000"}, "Total Current Liabilities": {"2020-12-31": "4526.00000", "2020-09-30": "4429.00000", "2020-06-30": "4406.00000", "2020-03-31": "4471.00000", "2019-12-31": "4482.00000", "2019-09-30": "4288.00000", "2019-06-30": "3817.00000", "2019-03-31": "4212.00000", "2018-12-31": "4350.00000", "2018-09-30": "4385.00000", "2018-06-30": "4456.00000", "2018-03-31": "4259.00000", "2017-12-31": "4353.00000", "2017-09-30": "4469.00000", "2017-06-30": "4344.00000", "2017-03-31": "4309.00000", "2016-12-31": "4088.00000", "2016-09-30": "3919.00000", "2016-06-30": "6949.00000", "2016-03-31": "2781.00000", "2015-12-31": "3245.00000", "2015-09-30": "3231.00000", "2015-06-30": "3238.00000", "2015-03-31": "3218.00000", "2014-12-31": "3289.00000", "2014-09-30": "3918.00000", "2014-06-30": "3845.00000", "2014-03-31": "3747.00000", "2013-12-31": "4620.00000", "2013-09-30": "4427.00000", "2013-06-30": "3973.00000", "2013-03-31": "3226.00000", "2012-12-31": "3326.00000", "2012-09-30": "3695.00000", "2012-06-30": "4032.00000", "2012-03-31": "4535.00000", "2011-12-31": "1552.00000", "2011-09-30": "2354.00000", "2011-06-30": "2170.00000", "2011-03-31": "1995.00000", "2010-12-31": "2144.00000", "2010-09-30": "2174.00000", "2010-06-30": "2023.00000", "2010-03-31": "1957.00000", "2009-12-31": "2007.00000", "2009-09-30": "1749.00000", "2009-06-30": "1525.00000", "2009-03-31": "1423.00000", "2008-12-31": "1472.00000", "2008-09-30": "1596.00000", "2008-06-30": "1564.00000", "2008-03-31": "1494.00000", "2007-12-31": "2352.00000", "2007-09-30": "2463.00000", "2007-06-30": "1130.00000", "2007-03-31": "1064.00000", "2006-12-31": "1056.00000", "2006-09-30": "982.00000", "2006-06-30": "872.00000", "2006-03-31": "838.50000", "2005-12-31": "817.00000", "2005-09-30": "858.50000", "2005-06-30": "820.30000", "2005-03-31": "759.00000"}, "Long Term Debt": {"2020-12-31": "8882.00000", "2020-09-30": "9086.00000", "2020-06-30": "9289.00000", "2020-03-31": "9343.00000", "2019-12-31": "9547.00000", "2019-09-30": "9961.00000", "2019-06-30": "10246.00000", "2019-03-31": "10309.00000", "2018-12-31": "10370.00000", "2018-09-30": "10930.00000", "2018-06-30": "10993.00000", "2018-03-31": "11076.00000", "2017-12-31": "11777.00000", "2017-09-30": "12873.00000", "2017-06-30": "12918.00000", "2017-03-31": "12907.00000", "2016-12-31": "12944.00000", "2016-09-30": "13055.00000", "2016-06-30": "13660.00000", "2016-03-31": "2000.00000", "2015-12-31": "2062.00000", "2015-09-30": "2109.00000", "2015-06-30": "2149.00000", "2015-03-31": "2203.00000", "2014-12-31": "2250.00000", "2014-09-30": "2281.00000", "2014-06-30": "2313.00000", "2014-03-31": "2344.00000", "2013-12-31": "1610.00000", "2013-09-30": "1668.00000", "2013-06-30": "1725.00000", "2013-03-31": "1783.00000", "2012-12-31": "1840.00000", "2012-09-30": "1898.00000", "2012-06-30": "1955.00000", "2012-03-31": "2013.00000", "2011-12-31": "50.00000", "2011-09-30": "100.00000", "2011-06-30": "150.00000", "2011-03-31": "200.00000", "2010-12-31": "231.00000", "2010-09-30": "262.00000", "2010-06-30": "294.00000", "2010-03-31": "325.00000", "2009-12-31": "350.00000", "2009-09-30": "375.00000", "2009-06-30": "400.00000", "2009-03-31": "425.00000", "2008-12-31": "444.00000", "2008-09-30": "462.00000", "2008-06-30": "482.00000", "2008-03-31": "503.00000", "2007-12-31": "4.00000", "2007-09-30": "7.00000", "2007-06-30": "10.00000", "2007-03-31": "13.00000", "2006-12-31": "21.00000", "2006-09-30": "29.00000", "2006-06-30": "19.00000", "2006-03-31": "25.20000", "2005-12-31": "31.90000", "2005-09-30": "31.50000", "2005-06-30": "32.60000", "2005-03-31": "37.70000"}, "Other Non-Current Liabilities": {"2020-12-31": "2315.00000", "2020-09-30": "2311.00000", "2020-06-30": "2416.00000", "2020-03-31": "2452.00000", "2019-12-31": "2452.00000", "2019-09-30": "2465.00000", "2019-06-30": "2340.00000", "2019-03-31": "2178.00000", "2018-12-31": "2307.00000", "2018-09-30": "2015.00000", "2018-06-30": "2255.00000", "2018-03-31": "2369.00000", "2017-12-31": "2438.00000", "2017-09-30": "1104.00000", "2017-06-30": "1180.00000", "2017-03-31": "1201.00000", "2016-12-31": "1211.00000", "2016-09-30": "1261.00000", "2016-06-30": "1108.00000", "2016-03-31": "557.00000", "2015-12-31": "602.00000", "2015-09-30": "585.00000", "2015-06-30": "564.00000", "2015-03-31": "529.00000", "2014-12-31": "518.00000", "2014-09-30": "490.00000", "2014-06-30": "499.00000", "2014-03-31": "473.00000", "2013-12-31": "473.00000", "2013-09-30": "458.00000", "2013-06-30": "445.00000", "2013-03-31": "495.00000", "2012-12-31": "516.00000", "2012-09-30": "542.00000", "2012-06-30": "550.00000", "2012-03-31": "546.00000", "2011-12-31": "282.00000", "2011-09-30": "290.00000", "2011-06-30": "310.00000", "2011-03-31": "328.00000", "2010-12-31": "309.00000", "2010-09-30": "308.00000", "2010-06-30": "302.00000", "2010-03-31": "287.00000", "2009-12-31": "237.00000", "2009-09-30": "202.00000", "2009-06-30": "174.00000", "2009-03-31": "152.00000", "2008-12-31": "134.00000", "2008-09-30": "147.00000", "2008-06-30": "133.00000", "2008-03-31": "129.00000", "2007-12-31": "117.00000", "2007-09-30": "117.00000", "2007-06-30": "45.00000", "2007-03-31": "40.00000", "2006-12-31": "38.00000", "2006-09-30": "42.00000", "2006-06-30": "38.00000", "2006-03-31": "40.00000", "2005-12-31": "35.50000", "2005-09-30": "33.80000", "2005-06-30": "35.40000", "2005-03-31": "30.60000"}, "Total Long Term Liabilities": {"2020-12-31": "11197.00000", "2020-09-30": "11397.00000", "2020-06-30": "11705.00000", "2020-03-31": "11795.00000", "2019-12-31": "11999.00000", "2019-09-30": "12426.00000", "2019-06-30": "12586.00000", "2019-03-31": "12487.00000", "2018-12-31": "12677.00000", "2018-09-30": "12945.00000", "2018-06-30": "13248.00000", "2018-03-31": "13445.00000", "2017-12-31": "14215.00000", "2017-09-30": "13977.00000", "2017-06-30": "14098.00000", "2017-03-31": "14108.00000", "2016-12-31": "14155.00000", "2016-09-30": "14316.00000", "2016-06-30": "14768.00000", "2016-03-31": "2557.00000", "2015-12-31": "2664.00000", "2015-09-30": "2694.00000", "2015-06-30": "2713.00000", "2015-03-31": "2732.00000", "2014-12-31": "2768.00000", "2014-09-30": "2771.00000", "2014-06-30": "2812.00000", "2014-03-31": "2817.00000", "2013-12-31": "2083.00000", "2013-09-30": "2126.00000", "2013-06-30": "2170.00000", "2013-03-31": "2278.00000", "2012-12-31": "2356.00000", "2012-09-30": "2440.00000", "2012-06-30": "2505.00000", "2012-03-31": "2559.00000", "2011-12-31": "332.00000", "2011-09-30": "390.00000", "2011-06-30": "460.00000", "2011-03-31": "528.00000", "2010-12-31": "540.00000", "2010-09-30": "570.00000", "2010-06-30": "596.00000", "2010-03-31": "612.00000", "2009-12-31": "587.00000", "2009-09-30": "577.00000", "2009-06-30": "574.00000", "2009-03-31": "577.00000", "2008-12-31": "578.00000", "2008-09-30": "609.00000", "2008-06-30": "615.00000", "2008-03-31": "632.00000", "2007-12-31": "121.00000", "2007-09-30": "124.00000", "2007-06-30": "55.00000", "2007-03-31": "53.00000", "2006-12-31": "59.00000", "2006-09-30": "71.00000", "2006-06-30": "57.00000", "2006-03-31": "65.20000", "2005-12-31": "67.40000", "2005-09-30": "65.30000", "2005-06-30": "68.00000", "2005-03-31": "68.30000"}, "Total Liabilities": {"2020-12-31": "15723.00000", "2020-09-30": "15826.00000", "2020-06-30": "16111.00000", "2020-03-31": "16266.00000", "2019-12-31": "16481.00000", "2019-09-30": "16714.00000", "2019-06-30": "16403.00000", "2019-03-31": "16699.00000", "2018-12-31": "17027.00000", "2018-09-30": "17330.00000", "2018-06-30": "17704.00000", "2018-03-31": "17704.00000", "2017-12-31": "18568.00000", "2017-09-30": "18446.00000", "2017-06-30": "18442.00000", "2017-03-31": "18417.00000", "2016-12-31": "18243.00000", "2016-09-30": "18235.00000", "2016-06-30": "21717.00000", "2016-03-31": "5338.00000", "2015-12-31": "5909.00000", "2015-09-30": "5925.00000", "2015-06-30": "5951.00000", "2015-03-31": "5950.00000", "2014-12-31": "6057.00000", "2014-09-30": "6689.00000", "2014-06-30": "6657.00000", "2014-03-31": "6564.00000", "2013-12-31": "6703.00000", "2013-09-30": "6553.00000", "2013-06-30": "6143.00000", "2013-03-31": "5504.00000", "2012-12-31": "5682.00000", "2012-09-30": "6135.00000", "2012-06-30": "6537.00000", "2012-03-31": "7094.00000", "2011-12-31": "1884.00000", "2011-09-30": "2744.00000", "2011-06-30": "2630.00000", "2011-03-31": "2523.00000", "2010-12-31": "2684.00000", "2010-09-30": "2744.00000", "2010-06-30": "2619.00000", "2010-03-31": "2569.00000", "2009-12-31": "2594.00000", "2009-09-30": "2326.00000", "2009-06-30": "2099.00000", "2009-03-31": "2000.00000", "2008-12-31": "2050.00000", "2008-09-30": "2205.00000", "2008-06-30": "2179.00000", "2008-03-31": "2126.00000", "2007-12-31": "2473.00000", "2007-09-30": "2587.00000", "2007-06-30": "1185.00000", "2007-03-31": "1117.00000", "2006-12-31": "1115.00000", "2006-09-30": "1053.00000", "2006-06-30": "929.00000", "2006-03-31": "903.70000", "2005-12-31": "884.40000", "2005-09-30": "923.80000", "2005-06-30": "888.30000", "2005-03-31": "827.30000"}, "Common Stock Net": {"2020-12-31": "", "2020-09-30": "3.00000", "2020-06-30": "3.00000", "2020-03-31": "3.00000", "2019-12-31": "3.00000", "2019-09-30": "3.00000", "2019-06-30": "3.00000", "2019-03-31": "3.00000", "2018-12-31": "3.00000", "2018-09-30": "3.00000", "2018-06-30": "3.00000", "2018-03-31": "3.00000", "2017-12-31": "3.00000", "2017-09-30": "3.00000", "2017-06-30": "3.00000", "2017-03-31": "3.00000", "2016-12-31": "3.00000", "2016-09-30": "3.00000", "2016-06-30": "3.00000", "2016-03-31": "3.00000", "2015-12-31": "3.00000", "2015-09-30": "3.00000", "2015-06-30": "3.00000", "2015-03-31": "3.00000", "2014-12-31": "3.00000", "2014-09-30": "3.00000", "2014-06-30": "3.00000", "2014-03-31": "3.00000", "2013-12-31": "3.00000", "2013-09-30": "3.00000", "2013-06-30": "3.00000", "2013-03-31": "3.00000", "2012-12-31": "3.00000", "2012-09-30": "3.00000", "2012-06-30": "3.00000", "2012-03-31": "3.00000", "2011-12-31": "2.00000", "2011-09-30": "2.00000", "2011-06-30": "2.00000", "2011-03-31": "2.00000", "2010-12-31": "2.00000", "2010-09-30": "2.00000", "2010-06-30": "2.00000", "2010-03-31": "2.00000", "2009-12-31": "2.00000", "2009-09-30": "2.00000", "2009-06-30": "2.00000", "2009-03-31": "2.00000", "2008-12-31": "2.00000", "2008-09-30": "2.00000", "2008-06-30": "2.00000", "2008-03-31": "2.00000", "2007-12-31": "2.00000", "2007-09-30": "2.00000", "2007-06-30": "2.00000", "2007-03-31": "2.00000", "2006-12-31": "2.00000", "2006-09-30": "2.00000", "2006-06-30": "2.00000", "2006-03-31": "2.20000", "2005-12-31": "2.20000", "2005-09-30": "2.20000", "2005-06-30": "2.10000", "2005-03-31": "2.10000"}, "Retained Earnings (Accumulated Deficit)": {"2020-12-31": "", "2020-09-30": "6658.00000", "2020-06-30": "6725.00000", "2020-03-31": "6578.00000", "2019-12-31": "6717.00000", "2019-09-30": "7012.00000", "2019-06-30": "7449.00000", "2019-03-31": "7799.00000", "2018-12-31": "8532.00000", "2018-09-30": "9172.00000", "2018-06-30": "8757.00000", "2018-03-31": "8155.00000", "2017-12-31": "8250.00000", "2017-09-30": "9229.00000", "2017-06-30": "8633.00000", "2017-03-31": "8507.00000", "2016-12-31": "8411.00000", "2016-09-30": "8329.00000", "2016-06-30": "8848.00000", "2016-03-31": "9363.00000", "2015-12-31": "9407.00000", "2015-09-30": "9273.00000", "2015-06-30": "9107.00000", "2015-03-31": "9004.00000", "2014-12-31": "8738.00000", "2014-09-30": "8394.00000", "2014-06-30": "8066.00000", "2014-03-31": "7845.00000", "2013-12-31": "7541.00000", "2013-09-30": "7183.00000", "2013-06-30": "6749.00000", "2013-03-31": "7073.00000", "2012-12-31": "6744.00000", "2012-09-30": "6470.00000", "2012-06-30": "6012.00000", "2012-03-31": "5267.00000", "2011-12-31": "4784.00000", "2011-09-30": "4639.00000", "2011-06-30": "4400.00000", "2011-03-31": "4242.00000", "2010-12-31": "4096.00000", "2010-09-30": "3871.00000", "2010-06-30": "3674.00000", "2010-03-31": "3410.00000", "2009-12-31": "3009.00000", "2009-09-30": "2580.00000", "2009-06-30": "2292.00000", "2009-03-31": "2096.00000", "2008-12-31": "2047.00000", "2008-09-30": "2033.00000", "2008-06-30": "1822.00000", "2008-03-31": "1609.00000", "2007-12-31": "1329.00000", "2007-09-30": "1023.00000", "2007-06-30": "955.00000", "2007-03-31": "742.00000", "2006-12-31": "622.00000", "2006-09-30": "494.00000", "2006-06-30": "391.00000", "2006-03-31": "291.50000", "2005-12-31": "188.60000", "2005-09-30": "84.30000", "2005-06-30": "-4.10000", "2005-03-31": "-25.70000"}, "Comprehensive Income": {"2020-12-31": "", "2020-09-30": "-101.00000", "2020-06-30": "-157.00000", "2020-03-31": "-183.00000", "2019-12-31": "-110.00000", "2019-09-30": "-90.00000", "2019-06-30": "-68.00000", "2019-03-31": "-55.00000", "2018-12-31": "-35.00000", "2018-09-30": "-76.00000", "2018-06-30": "-39.00000", "2018-03-31": "46.00000", "2017-12-31": "-46.00000", "2017-09-30": "-59.00000", "2017-06-30": "-58.00000", "2017-03-31": "-96.00000", "2016-12-31": "-197.00000", "2016-09-30": "115.00000", "2016-06-30": "103.00000", "2016-03-31": "32.00000", "2015-12-31": "-8.00000", "2015-09-30": "-44.00000", "2015-06-30": "-20.00000", "2015-03-31": "-3.00000", "2014-12-31": "-32.00000", "2014-09-30": "-14.00000", "2014-06-30": "12.00000", "2014-03-31": "-4.00000", "2013-12-31": "-49.00000", "2013-09-30": "-19.00000", "2013-06-30": "-35.00000", "2013-03-31": "20.00000", "2012-12-31": "8.00000", "2012-09-30": "14.00000", "2012-06-30": "-15.00000", "2012-03-31": "-4.00000", "2011-12-31": "-14.00000", "2011-09-30": "-24.00000", "2011-06-30": "-5.00000", "2011-03-31": "8.00000", "2010-12-31": "21.00000", "2010-09-30": "39.00000", "2010-06-30": "11.00000", "2010-03-31": "22.00000", "2009-12-31": "4.00000", "2009-09-30": "9.00000", "2009-06-30": "2.00000", "2009-03-31": "-3.00000", "2008-12-31": "-11.00000", "2008-09-30": "-14.00000", "2008-06-30": "-12.00000", "2008-03-31": "43.00000", "2007-12-31": "5.00000", "2007-09-30": "2.00000", "2007-06-30": "-1.00000", "2007-03-31": "5.00000", "2006-12-31": "", "2006-09-30": "1.00000", "2006-06-30": "1.00000", "2006-03-31": "", "2005-12-31": "", "2005-09-30": "", "2005-06-30": "-0.30000", "2005-03-31": ""}, "Other Share Holders Equity": {"2020-12-31": "", "2020-09-30": "", "2020-06-30": "", "2020-03-31": "", "2019-12-31": "", "2019-09-30": "", "2019-06-30": "", "2019-03-31": "", "2018-12-31": "", "2018-09-30": "", "2018-06-30": "", "2018-03-31": "", "2017-12-31": "", "2017-09-30": "", "2017-06-30": "", "2017-03-31": "", "2016-12-31": "", "2016-09-30": "", "2016-06-30": "", "2016-03-31": "", "2015-12-31": "", "2015-09-30": "", "2015-06-30": "", "2015-03-31": "", "2014-12-31": "", "2014-09-30": "", "2014-06-30": "", "2014-03-31": "", "2013-12-31": "", "2013-09-30": "", "2013-06-30": "", "2013-03-31": "", "2012-12-31": "", "2012-09-30": "", "2012-06-30": "", "2012-03-31": "", "2011-12-31": "", "2011-09-30": "", "2011-06-30": "", "2011-03-31": "", "2010-12-31": "", "2010-09-30": "", "2010-06-30": "", "2010-03-31": "", "2009-12-31": "", "2009-09-30": "", "2009-06-30": "", "2009-03-31": "", "2008-12-31": "", "2008-09-30": "", "2008-06-30": "", "2008-03-31": "", "2007-12-31": "", "2007-09-30": "", "2007-06-30": "", "2007-03-31": "", "2006-12-31": "", "2006-09-30": "", "2006-06-30": "", "2006-03-31": "", "2005-12-31": "", "2005-09-30": "", "2005-06-30": "", "2005-03-31": ""}, "Share Holder Equity": {"2020-12-31": "9829.00000", "2020-09-30": "9576.00000", "2020-06-30": "9551.00000", "2020-03-31": "9243.00000", "2019-12-31": "9379.00000", "2019-09-30": "9566.00000", "2019-06-30": "9967.00000", "2019-03-31": "10214.00000", "2018-12-31": "10912.00000", "2018-09-30": "11375.00000", "2018-06-30": "11531.00000", "2018-03-31": "11300.00000", "2017-12-31": "11272.00000", "2017-09-30": "12059.00000", "2017-06-30": "11418.00000", "2017-03-31": "11031.00000", "2016-12-31": "10732.00000", "2016-09-30": "10775.00000", "2016-06-30": "11145.00000", "2016-03-31": "9609.00000", "2015-12-31": "9557.00000", "2015-09-30": "9336.00000", "2015-06-30": "9219.00000", "2015-03-31": "9226.00000", "2014-12-31": "9082.00000", "2014-09-30": "8963.00000", "2014-06-30": "8842.00000", "2014-03-31": "8768.00000", "2013-12-31": "8579.00000", "2013-09-30": "8253.00000", "2013-06-30": "7893.00000", "2013-03-31": "8423.00000", "2012-12-31": "8247.00000", "2012-09-30": "8037.00000", "2012-06-30": "7669.00000", "2012-03-31": "7416.00000", "2011-12-31": "5923.00000", "2011-09-30": "5723.00000", "2011-06-30": "5488.00000", "2011-03-31": "5316.00000", "2010-12-31": "5159.00000", "2010-09-30": "4911.00000", "2010-06-30": "4709.00000", "2010-03-31": "4431.00000", "2009-12-31": "3991.00000", "2009-09-30": "3523.00000", "2009-06-30": "3192.00000", "2009-03-31": "2992.00000", "2008-12-31": "2921.00000", "2008-09-30": "2887.00000", "2008-06-30": "2696.00000", "2008-03-31": "2417.00000", "2007-12-31": "2127.00000", "2007-09-30": "1787.00000", "2007-06-30": "1716.00000", "2007-03-31": "1536.00000", "2006-12-31": "1425.00000", "2006-09-30": "1272.00000", "2006-06-30": "1157.00000", "2006-03-31": "1028.00000", "2005-12-31": "894.00000", "2005-09-30": "776.70000", "2005-06-30": "700.30000", "2005-03-31": "662.80000"}, "Total Liabilities And Share Holders Equity": {"2020-12-31": "25552.00000", "2020-09-30": "25402.00000", "2020-06-30": "25662.00000", "2020-03-31": "25509.00000", "2019-12-31": "25860.00000", "2019-09-30": "26280.00000", "2019-06-30": "26370.00000", "2019-03-31": "26913.00000", "2018-12-31": "27939.00000", "2018-09-30": "28705.00000", "2018-06-30": "29235.00000", "2018-03-31": "29004.00000", "2017-12-31": "29840.00000", "2017-09-30": "30505.00000", "2017-06-30": "29860.00000", "2017-03-31": "29448.00000", "2016-12-31": "28975.00000", "2016-09-30": "29010.00000", "2016-06-30": "32862.00000", "2016-03-31": "14947.00000", "2015-12-31": "15466.00000", "2015-09-30": "15261.00000", "2015-06-30": "15170.00000", "2015-03-31": "15176.00000", "2014-12-31": "15139.00000", "2014-09-30": "15652.00000", "2014-06-30": "15499.00000", "2014-03-31": "15332.00000", "2013-12-31": "15282.00000", "2013-09-30": "14806.00000", "2013-06-30": "14036.00000", "2013-03-31": "13927.00000", "2012-12-31": "13929.00000", "2012-09-30": "14172.00000", "2012-06-30": "14206.00000", "2012-03-31": "14510.00000", "2011-12-31": "7807.00000", "2011-09-30": "8467.00000", "2011-06-30": "8118.00000", "2011-03-31": "7839.00000", "2010-12-31": "7843.00000", "2010-09-30": "7655.00000", "2010-06-30": "7328.00000", "2010-03-31": "7000.00000", "2009-12-31": "6585.00000", "2009-09-30": "5849.00000", "2009-06-30": "5291.00000", "2009-03-31": "4992.00000", "2008-12-31": "4971.00000", "2008-09-30": "5092.00000", "2008-06-30": "4875.00000", "2008-03-31": "4543.00000", "2007-12-31": "4600.00000", "2007-09-30": "4374.00000", "2007-06-30": "2901.00000", "2007-03-31": "2653.00000", "2006-12-31": "2540.00000", "2006-09-30": "2325.00000", "2006-06-30": "2086.00000", "2006-03-31": "1931.70000", "2005-12-31": "1778.40000", "2005-09-30": "1700.50000", "2005-06-30": "1588.60000", "2005-03-31": "1490.10000"}}, "cash flow statement": {"Net Income/Loss": {"2020-06-30": "-250.00000", "2019-06-30": "-754.00000", "2018-06-30": "675.00000", "2017-06-30": "397.00000", "2016-06-30": "242.00000", "2015-06-30": "1465.00000", "2014-06-30": "1617.00000", "2013-06-30": "980.00000", "2012-06-30": "1612.00000", "2011-06-30": "726.00000", "2010-06-30": "1382.00000", "2009-06-30": "470.00000", "2008-06-30": "867.00000", "2007-06-30": "564.00000", "2006-06-30": "395.00000", "2005-06-30": "196.00000"}, "Total Depreciation And Amortization - Cash Flow": {"2020-06-30": "1606.00000", "2019-06-30": "1850.00000", "2018-06-30": "2277.00000", "2017-06-30": "2413.00000", "2016-06-30": "1193.00000", "2015-06-30": "1114.00000", "2014-06-30": "1244.00000", "2013-06-30": "1233.00000", "2012-06-30": "825.00000", "2011-06-30": "602.00000", "2010-06-30": "510.00000", "2009-06-30": "479.00000", "2008-06-30": "413.00000", "2007-06-30": "210.00000", "2006-06-30": "160.00000", "2005-06-30": "131.00000"}, "Other Non-Cash Items": {"2020-06-30": "225.00000", "2019-06-30": "711.00000", "2018-06-30": "767.00000", "2017-06-30": "536.00000", "2016-06-30": "174.00000", "2015-06-30": "256.00000", "2014-06-30": "189.00000", "2013-06-30": "191.00000", "2012-06-30": "306.00000", "2011-06-30": "89.00000", "2010-06-30": "87.00000", "2009-06-30": "158.00000", "2008-06-30": "97.00000", "2007-06-30": "-78.00000", "2006-06-30": "20.00000", "2005-06-30": "5.00000"}, "Total Non-Cash Items": {"2020-06-30": "1831.00000", "2019-06-30": "2561.00000", "2018-06-30": "3044.00000", "2017-06-30": "2949.00000", "2016-06-30": "1367.00000", "2015-06-30": "1370.00000", "2014-06-30": "1433.00000", "2013-06-30": "1424.00000", "2012-06-30": "1131.00000", "2011-06-30": "691.00000", "2010-06-30": "597.00000", "2009-06-30": "637.00000", "2008-06-30": "510.00000", "2007-06-30": "132.00000", "2006-06-30": "180.00000", "2005-06-30": "136.00000"}, "Change In Accounts Receivable": {"2020-06-30": "-1175.00000", "2019-06-30": "993.00000", "2018-06-30": "-244.00000", "2017-06-30": "-487.00000", "2016-06-30": "466.00000", "2015-06-30": "458.00000", "2014-06-30": "-175.00000", "2013-06-30": "584.00000", "2012-06-30": "162.00000", "2011-06-30": "50.00000", "2010-06-30": "-330.00000", "2009-06-30": "92.00000", "2008-06-30": "-194.00000", "2007-06-30": "-218.00000", "2006-06-30": "-77.00000", "2005-06-30": "-90.00000"}, "Change In Inventories": {"2020-06-30": "200.00000", "2019-06-30": "-339.00000", "2018-06-30": "-598.00000", "2017-06-30": "-204.00000", "2016-06-30": "306.00000", "2015-06-30": "-143.00000", "2014-06-30": "", "2013-06-30": "22.00000", "2012-06-30": "88.00000", "2011-06-30": "-17.00000", "2010-06-30": "-148.00000", "2009-06-30": "88.00000", "2008-06-30": "8.00000", "2007-06-30": "-53.00000", "2006-06-30": "-52.00000", "2005-06-30": "-4.00000"}, "Change In Accounts Payable": {"2020-06-30": "267.00000", "2019-06-30": "-516.00000", "2018-06-30": "38.00000", "2017-06-30": "261.00000", "2016-06-30": "-414.00000", "2015-06-30": "-148.00000", "2014-06-30": "-32.00000", "2013-06-30": "-511.00000", "2012-06-30": "132.00000", "2011-06-30": "178.00000", "2010-06-30": "270.00000", "2009-06-30": "-33.00000", "2008-06-30": "114.00000", "2007-06-30": "196.00000", "2006-06-30": "30.00000", "2005-06-30": "94.00000"}, "Change In Assets/Liabilities": {"2020-06-30": "-357.00000", "2019-06-30": "-221.00000", "2018-06-30": "1333.00000", "2017-06-30": "175.00000", "2016-06-30": "8.00000", "2015-06-30": "97.00000", "2014-06-30": "-30.00000", "2013-06-30": "-16.00000", "2012-06-30": "70.00000", "2011-06-30": "-44.00000", "2010-06-30": "104.00000", "2009-06-30": "28.00000", "2008-06-30": "56.00000", "2007-06-30": "-9.00000", "2006-06-30": "-81.00000", "2005-06-30": "-11.00000"}, "Total Change In Assets/Liabilities": {"2020-06-30": "-757.00000", "2019-06-30": "-260.00000", "2018-06-30": "486.00000", "2017-06-30": "91.00000", "2016-06-30": "374.00000", "2015-06-30": "-593.00000", "2014-06-30": "-234.00000", "2013-06-30": "715.00000", "2012-06-30": "324.00000", "2011-06-30": "238.00000", "2010-06-30": "-37.00000", "2009-06-30": "198.00000", "2008-06-30": "22.00000", "2007-06-30": "-78.00000", "2006-06-30": "-207.00000", "2005-06-30": "89.00000"}, "Cash Flow From Operating Activities": {"2020-06-30": "824.00000", "2019-06-30": "1547.00000", "2018-06-30": "4205.00000", "2017-06-30": "3437.00000", "2016-06-30": "1983.00000", "2015-06-30": "2242.00000", "2014-06-30": "2816.00000", "2013-06-30": "3119.00000", "2012-06-30": "3067.00000", "2011-06-30": "1655.00000", "2010-06-30": "1942.00000", "2009-06-30": "1305.00000", "2008-06-30": "1399.00000", "2007-06-30": "618.00000", "2006-06-30": "368.00000", "2005-06-30": "421.00000"}, "Net Change In Property, Plant, And Equipment": {"2020-06-30": "-647.00000", "2019-06-30": "-757.00000", "2018-06-30": "-809.00000", "2017-06-30": "-557.00000", "2016-06-30": "-584.00000", "2015-06-30": "-612.00000", "2014-06-30": "-628.00000", "2013-06-30": "-952.00000", "2012-06-30": "-641.00000", "2011-06-30": "-778.00000", "2010-06-30": "-737.00000", "2009-06-30": "-490.00000", "2008-06-30": "-615.00000", "2007-06-30": "-324.00000", "2006-06-30": "-268.00000", "2005-06-30": "-194.00000"}, "Net Change In Intangible Assets": {"2020-06-30": "", "2019-06-30": "", "2018-06-30": "", "2017-06-30": "", "2016-06-30": "", "2015-06-30": "", "2014-06-30": "", "2013-06-30": "", "2012-06-30": "", "2011-06-30": "", "2010-06-30": "", "2009-06-30": "", "2008-06-30": "", "2007-06-30": "", "2006-06-30": "", "2005-06-30": ""}, "Net Acquisitions/Divestitures": {"2020-06-30": "-22.00000", "2019-06-30": "", "2018-06-30": "-100.00000", "2017-06-30": "", "2016-06-30": "-9835.00000", "2015-06-30": "-257.00000", "2014-06-30": "-823.00000", "2013-06-30": "-1.00000", "2012-06-30": "-3526.00000", "2011-06-30": "-15.00000", "2010-06-30": "-253.00000", "2009-06-30": "-63.00000", "2008-06-30": "-927.00000", "2007-06-30": "", "2006-06-30": "", "2005-06-30": ""}, "Net Change In Short-term Investments": {"2020-06-30": "0.00000", "2019-06-30": "-79.00000", "2018-06-30": "-89.00000", "2017-06-30": "-281.00000", "2016-06-30": "-632.00000", "2015-06-30": "-857.00000", "2014-06-30": "-561.00000", "2013-06-30": "-17.00000", "2012-06-30": "0.00000", "2011-06-30": "0.00000", "2010-06-30": "", "2009-06-30": "", "2008-06-30": "221.00000", "2007-06-30": "-59.00000", "2006-06-30": "-35.00000", "2005-06-30": "-80.00000"}, "Net Change In Long-Term Investments": {"2020-06-30": "", "2019-06-30": "182.00000", "2018-06-30": "67.00000", "2017-06-30": "491.00000", "2016-06-30": "1609.00000", "2015-06-30": "768.00000", "2014-06-30": "72.00000", "2013-06-30": "", "2012-06-30": "", "2011-06-30": "", "2010-06-30": "4.00000", "2009-06-30": "2.00000", "2008-06-30": "", "2007-06-30": "", "2006-06-30": "", "2005-06-30": ""}, "Net Change In Investments - Total": {"2020-06-30": "", "2019-06-30": "103.00000", "2018-06-30": "-22.00000", "2017-06-30": "210.00000", "2016-06-30": "977.00000", "2015-06-30": "-89.00000", "2014-06-30": "-489.00000", "2013-06-30": "-17.00000", "2012-06-30": "", "2011-06-30": "", "2010-06-30": "4.00000", "2009-06-30": "2.00000", "2008-06-30": "221.00000", "2007-06-30": "-59.00000", "2006-06-30": "-35.00000", "2005-06-30": "-80.00000"}, "Investing Activities - Other": {"2020-06-30": "947.00000", "2019-06-30": "-618.00000", "2018-06-30": "-724.00000", "2017-06-30": "-289.00000", "2016-06-30": "-166.00000", "2015-06-30": "5.00000", "2014-06-30": "4.00000", "2013-06-30": "", "2012-06-30": "", "2011-06-30": "", "2010-06-30": "", "2009-06-30": "", "2008-06-30": "", "2007-06-30": "", "2006-06-30": "", "2005-06-30": ""}, "Cash Flow From Investing Activities": {"2020-06-30": "278.00000", "2019-06-30": "-1272.00000", "2018-06-30": "-1655.00000", "2017-06-30": "-636.00000", "2016-06-30": "-9608.00000", "2015-06-30": "-953.00000", "2014-06-30": "-1936.00000", "2013-06-30": "-970.00000", "2012-06-30": "-4167.00000", "2011-06-30": "-793.00000", "2010-06-30": "-986.00000", "2009-06-30": "-551.00000", "2008-06-30": "-1321.00000", "2007-06-30": "-383.00000", "2006-06-30": "-303.00000", "2005-06-30": "-274.00000"}, "Net Long-Term Debt": {"2020-06-30": "-982.00000", "2019-06-30": "-181.00000", "2018-06-30": "-3234.00000", "2017-06-30": "-3789.00000", "2016-06-30": "14795.00000", "2015-06-30": "130.00000", "2014-06-30": "475.00000", "2013-06-30": "-230.00000", "2012-06-30": "-1493.00000", "2011-06-30": "-106.00000", "2010-06-30": "-82.00000", "2009-06-30": "-27.00000", "2008-06-30": "237.00000", "2007-06-30": "-43.00000", "2006-06-30": "-23.00000", "2005-06-30": "-20.00000"}, "Net Current Debt": {"2020-06-30": "", "2019-06-30": "-500.00000", "2018-06-30": "500.00000", "2017-06-30": "", "2016-06-30": "-255.00000", "2015-06-30": "", "2014-06-30": "", "2013-06-30": "", "2012-06-30": "", "2011-06-30": "", "2010-06-30": "", "2009-06-30": "", "2008-06-30": "", "2007-06-30": "", "2006-06-30": "", "2005-06-30": ""}, "Debt Issuance/Retirement Net - Total": {"2020-06-30": "-982.00000", "2019-06-30": "-681.00000", "2018-06-30": "-2734.00000", "2017-06-30": "-3789.00000", "2016-06-30": "14540.00000", "2015-06-30": "130.00000", "2014-06-30": "475.00000", "2013-06-30": "-230.00000", "2012-06-30": "-1493.00000", "2011-06-30": "-106.00000", "2010-06-30": "-82.00000", "2009-06-30": "-27.00000", "2008-06-30": "237.00000", "2007-06-30": "-43.00000", "2006-06-30": "-23.00000", "2005-06-30": "-20.00000"}, "Net Common Equity Issued/Repurchased": {"2020-06-30": "141.00000", "2019-06-30": "-445.00000", "2018-06-30": "-371.00000", "2017-06-30": "296.00000", "2016-06-30": "466.00000", "2015-06-30": "-758.00000", "2014-06-30": "-629.00000", "2013-06-30": "-657.00000", "2012-06-30": "-530.00000", "2011-06-30": "8.00000", "2010-06-30": "79.00000", "2009-06-30": "-8.00000", "2008-06-30": "5.00000", "2007-06-30": "-34.00000", "2006-06-30": "24.00000", "2005-06-30": "13.00000"}, "Net Total Equity Issued/Repurchased": {"2020-06-30": "141.00000", "2019-06-30": "-445.00000", "2018-06-30": "-371.00000", "2017-06-30": "296.00000", "2016-06-30": "466.00000", "2015-06-30": "-758.00000", "2014-06-30": "-629.00000", "2013-06-30": "-657.00000", "2012-06-30": "-530.00000", "2011-06-30": "8.00000", "2010-06-30": "79.00000", "2009-06-30": "-8.00000", "2008-06-30": "5.00000", "2007-06-30": "-34.00000", "2006-06-30": "24.00000", "2005-06-30": "13.00000"}, "Total Common And Preferred Stock Dividends Paid": {"2020-06-30": "-595.00000", "2019-06-30": "-584.00000", "2018-06-30": "-593.00000", "2017-06-30": "-574.00000", "2016-06-30": "-464.00000", "2015-06-30": "-396.00000", "2014-06-30": "-259.00000", "2013-06-30": "-181.00000", "2012-06-30": "", "2011-06-30": "", "2010-06-30": "", "2009-06-30": "", "2008-06-30": "", "2007-06-30": "", "2006-06-30": "", "2005-06-30": ""}, "Financial Activities - Other": {"2020-06-30": "-72.00000", "2019-06-30": "-119.00000", "2018-06-30": "-202.00000", "2017-06-30": "-528.00000", "2016-06-30": "-3791.00000", "2015-06-30": "-45.00000", "2014-06-30": "28.00000", "2013-06-30": "20.00000", "2012-06-30": "2842.00000", "2011-06-30": "-8.00000", "2010-06-30": "-13.00000", "2009-06-30": "-29.00000", "2008-06-30": "84.00000", "2007-06-30": "-9.00000", "2006-06-30": "", "2005-06-30": ""}, "Cash Flow From Financial Activities": {"2020-06-30": "-1508.00000", "2019-06-30": "-1829.00000", "2018-06-30": "-3900.00000", "2017-06-30": "-4595.00000", "2016-06-30": "10751.00000", "2015-06-30": "-1069.00000", "2014-06-30": "-385.00000", "2013-06-30": "-1048.00000", "2012-06-30": "819.00000", "2011-06-30": "-106.00000", "2010-06-30": "-16.00000", "2009-06-30": "-64.00000", "2008-06-30": "326.00000", "2007-06-30": "-86.00000", "2006-06-30": "1.00000", "2005-06-30": "-7.00000"}, "Net Cash Flow": {"2020-06-30": "-407.00000", "2019-06-30": "-1550.00000", "2018-06-30": "-1349.00000", "2017-06-30": "-1797.00000", "2016-06-30": "3127.00000", "2015-06-30": "220.00000", "2014-06-30": "495.00000", "2013-06-30": "1101.00000", "2012-06-30": "-282.00000", "2011-06-30": "756.00000", "2010-06-30": "940.00000", "2009-06-30": "690.00000", "2008-06-30": "404.00000", "2007-06-30": "149.00000", "2006-06-30": "66.00000", "2005-06-30": "140.00000"}, "Stock-Based Compensation": {"2020-06-30": "308.00000", "2019-06-30": "306.00000", "2018-06-30": "377.00000", "2017-06-30": "394.00000", "2016-06-30": "191.00000", "2015-06-30": "162.00000", "2014-06-30": "156.00000", "2013-06-30": "137.00000", "2012-06-30": "92.00000", "2011-06-30": "69.00000", "2010-06-30": "60.00000", "2009-06-30": "47.00000", "2008-06-30": "37.00000", "2007-06-30": "48.00000", "2006-06-30": "37.00000", "2005-06-30": "5.00000"}, "Common Stock Dividends Paid": {"2020-06-30": "-595.00000", "2019-06-30": "-584.00000", "2018-06-30": "-593.00000", "2017-06-30": "-574.00000", "2016-06-30": "-464.00000", "2015-06-30": "-396.00000", "2014-06-30": "-259.00000", "2013-06-30": "-181.00000", "2012-06-30": "", "2011-06-30": "0.00000", "2010-06-30": "", "2009-06-30": "", "2008-06-30": "", "2007-06-30": "", "2006-06-30": "", "2005-06-30": ""}}, "cash flow statement, quarterly": {"Net Income/Loss": {"2020-12-31": 62, "2020-09-30": "-60.00000", "2020-06-30": 148, "2020-03-31": 17, "2019-12-31": -139, "2019-09-30": "-276.00000", "2019-06-30": -197, "2019-03-31": -581, "2018-12-31": -487, "2018-09-30": "511.00000", "2018-06-30": 756, "2018-03-31": 61, "2017-12-31": -823, "2017-09-30": "681.00000", "2017-06-30": 280, "2017-03-31": 248, "2016-12-31": 235, "2016-09-30": "-366.00000", "2016-06-30": -366, "2016-03-31": 74, "2015-12-31": 251, "2015-09-30": "283.00000", "2015-06-30": 220, "2015-03-31": 384, "2014-12-31": 438, "2014-09-30": "423.00000", "2014-06-30": 317, "2014-03-31": 375, "2013-12-31": 430, "2013-09-30": "495.00000", "2013-06-30": -265, "2013-03-31": 391, "2012-12-31": 335, "2012-09-30": "519.00000", "2012-06-30": 745, "2012-03-31": 483, "2011-12-31": 145, "2011-09-30": "239.00000", "2011-06-30": 158, "2011-03-31": 146, "2010-12-31": 225, "2010-09-30": "197.00000", "2010-06-30": 264, "2010-03-31": 401, "2009-12-31": 429, "2009-09-30": "288.00000", "2009-06-30": 196, "2009-03-31": 49, "2008-12-31": 14, "2008-09-30": "211.00000", "2008-06-30": 213, "2008-03-31": 280, "2007-12-31": 305, "2007-09-30": "69.00000", "2007-06-30": 212, "2007-03-31": 121, "2006-12-31": 128, "2006-09-30": "103.00000", "2006-06-30": 120, "2006-03-31": 102, "2005-12-31": 104, "2005-09-30": "69.00000", "2005-06-30": 38.8, "2005-03-31": 157.2}, "Total Depreciation And Amortization - Cash Flow": {"2020-12-31": 346, "2020-09-30": "384.00000", "2020-06-30": 387, "2020-03-31": 394, "2019-12-31": 409, "2019-09-30": "416.00000", "2019-06-30": 426, "2019-03-31": 453, "2018-12-31": 482, "2018-09-30": "489.00000", "2018-06-30": 502, "2018-03-31": 684, "2017-12-31": 548, "2017-09-30": "543.00000", "2017-06-30": 556, "2017-03-31": 577, "2016-12-31": 525, "2016-09-30": "755.00000", "2016-06-30": 456, "2016-03-31": 247, "2015-12-31": 253, "2015-09-30": "237.00000", "2015-06-30": 250, "2015-03-31": 285, "2014-12-31": 290, "2014-09-30": "289.00000", "2014-06-30": 308, "2014-03-31": 307, "2013-12-31": 317, "2013-09-30": "312.00000", "2013-06-30": 302, "2013-03-31": 309, "2012-12-31": 309, "2012-09-30": "313.00000", "2012-06-30": 339, "2012-03-31": 188, "2011-12-31": 140, "2011-09-30": "158.00000", "2011-06-30": 150, "2011-03-31": 151, "2010-12-31": 151, "2010-09-30": "150.00000", "2010-06-30": 134, "2010-03-31": 129, "2009-12-31": 126, "2009-09-30": "121.00000", "2009-06-30": 121, "2009-03-31": 119, "2008-12-31": 122, "2008-09-30": "117.00000", "2008-06-30": 113, "2008-03-31": 111, "2007-12-31": 111, "2007-09-30": "78.00000", "2007-06-30": 61, "2007-03-31": 55, "2006-12-31": 49, "2006-09-30": "45.00000", "2006-06-30": 44, "2006-03-31": 42, "2005-12-31": 38, "2005-09-30": "36.00000", "2005-06-30": 35.7, "2005-03-31": 95.3}, "Other Non-Cash Items": {"2020-12-31": 52, "2020-09-30": "82.00000", "2020-06-30": 63, "2020-03-31": 82, "2019-12-31": 49, "2019-09-30": "31.00000", "2019-06-30": 193, "2019-03-31": 41, "2018-12-31": 175, "2018-09-30": "302.00000", "2018-06-30": 67, "2018-03-31": 605, "2017-12-31": -50, "2017-09-30": "145.00000", "2017-06-30": 83, "2017-03-31": 65, "2016-12-31": 132, "2016-09-30": "256.00000", "2016-06-30": 21, "2016-03-31": 35, "2015-12-31": 65, "2015-09-30": "53.00000", "2015-06-30": 141, "2015-03-31": 10, "2014-12-31": 51, "2014-09-30": "54.00000", "2014-06-30": 132, "2014-03-31": 39, "2013-12-31": 44, "2013-09-30": "-26.00000", "2013-06-30": 9, "2013-03-31": 28, "2012-12-31": 127, "2012-09-30": "27.00000", "2012-06-30": 84, "2012-03-31": 54, "2011-12-31": 142, "2011-09-30": "26.00000", "2011-06-30": 31, "2011-03-31": 20, "2010-12-31": 19, "2010-09-30": "19.00000", "2010-06-30": 46, "2010-03-31": 19, "2009-12-31": 9, "2009-09-30": "13.00000", "2009-06-30": 27, "2009-03-31": 28, "2008-12-31": 90, "2008-09-30": "13.00000", "2008-06-30": -67, "2008-03-31": 28, "2007-12-31": 19, "2007-09-30": "117.00000", "2007-06-30": -115, "2007-03-31": 16, "2006-12-31": 12, "2006-09-30": "9.00000", "2006-06-30": -10, "2006-03-31": 7, "2005-12-31": 16, "2005-09-30": "7.00000", "2005-06-30": 3.1, "2005-03-31": 1.9}, "Total Non-Cash Items": {"2020-12-31": 398, "2020-09-30": "466.00000", "2020-06-30": 450, "2020-03-31": 476, "2019-12-31": 458, "2019-09-30": "447.00000", "2019-06-30": 619, "2019-03-31": 494, "2018-12-31": 657, "2018-09-30": "791.00000", "2018-06-30": 569, "2018-03-31": 1289, "2017-12-31": 498, "2017-09-30": "688.00000", "2017-06-30": 639, "2017-03-31": 642, "2016-12-31": 657, "2016-09-30": "1011.00000", "2016-06-30": 477, "2016-03-31": 282, "2015-12-31": 318, "2015-09-30": "290.00000", "2015-06-30": 391, "2015-03-31": 295, "2014-12-31": 341, "2014-09-30": "343.00000", "2014-06-30": 440, "2014-03-31": 346, "2013-12-31": 361, "2013-09-30": "286.00000", "2013-06-30": 311, "2013-03-31": 337, "2012-12-31": 436, "2012-09-30": "340.00000", "2012-06-30": 423, "2012-03-31": 242, "2011-12-31": 282, "2011-09-30": "184.00000", "2011-06-30": 181, "2011-03-31": 171, "2010-12-31": 170, "2010-09-30": "169.00000", "2010-06-30": 180, "2010-03-31": 148, "2009-12-31": 135, "2009-09-30": "134.00000", "2009-06-30": 148, "2009-03-31": 147, "2008-12-31": 212, "2008-09-30": "130.00000", "2008-06-30": 46, "2008-03-31": 139, "2007-12-31": 130, "2007-09-30": "195.00000", "2007-06-30": -54, "2007-03-31": 71, "2006-12-31": 61, "2006-09-30": "54.00000", "2006-06-30": 34, "2006-03-31": 49, "2005-12-31": 54, "2005-09-30": "43.00000", "2005-06-30": 38.8, "2005-03-31": 97.2}, "Change In Accounts Receivable": {"2020-12-31": 264, "2020-09-30": "282.00000", "2020-06-30": -401, "2020-03-31": -187, "2019-12-31": -344, "2019-09-30": "-243.00000", "2019-06-30": 18, "2019-03-31": 493, "2018-12-31": 504, "2018-09-30": "-22.00000", "2018-06-30": -186, "2018-03-31": 41, "2017-12-31": 49, "2017-09-30": "-148.00000", "2017-06-30": 2, "2017-03-31": 51, "2016-12-31": 22, "2016-09-30": "-562.00000", "2016-06-30": 188, "2016-03-31": 396, "2015-12-31": -34, "2015-09-30": "-84.00000", "2015-06-30": 164, "2015-03-31": 185, "2014-12-31": 35, "2014-09-30": "74.00000", "2014-06-30": -187, "2014-03-31": 157, "2013-12-31": -170, "2013-09-30": "25.00000", "2013-06-30": -81, "2013-03-31": 32, "2012-12-31": 220, "2012-09-30": "413.00000", "2012-06-30": 40, "2012-03-31": -337, "2011-12-31": 609, "2011-09-30": "-150.00000", "2011-06-30": -36, "2011-03-31": 79, "2010-12-31": 75, "2010-09-30": "-68.00000", "2010-06-30": 1, "2010-03-31": 108, "2009-12-31": -234, "2009-09-30": "-205.00000", "2009-06-30": -98, "2009-03-31": 106, "2008-12-31": 156, "2008-09-30": "-72.00000", "2008-06-30": 4, "2008-03-31": 72, "2007-12-31": -97, "2007-09-30": "-173.00000", "2007-06-30": 11, "2007-03-31": -41, "2006-12-31": -56, "2006-09-30": "-132.00000", "2006-06-30": 2, "2006-03-31": -54, "2005-12-31": 42, "2005-09-30": "-67.00000", "2005-06-30": -4.2, "2005-03-31": -85.8}, "Change In Inventories": {"2020-12-31": -220, "2020-09-30": "-285.00000", "2020-06-30": 21, "2020-03-31": 24, "2019-12-31": 160, "2019-09-30": "-5.00000", "2019-06-30": 157, "2019-03-31": -13, "2018-12-31": -308, "2018-09-30": "-175.00000", "2018-06-30": -274, "2018-03-31": -389, "2017-12-31": 21, "2017-09-30": "44.00000", "2017-06-30": -87, "2017-03-31": -169, "2016-12-31": 24, "2016-09-30": "28.00000", "2016-06-30": 168, "2016-03-31": 11, "2015-12-31": 22, "2015-09-30": "105.00000", "2015-06-30": -47, "2015-03-31": -40, "2014-12-31": -10, "2014-09-30": "-46.00000", "2014-06-30": 51, "2014-03-31": 15, "2013-12-31": -45, "2013-09-30": "-21.00000", "2013-06-30": 9, "2013-03-31": 6, "2012-12-31": 101, "2012-09-30": "-94.00000", "2012-06-30": 71, "2012-03-31": -94, "2011-12-31": 179, "2011-09-30": "-68.00000", "2011-06-30": -3, "2011-03-31": -6, "2010-12-31": -7, "2010-09-30": "-1.00000", "2010-06-30": -17, "2010-03-31": -54, "2009-12-31": -58, "2009-09-30": "-19.00000", "2009-06-30": 9, "2009-03-31": 69, "2008-12-31": 31, "2008-09-30": "-21.00000", "2008-06-30": 0, "2008-03-31": 3, "2007-12-31": 2, "2007-09-30": "3.00000", "2007-06-30": -15, "2007-03-31": 22, "2006-12-31": -49, "2006-09-30": "-11.00000", "2006-06-30": -27, "2006-03-31": -10, "2005-12-31": 5, "2005-09-30": "-20.00000", "2005-06-30": -17.1, "2005-03-31": 13.1}, "Change In Accounts Payable": {"2020-12-31": -39, "2020-09-30": "96.00000", "2020-06-30": 70, "2020-03-31": -6, "2019-12-31": -128, "2019-09-30": "331.00000", "2019-06-30": -20, "2019-03-31": -291, "2018-12-31": -155, "2018-09-30": "-50.00000", "2018-06-30": 3, "2018-03-31": 267, "2017-12-31": -106, "2017-09-30": "-126.00000", "2017-06-30": -83, "2017-03-31": 158, "2016-12-31": 66, "2016-09-30": "120.00000", "2016-06-30": -113, "2016-03-31": -243, "2015-12-31": 13, "2015-09-30": "-71.00000", "2015-06-30": -156, "2015-03-31": -86, "2014-12-31": 45, "2014-09-30": "49.00000", "2014-06-30": 81, "2014-03-31": -199, "2013-12-31": 64, "2013-09-30": "22.00000", "2013-06-30": -77, "2013-03-31": -82, "2012-12-31": -285, "2012-09-30": "-67.00000", "2012-06-30": -95, "2012-03-31": 902, "2011-12-31": -832, "2011-09-30": "157.00000", "2011-06-30": 107, "2011-03-31": -86, "2010-12-31": -5, "2010-09-30": "162.00000", "2010-06-30": -150, "2010-03-31": -8, "2009-12-31": 170, "2009-09-30": "258.00000", "2009-06-30": 66, "2009-03-31": -36, "2008-12-31": -139, "2008-09-30": "76.00000", "2008-06-30": -67, "2008-03-31": -21, "2007-12-31": 130, "2007-09-30": "72.00000", "2007-06-30": -13, "2007-03-31": 16, "2006-12-31": 88, "2006-09-30": "105.00000", "2006-06-30": 8, "2006-03-31": 2, "2005-12-31": -59, "2005-09-30": "79.00000", "2005-06-30": -22.1, "2005-03-31": 116.1}, "Change In Assets/Liabilities": {"2020-12-31": -166, "2020-09-30": "-139.00000", "2020-06-30": -6, "2020-03-31": -82, "2019-12-31": -93, "2019-09-30": "-176.00000", "2019-06-30": 64, "2019-03-31": -73, "2018-12-31": 192, "2018-09-30": "-404.00000", "2018-06-30": -49, "2018-03-31": -43, "2017-12-31": 1557, "2017-09-30": "-132.00000", "2017-06-30": 92, "2017-03-31": 71, "2016-12-31": 91, "2016-09-30": "-79.00000", "2016-06-30": 62, "2016-03-31": -84, "2015-12-31": 32, "2015-09-30": "-2.00000", "2015-06-30": 35, "2015-03-31": -13, "2014-12-31": 99, "2014-09-30": "-24.00000", "2014-06-30": -17, "2014-03-31": 21, "2013-12-31": -11, "2013-09-30": "-23.00000", "2013-06-30": 34, "2013-03-31": -9, "2012-12-31": 21, "2012-09-30": "-62.00000", "2012-06-30": 46, "2012-03-31": 37, "2011-12-31": -20, "2011-09-30": "7.00000", "2011-06-30": -57, "2011-03-31": 22, "2010-12-31": 8, "2010-09-30": "-17.00000", "2010-06-30": 37, "2010-03-31": 31, "2009-12-31": 35, "2009-09-30": "1.00000", "2009-06-30": 12, "2009-03-31": 24, "2008-12-31": 22, "2008-09-30": "-30.00000", "2008-06-30": 15, "2008-03-31": -22, "2007-12-31": 22, "2007-09-30": "41.00000", "2007-06-30": 1, "2007-03-31": -11, "2006-12-31": 4, "2006-09-30": "-3.00000", "2006-06-30": -20, "2006-03-31": 6, "2005-12-31": -43, "2005-09-30": "-24.00000", "2005-06-30": -4.3, "2005-03-31": -6.7}, "Total Change In Assets/Liabilities": {"2020-12-31": -35, "2020-09-30": "-43.00000", "2020-06-30": -426, "2020-03-31": -351, "2019-12-31": -62, "2019-09-30": "82.00000", "2019-06-30": -253, "2019-03-31": 291, "2018-12-31": 299, "2018-09-30": "-597.00000", "2018-06-30": -462, "2018-03-31": -323, "2017-12-31": 1507, "2017-09-30": "-236.00000", "2017-06-30": 20, "2017-03-31": 108, "2016-12-31": 168, "2016-09-30": "-205.00000", "2016-06-30": 244, "2016-03-31": 129, "2015-12-31": 29, "2015-09-30": "-28.00000", "2015-06-30": -123, "2015-03-31": 5, "2014-12-31": -536, "2014-09-30": "61.00000", "2014-06-30": -45, "2014-03-31": -23, "2013-12-31": -65, "2013-09-30": "-101.00000", "2013-06-30": 638, "2013-03-31": -1, "2012-12-31": 1, "2012-09-30": "77.00000", "2012-06-30": -39, "2012-03-31": 483, "2011-12-31": -49, "2011-09-30": "-71.00000", "2011-06-30": 108, "2011-03-31": -4, "2010-12-31": 110, "2010-09-30": "24.00000", "2010-06-30": -81, "2010-03-31": 39, "2009-12-31": -7, "2009-09-30": "12.00000", "2009-06-30": 5, "2009-03-31": 159, "2008-12-31": 74, "2008-09-30": "-40.00000", "2008-06-30": -29, "2008-03-31": 12, "2007-12-31": 84, "2007-09-30": "-45.00000", "2007-06-30": -4, "2007-03-31": -28, "2006-12-31": -4, "2006-09-30": "-42.00000", "2006-06-30": -53, "2006-03-31": -50, "2005-12-31": -32, "2005-09-30": "-72.00000", "2005-06-30": -4.2, "2005-03-31": 93.2}, "Cash Flow From Operating Activities": {"2020-12-31": 425, "2020-09-30": "363.00000", "2020-06-30": 172, "2020-03-31": 142, "2019-12-31": 257, "2019-09-30": "253.00000", "2019-06-30": 169, "2019-03-31": 204, "2018-12-31": 469, "2018-09-30": "705.00000", "2018-06-30": 863, "2018-03-31": 1027, "2017-12-31": 1182, "2017-09-30": "1133.00000", "2017-06-30": 939, "2017-03-31": 998, "2016-12-31": 1060, "2016-09-30": "440.00000", "2016-06-30": 355, "2016-03-31": 485, "2015-12-31": 598, "2015-09-30": "545.00000", "2015-06-30": 488, "2015-03-31": 684, "2014-12-31": 243, "2014-09-30": "827.00000", "2014-06-30": 712, "2014-03-31": 698, "2013-12-31": 726, "2013-09-30": "680.00000", "2013-06-30": 684, "2013-03-31": 727, "2012-12-31": 772, "2012-09-30": "936.00000", "2012-06-30": 1129, "2012-03-31": 1208, "2011-12-31": 378, "2011-09-30": "352.00000", "2011-06-30": 447, "2011-03-31": 313, "2010-12-31": 505, "2010-09-30": "390.00000", "2010-06-30": 363, "2010-03-31": 588, "2009-12-31": 557, "2009-09-30": "434.00000", "2009-06-30": 349, "2009-03-31": 355, "2008-12-31": 300, "2008-09-30": "301.00000", "2008-06-30": 230, "2008-03-31": 431, "2007-12-31": 519, "2007-09-30": "219.00000", "2007-06-30": 154, "2007-03-31": 164, "2006-12-31": 185, "2006-09-30": "115.00000", "2006-06-30": 101, "2006-03-31": 101, "2005-12-31": 126, "2005-09-30": "40.00000", "2005-06-30": 73.4, "2005-03-31": 347.6}, "Net Change In Property, Plant, And Equipment": {"2020-12-31": -207, "2020-09-30": "-330.00000", "2020-06-30": -215, "2020-03-31": -127, "2019-12-31": -160, "2019-09-30": "-145.00000", "2019-06-30": -38, "2019-03-31": -222, "2018-12-31": -220, "2018-09-30": "-277.00000", "2018-06-30": -190, "2018-03-31": -213, "2017-12-31": -251, "2017-09-30": "-155.00000", "2017-06-30": -125, "2017-03-31": -103, "2016-12-31": -146, "2016-09-30": "-183.00000", "2016-06-30": -151, "2016-03-31": -133, "2015-12-31": -149, "2015-09-30": "-151.00000", "2015-06-30": -163, "2015-03-31": -150, "2014-12-31": -305, "2014-09-30": "6.00000", "2014-06-30": -161, "2014-03-31": -161, "2013-12-31": -170, "2013-09-30": "-136.00000", "2013-06-30": -136, "2013-03-31": -188, "2012-12-31": -246, "2012-09-30": "-382.00000", "2012-06-30": -248, "2012-03-31": -140, "2011-12-31": -119, "2011-09-30": "-134.00000", "2011-06-30": -153, "2011-03-31": -175, "2010-12-31": -250, "2010-09-30": "-200.00000", "2010-06-30": -185, "2010-03-31": -177, "2009-12-31": -199, "2009-09-30": "-176.00000", "2009-06-30": -82, "2009-03-31": -106, "2008-12-31": -140, "2008-09-30": "-162.00000", "2008-06-30": -146, "2008-03-31": -137, "2007-12-31": -169, "2007-09-30": "-163.00000", "2007-06-30": -86, "2007-03-31": -69, "2006-12-31": -110, "2006-09-30": "-59.00000", "2006-06-30": -70, "2006-03-31": -86, "2005-12-31": -62, "2005-09-30": "-50.00000", "2005-06-30": -41, "2005-03-31": -153}, "Net Change In Intangible Assets": {"2020-12-31": 0, "2020-09-30": "", "2020-06-30": 0, "2020-03-31": 0, "2019-12-31": 0, "2019-09-30": "", "2019-06-30": 0, "2019-03-31": 0, "2018-12-31": 0, "2018-09-30": "", "2018-06-30": 0, "2018-03-31": 0, "2017-12-31": 0, "2017-09-30": "", "2017-06-30": 0, "2017-03-31": 0, "2016-12-31": 0, "2016-09-30": "", "2016-06-30": 0, "2016-03-31": 0, "2015-12-31": 0, "2015-09-30": "", "2015-06-30": 0, "2015-03-31": 0, "2014-12-31": 0, "2014-09-30": "", "2014-06-30": 0, "2014-03-31": 0, "2013-12-31": 0, "2013-09-30": "", "2013-06-30": 0, "2013-03-31": 0, "2012-12-31": 0, "2012-09-30": "", "2012-06-30": 0, "2012-03-31": 0, "2011-12-31": 0, "2011-09-30": "", "2011-06-30": 0, "2011-03-31": 0, "2010-12-31": 0, "2010-09-30": "", "2010-06-30": 0, "2010-03-31": 0, "2009-12-31": 0, "2009-09-30": "", "2009-06-30": 0, "2009-03-31": 0, "2008-12-31": 0, "2008-09-30": "", "2008-06-30": 0, "2008-03-31": 0, "2007-12-31": 0, "2007-09-30": "", "2007-06-30": 0, "2007-03-31": 0, "2006-12-31": 0, "2006-09-30": "", "2006-06-30": 0, "2006-03-31": 0, "2005-12-31": 0, "2005-09-30": "", "2005-06-30": 0, "2005-03-31": 0}, "Net Acquisitions/Divestitures": {"2020-12-31": 0, "2020-09-30": "", "2020-06-30": 0, "2020-03-31": 0, "2019-12-31": 0, "2019-09-30": "-22.00000", "2019-06-30": 0, "2019-03-31": 0, "2018-12-31": 0, "2018-09-30": "", "2018-06-30": -1, "2018-03-31": 0, "2017-12-31": -6, "2017-09-30": "-93.00000", "2017-06-30": 0, "2017-03-31": 0, "2016-12-31": 0, "2016-09-30": "", "2016-06-30": -9835, "2016-03-31": 0, "2015-12-31": 0, "2015-09-30": "", "2015-06-30": -10, "2015-03-31": -241, "2014-12-31": -6, "2014-09-30": "", "2014-06-30": 0, "2014-03-31": 0, "2013-12-31": -560, "2013-09-30": "-263.00000", "2013-06-30": 0, "2013-03-31": 26, "2012-12-31": -18, "2012-09-30": "-9.00000", "2012-06-30": 15, "2012-03-31": -3541, "2011-12-31": 0, "2011-09-30": "", "2011-06-30": -15, "2011-03-31": 0, "2010-12-31": 0, "2010-09-30": "", "2010-06-30": -253, "2010-03-31": 0, "2009-12-31": 0, "2009-09-30": "", "2009-06-30": -19, "2009-03-31": -44, "2008-12-31": 0, "2008-09-30": "", "2008-06-30": -2, "2008-03-31": -10, "2007-12-31": -4, "2007-09-30": "-911.00000", "2007-06-30": 0, "2007-03-31": 0, "2006-12-31": 0, "2006-09-30": "", "2006-06-30": 0, "2006-03-31": 0, "2005-12-31": 0, "2005-09-30": "", "2005-06-30": 0, "2005-03-31": 0}, "Net Change In Short-term Investments": {"2020-12-31": 0, "2020-09-30": "", "2020-06-30": 0, "2020-03-31": 0, "2019-12-31": 0, "2019-09-30": "", "2019-06-30": -10, "2019-03-31": -36, "2018-12-31": -22, "2018-09-30": "-11.00000", "2018-06-30": -23, "2018-03-31": -9, "2017-12-31": -19, "2017-09-30": "-38.00000", "2017-06-30": -7, "2017-03-31": -35, "2016-12-31": -155, "2016-09-30": "-84.00000", "2016-06-30": -170, "2016-03-31": -54, "2015-12-31": -172, "2015-09-30": "-236.00000", "2015-06-30": -835, "2015-03-31": 573, "2014-12-31": -475, "2014-09-30": "-120.00000", "2014-06-30": -91, "2014-03-31": -470, "2013-12-31": 0, "2013-09-30": "0.00000", "2013-06-30": -17, "2013-03-31": 0, "2012-12-31": 0, "2012-09-30": "", "2012-06-30": 0, "2012-03-31": 0, "2011-12-31": 0, "2011-09-30": "", "2011-06-30": 0, "2011-03-31": 0, "2010-12-31": 0, "2010-09-30": "", "2010-06-30": 0, "2010-03-31": 0, "2009-12-31": 0, "2009-09-30": "", "2009-06-30": 0, "2009-03-31": 0, "2008-12-31": 0, "2008-09-30": "", "2008-06-30": 324, "2008-03-31": -1, "2007-12-31": -74, "2007-09-30": "-28.00000", "2007-06-30": -36, "2007-03-31": -17, "2006-12-31": -6, "2006-09-30": "0.00000", "2006-06-30": -17, "2006-03-31": -37, "2005-12-31": -19, "2005-09-30": "38.00000", "2005-06-30": 0.9, "2005-03-31": -80.9}, "Net Change In Long-Term Investments": {"2020-12-31": 94, "2020-09-30": "", "2020-06-30": 0, "2020-03-31": 0, "2019-12-31": 0, "2019-09-30": "", "2019-06-30": 126, "2019-03-31": 36, "2018-12-31": 11, "2018-09-30": "9.00000", "2018-06-30": 12, "2018-03-31": 10, "2017-12-31": 29, "2017-09-30": "16.00000", "2017-06-30": 6, "2017-03-31": 171, "2016-12-31": 241, "2016-09-30": "73.00000", "2016-06-30": 702, "2016-03-31": 641, "2015-12-31": 142, "2015-09-30": "124.00000", "2015-06-30": 768, "2015-03-31": -630, "2014-12-31": 630, "2014-09-30": "", "2014-06-30": 72, "2014-03-31": 0, "2013-12-31": 0, "2013-09-30": "", "2013-06-30": 0, "2013-03-31": 0, "2012-12-31": 0, "2012-09-30": "", "2012-06-30": 0, "2012-03-31": 0, "2011-12-31": 0, "2011-09-30": "", "2011-06-30": 0, "2011-03-31": 0, "2010-12-31": 0, "2010-09-30": "", "2010-06-30": 0, "2010-03-31": 1, "2009-12-31": 3, "2009-09-30": "", "2009-06-30": 1, "2009-03-31": 0, "2008-12-31": 0, "2008-09-30": "1.00000", "2008-06-30": -325, "2008-03-31": 16, "2007-12-31": 216, "2007-09-30": "93.00000", "2007-06-30": 0, "2007-03-31": 0, "2006-12-31": 0, "2006-09-30": "", "2006-06-30": 0, "2006-03-31": 0, "2005-12-31": 0, "2005-09-30": "", "2005-06-30": 0, "2005-03-31": 0}, "Net Change In Investments - Total": {"2020-12-31": 94, "2020-09-30": "", "2020-06-30": 0, "2020-03-31": 0, "2019-12-31": 0, "2019-09-30": "", "2019-06-30": 116, "2019-03-31": 0, "2018-12-31": -11, "2018-09-30": "-2.00000", "2018-06-30": -11, "2018-03-31": 1, "2017-12-31": 10, "2017-09-30": "-22.00000", "2017-06-30": -1, "2017-03-31": 136, "2016-12-31": 86, "2016-09-30": "-11.00000", "2016-06-30": 532, "2016-03-31": 587, "2015-12-31": -30, "2015-09-30": "-112.00000", "2015-06-30": -67, "2015-03-31": -57, "2014-12-31": 155, "2014-09-30": "-120.00000", "2014-06-30": -19, "2014-03-31": -470, "2013-12-31": 0, "2013-09-30": "", "2013-06-30": -17, "2013-03-31": 0, "2012-12-31": 0, "2012-09-30": "", "2012-06-30": 0, "2012-03-31": 0, "2011-12-31": 0, "2011-09-30": "", "2011-06-30": 0, "2011-03-31": 0, "2010-12-31": 0, "2010-09-30": "", "2010-06-30": 0, "2010-03-31": 1, "2009-12-31": 3, "2009-09-30": "", "2009-06-30": 1, "2009-03-31": 0, "2008-12-31": 0, "2008-09-30": "1.00000", "2008-06-30": -1, "2008-03-31": 15, "2007-12-31": 142, "2007-09-30": "65.00000", "2007-06-30": -36, "2007-03-31": -17, "2006-12-31": -6, "2006-09-30": "", "2006-06-30": -17, "2006-03-31": -37, "2005-12-31": -19, "2005-09-30": "38.00000", "2005-06-30": 0.9, "2005-03-31": -80.9}, "Investing Activities - Other": {"2020-12-31": -157, "2020-09-30": "164.00000", "2020-06-30": 301, "2020-03-31": 159, "2019-12-31": 286, "2019-09-30": "201.00000", "2019-06-30": -308, "2019-03-31": -95, "2018-12-31": -235, "2018-09-30": "20.00000", "2018-06-30": -47, "2018-03-31": -187, "2017-12-31": -382, "2017-09-30": "-108.00000", "2017-06-30": -64, "2017-03-31": -163, "2016-12-31": -54, "2016-09-30": "-8.00000", "2016-06-30": -143, "2016-03-31": -11, "2015-12-31": -2, "2015-09-30": "-10.00000", "2015-06-30": -1, "2015-03-31": -10, "2014-12-31": 28, "2014-09-30": "-12.00000", "2014-06-30": 0, "2014-03-31": 0, "2013-12-31": -35, "2013-09-30": "39.00000", "2013-06-30": 17, "2013-03-31": -2, "2012-12-31": -15, "2012-09-30": "", "2012-06-30": 0, "2012-03-31": 0, "2011-12-31": 0, "2011-09-30": "", "2011-06-30": 0, "2011-03-31": 0, "2010-12-31": 0, "2010-09-30": "", "2010-06-30": 0, "2010-03-31": 0, "2009-12-31": 0, "2009-09-30": "", "2009-06-30": 0, "2009-03-31": 0, "2008-12-31": 0, "2008-09-30": "", "2008-06-30": 0, "2008-03-31": 0, "2007-12-31": 0, "2007-09-30": "", "2007-06-30": 0, "2007-03-31": 0, "2006-12-31": 0, "2006-09-30": "", "2006-06-30": 0, "2006-03-31": 0, "2005-12-31": 0, "2005-09-30": "", "2005-06-30": 0, "2005-03-31": 0}, "Cash Flow From Investing Activities": {"2020-12-31": -270, "2020-09-30": "-166.00000", "2020-06-30": 86, "2020-03-31": 32, "2019-12-31": 126, "2019-09-30": "34.00000", "2019-06-30": -230, "2019-03-31": -317, "2018-12-31": -466, "2018-09-30": "-259.00000", "2018-06-30": -249, "2018-03-31": -399, "2017-12-31": -629, "2017-09-30": "-378.00000", "2017-06-30": -190, "2017-03-31": -130, "2016-12-31": -114, "2016-09-30": "-202.00000", "2016-06-30": -9597, "2016-03-31": 443, "2015-12-31": -181, "2015-09-30": "-273.00000", "2015-06-30": -241, "2015-03-31": -458, "2014-12-31": -128, "2014-09-30": "-126.00000", "2014-06-30": -180, "2014-03-31": -631, "2013-12-31": -765, "2013-09-30": "-360.00000", "2013-06-30": -136, "2013-03-31": -164, "2012-12-31": -279, "2012-09-30": "-391.00000", "2012-06-30": -233, "2012-03-31": -3681, "2011-12-31": -119, "2011-09-30": "-134.00000", "2011-06-30": -168, "2011-03-31": -175, "2010-12-31": -250, "2010-09-30": "-200.00000", "2010-06-30": -438, "2010-03-31": -176, "2009-12-31": -196, "2009-09-30": "-176.00000", "2009-06-30": -100, "2009-03-31": -150, "2008-12-31": -140, "2008-09-30": "-161.00000", "2008-06-30": -149, "2008-03-31": -132, "2007-12-31": -31, "2007-09-30": "-1009.00000", "2007-06-30": -122, "2007-03-31": -86, "2006-12-31": -116, "2006-09-30": "-59.00000", "2006-06-30": -87, "2006-03-31": -123, "2005-12-31": -81, "2005-09-30": "-12.00000", "2005-06-30": -40.1, "2005-03-31": -233.9}, "Net Long-Term Debt": {"2020-12-31": -248, "2020-09-30": "-213.00000", "2020-06-30": -63, "2020-03-31": -212, "2019-12-31": -388, "2019-09-30": "-319.00000", "2019-06-30": 432, "2019-03-31": -38, "2018-12-31": -537, "2018-09-30": "-38.00000", "2018-06-30": -37, "2018-03-31": -2046, "2017-12-31": -1089, "2017-09-30": "-62.00000", "2017-06-30": 482, "2017-03-31": -9, "2016-12-31": -12, "2016-09-30": "-4250.00000", "2016-06-30": 15159, "2016-03-31": -301, "2015-12-31": -32, "2015-09-30": "-31.00000", "2015-06-30": 224, "2015-03-31": -31, "2014-12-31": -32, "2014-09-30": "-31.00000", "2014-06-30": -31, "2014-03-31": 621, "2013-12-31": -57, "2013-09-30": "-58.00000", "2013-06-30": -57, "2013-03-31": -115, "2012-12-31": 0, "2012-09-30": "-58.00000", "2012-06-30": -558, "2012-03-31": -872, "2011-12-31": -32, "2011-09-30": "-31.00000", "2011-06-30": -31, "2011-03-31": -25, "2010-12-31": -25, "2010-09-30": "-25.00000", "2010-06-30": -25, "2010-03-31": -19, "2009-12-31": -19, "2009-09-30": "-19.00000", "2009-06-30": -20, "2009-03-31": -2, "2008-12-31": -3, "2008-09-30": "-2.00000", "2008-06-30": -5, "2008-03-31": 499, "2007-12-31": -254, "2007-09-30": "-3.00000", "2007-06-30": -5, "2007-03-31": -22, "2006-12-31": -10, "2006-09-30": "-6.00000", "2006-06-30": -6, "2006-03-31": -6, "2005-12-31": -6, "2005-09-30": "-5.00000", "2005-06-30": -5.4, "2005-03-31": -14.6}, "Net Current Debt": {"2020-12-31": 0, "2020-09-30": "", "2020-06-30": 0, "2020-03-31": 0, "2019-12-31": 0, "2019-09-30": "", "2019-06-30": -500, "2019-03-31": 0, "2018-12-31": 0, "2018-09-30": "", "2018-06-30": 0, "2018-03-31": 500, "2017-12-31": 0, "2017-09-30": "", "2017-06-30": 0, "2017-03-31": 0, "2016-12-31": 0, "2016-09-30": "", "2016-06-30": -255, "2016-03-31": 0, "2015-12-31": 0, "2015-09-30": "", "2015-06-30": 0, "2015-03-31": 0, "2014-12-31": 0, "2014-09-30": "", "2014-06-30": 0, "2014-03-31": -500, "2013-12-31": 500, "2013-09-30": "", "2013-06-30": 0, "2013-03-31": 0, "2012-12-31": 0, "2012-09-30": "", "2012-06-30": 0, "2012-03-31": 0, "2011-12-31": 0, "2011-09-30": "", "2011-06-30": 0, "2011-03-31": 0, "2010-12-31": 0, "2010-09-30": "", "2010-06-30": 0, "2010-03-31": 0, "2009-12-31": 0, "2009-09-30": "", "2009-06-30": 0, "2009-03-31": 0, "2008-12-31": 0, "2008-09-30": "", "2008-06-30": 0, "2008-03-31": -760, "2007-12-31": 10, "2007-09-30": "750.00000", "2007-06-30": 0, "2007-03-31": 0, "2006-12-31": 0, "2006-09-30": "", "2006-06-30": 0, "2006-03-31": 0, "2005-12-31": 0, "2005-09-30": "", "2005-06-30": 0, "2005-03-31": 0}, "Debt Issuance/Retirement Net - Total": {"2020-12-31": -248, "2020-09-30": "-213.00000", "2020-06-30": -63, "2020-03-31": -212, "2019-12-31": -388, "2019-09-30": "-319.00000", "2019-06-30": -68, "2019-03-31": -38, "2018-12-31": -537, "2018-09-30": "-38.00000", "2018-06-30": -37, "2018-03-31": -1546, "2017-12-31": -1089, "2017-09-30": "-62.00000", "2017-06-30": 482, "2017-03-31": -9, "2016-12-31": -12, "2016-09-30": "-4250.00000", "2016-06-30": 14904, "2016-03-31": -301, "2015-12-31": -32, "2015-09-30": "-31.00000", "2015-06-30": 224, "2015-03-31": -31, "2014-12-31": -32, "2014-09-30": "-31.00000", "2014-06-30": -31, "2014-03-31": 121, "2013-12-31": 443, "2013-09-30": "-58.00000", "2013-06-30": -57, "2013-03-31": -115, "2012-12-31": 0, "2012-09-30": "-58.00000", "2012-06-30": -558, "2012-03-31": -872, "2011-12-31": -32, "2011-09-30": "-31.00000", "2011-06-30": -31, "2011-03-31": -25, "2010-12-31": -25, "2010-09-30": "-25.00000", "2010-06-30": -25, "2010-03-31": -19, "2009-12-31": -19, "2009-09-30": "-19.00000", "2009-06-30": -20, "2009-03-31": -2, "2008-12-31": -3, "2008-09-30": "-2.00000", "2008-06-30": -5, "2008-03-31": -261, "2007-12-31": -244, "2007-09-30": "747.00000", "2007-06-30": -5, "2007-03-31": -22, "2006-12-31": -10, "2006-09-30": "-6.00000", "2006-06-30": -6, "2006-03-31": -6, "2005-12-31": -6, "2005-09-30": "-5.00000", "2005-06-30": -5.4, "2005-03-31": -14.6}, "Net Common Equity Issued/Repurchased": {"2020-12-31": 19, "2020-09-30": "1.00000", "2020-06-30": 62, "2020-03-31": 7, "2019-12-31": 46, "2019-09-30": "26.00000", "2019-06-30": 52, "2019-03-31": 5, "2018-12-31": 53, "2018-09-30": "-555.00000", "2018-06-30": -362, "2018-03-31": -108, "2017-12-31": 79, "2017-09-30": "20.00000", "2017-06-30": 112, "2017-03-31": 33, "2016-12-31": 66, "2016-09-30": "85.00000", "2016-06-30": 462, "2016-03-31": 10, "2015-12-31": 39, "2015-09-30": "-45.00000", "2015-06-30": -132, "2015-03-31": -206, "2014-12-31": -236, "2014-09-30": "-184.00000", "2014-06-30": -210, "2014-03-31": -216, "2013-12-31": -75, "2013-09-30": "-128.00000", "2013-06-30": -173, "2013-03-31": -206, "2012-12-31": -95, "2012-09-30": "-183.00000", "2012-06-30": -571, "2012-03-31": 18, "2011-12-31": 21, "2011-09-30": "2.00000", "2011-06-30": 23, "2011-03-31": 11, "2010-12-31": 22, "2010-09-30": "-48.00000", "2010-06-30": 25, "2010-03-31": 7, "2009-12-31": 32, "2009-09-30": "15.00000", "2009-06-30": 15, "2009-03-31": 1, "2008-12-31": 11, "2008-09-30": "-35.00000", "2008-06-30": 23, "2008-03-31": -36, "2007-12-31": 24, "2007-09-30": "-6.00000", "2007-06-30": -22, "2007-03-31": -28, "2006-12-31": 14, "2006-09-30": "2.00000", "2006-06-30": 0, "2006-03-31": 21, "2005-12-31": 5, "2005-09-30": "-2.00000", "2005-06-30": -3.5, "2005-03-31": 16.5}, "Net Total Equity Issued/Repurchased": {"2020-12-31": 19, "2020-09-30": "1.00000", "2020-06-30": 62, "2020-03-31": 7, "2019-12-31": 46, "2019-09-30": "26.00000", "2019-06-30": 52, "2019-03-31": 5, "2018-12-31": 53, "2018-09-30": "-555.00000", "2018-06-30": -362, "2018-03-31": -108, "2017-12-31": 79, "2017-09-30": "20.00000", "2017-06-30": 112, "2017-03-31": 33, "2016-12-31": 66, "2016-09-30": "85.00000", "2016-06-30": 462, "2016-03-31": 10, "2015-12-31": 39, "2015-09-30": "-45.00000", "2015-06-30": -132, "2015-03-31": -206, "2014-12-31": -236, "2014-09-30": "-184.00000", "2014-06-30": -210, "2014-03-31": -216, "2013-12-31": -75, "2013-09-30": "-128.00000", "2013-06-30": -173, "2013-03-31": -206, "2012-12-31": -95, "2012-09-30": "-183.00000", "2012-06-30": -571, "2012-03-31": 18, "2011-12-31": 21, "2011-09-30": "2.00000", "2011-06-30": 23, "2011-03-31": 11, "2010-12-31": 22, "2010-09-30": "-48.00000", "2010-06-30": 25, "2010-03-31": 7, "2009-12-31": 32, "2009-09-30": "15.00000", "2009-06-30": 15, "2009-03-31": 1, "2008-12-31": 11, "2008-09-30": "-35.00000", "2008-06-30": 23, "2008-03-31": -36, "2007-12-31": 24, "2007-09-30": "-6.00000", "2007-06-30": -22, "2007-03-31": -28, "2006-12-31": 14, "2006-09-30": "2.00000", "2006-06-30": 0, "2006-03-31": 21, "2005-12-31": 5, "2005-09-30": "-2.00000", "2005-06-30": -3.5, "2005-03-31": 16.5}, "Total Common And Preferred Stock Dividends Paid": {"2020-12-31": 0, "2020-09-30": "", "2020-06-30": -150, "2020-03-31": -149, "2019-12-31": -149, "2019-09-30": "-147.00000", "2019-06-30": -146, "2019-03-31": -146, "2018-12-31": -144, "2018-09-30": "-148.00000", "2018-06-30": -150, "2018-03-31": -148, "2017-12-31": -148, "2017-09-30": "-147.00000", "2017-06-30": -146, "2017-03-31": -144, "2016-12-31": -142, "2016-09-30": "-142.00000", "2016-06-30": -117, "2016-03-31": -116, "2015-12-31": -116, "2015-09-30": "-115.00000", "2015-06-30": -116, "2015-03-31": -93, "2014-12-31": -93, "2014-09-30": "-94.00000", "2014-06-30": -70, "2014-03-31": -71, "2013-12-31": -59, "2013-09-30": "-59.00000", "2013-06-30": -60, "2013-03-31": 0, "2012-12-31": -121, "2012-09-30": "", "2012-06-30": 0, "2012-03-31": 0, "2011-12-31": 0, "2011-09-30": "", "2011-06-30": 0, "2011-03-31": 0, "2010-12-31": 0, "2010-09-30": "", "2010-06-30": 0, "2010-03-31": 0, "2009-12-31": 0, "2009-09-30": "", "2009-06-30": 0, "2009-03-31": 0, "2008-12-31": 0, "2008-09-30": "", "2008-06-30": 0, "2008-03-31": 0, "2007-12-31": 0, "2007-09-30": "", "2007-06-30": 0, "2007-03-31": 0, "2006-12-31": 0, "2006-09-30": "", "2006-06-30": 0, "2006-03-31": 0, "2005-12-31": 0, "2005-09-30": "", "2005-06-30": 0, "2005-03-31": 0}, "Financial Activities - Other": {"2020-12-31": 32, "2020-09-30": "-41.00000", "2020-06-30": -3, "2020-03-31": -15, "2019-12-31": -2, "2019-09-30": "-52.00000", "2019-06-30": -10, "2019-03-31": -40, "2018-12-31": -3, "2018-09-30": "-66.00000", "2018-06-30": -14, "2018-03-31": -144, "2017-12-31": -9, "2017-09-30": "-35.00000", "2017-06-30": -497, "2017-03-31": -40, "2016-12-31": 14, "2016-09-30": "-5.00000", "2016-06-30": -3744, "2016-03-31": 3, "2015-12-31": -26, "2015-09-30": "-24.00000", "2015-06-30": -11, "2015-03-31": 14, "2014-12-31": -11, "2014-09-30": "-37.00000", "2014-06-30": 14, "2014-03-31": 13, "2013-12-31": -484, "2013-09-30": "485.00000", "2013-06-30": -9, "2013-03-31": 2, "2012-12-31": 2, "2012-09-30": "25.00000", "2012-06-30": 59, "2012-03-31": 2786, "2011-12-31": 1, "2011-09-30": "-4.00000", "2011-06-30": -11, "2011-03-31": -4, "2010-12-31": 0, "2010-09-30": "7.00000", "2010-06-30": -17, "2010-03-31": -9, "2009-12-31": 5, "2009-09-30": "8.00000", "2009-06-30": -29, "2009-03-31": -1, "2008-12-31": -5, "2008-09-30": "6.00000", "2008-06-30": 88, "2008-03-31": -2, "2007-12-31": -2, "2007-09-30": "", "2007-06-30": -9, "2007-03-31": 0, "2006-12-31": 0, "2006-09-30": "", "2006-06-30": 0, "2006-03-31": 0, "2005-12-31": 0, "2005-09-30": "", "2005-06-30": 0, "2005-03-31": 0}, "Cash Flow From Financial Activities": {"2020-12-31": -197, "2020-09-30": "-253.00000", "2020-06-30": -154, "2020-03-31": -369, "2019-12-31": -493, "2019-09-30": "-492.00000", "2019-06-30": -172, "2019-03-31": -219, "2018-12-31": -631, "2018-09-30": "-807.00000", "2018-06-30": -563, "2018-03-31": -1946, "2017-12-31": -1167, "2017-09-30": "-224.00000", "2017-06-30": -49, "2017-03-31": -160, "2016-12-31": -74, "2016-09-30": "-4312.00000", "2016-06-30": 11505, "2016-03-31": -404, "2015-12-31": -135, "2015-09-30": "-215.00000", "2015-06-30": -35, "2015-03-31": -316, "2014-12-31": -372, "2014-09-30": "-346.00000", "2014-06-30": -297, "2014-03-31": -153, "2013-12-31": -175, "2013-09-30": "240.00000", "2013-06-30": -299, "2013-03-31": -319, "2012-12-31": -214, "2012-09-30": "-216.00000", "2012-06-30": -1070, "2012-03-31": 1932, "2011-12-31": -10, "2011-09-30": "-33.00000", "2011-06-30": -19, "2011-03-31": -18, "2010-12-31": -3, "2010-09-30": "-66.00000", "2010-06-30": -17, "2010-03-31": -21, "2009-12-31": 18, "2009-09-30": "4.00000", "2009-06-30": -34, "2009-03-31": -2, "2008-12-31": 3, "2008-09-30": "-31.00000", "2008-06-30": 106, "2008-03-31": -299, "2007-12-31": -222, "2007-09-30": "741.00000", "2007-06-30": -36, "2007-03-31": -50, "2006-12-31": 4, "2006-09-30": "-4.00000", "2006-06-30": -6, "2006-03-31": 15, "2005-12-31": -1, "2005-09-30": "-7.00000", "2005-06-30": -8.9, "2005-03-31": 1.9}, "Net Cash Flow": {"2020-12-31": -39, "2020-09-30": "-53.00000", "2020-06-30": 105, "2020-03-31": -194, "2019-12-31": -111, "2019-09-30": "-207.00000", "2019-06-30": -227, "2019-03-31": -331, "2018-12-31": -633, "2018-09-30": "-359.00000", "2018-06-30": 42, "2018-03-31": -1309, "2017-12-31": -614, "2017-09-30": "532.00000", "2017-06-30": 702, "2017-03-31": 712, "2016-12-31": 863, "2016-09-30": "-4074.00000", "2016-06-30": 2264, "2016-03-31": 524, "2015-12-31": 282, "2015-09-30": "57.00000", "2015-06-30": 212, "2015-03-31": -90, "2014-12-31": -257, "2014-09-30": "355.00000", "2014-06-30": 235, "2014-03-31": -86, "2013-12-31": -214, "2013-09-30": "560.00000", "2013-06-30": 249, "2013-03-31": 244, "2012-12-31": 279, "2012-09-30": "329.00000", "2012-06-30": -169, "2012-03-31": -547, "2011-12-31": 249, "2011-09-30": "185.00000", "2011-06-30": 260, "2011-03-31": 120, "2010-12-31": 252, "2010-09-30": "124.00000", "2010-06-30": -92, "2010-03-31": 391, "2009-12-31": 379, "2009-09-30": "262.00000", "2009-06-30": 215, "2009-03-31": 203, "2008-12-31": 163, "2008-09-30": "109.00000", "2008-06-30": 187, "2008-03-31": 0, "2007-12-31": 266, "2007-09-30": "-49.00000", "2007-06-30": -4, "2007-03-31": 28, "2006-12-31": 73, "2006-09-30": "52.00000", "2006-06-30": 8, "2006-03-31": -7, "2005-12-31": 44, "2005-09-30": "21.00000", "2005-06-30": 24.4, "2005-03-31": 115.6}, "Stock-Based Compensation": {"2020-12-31": 80, "2020-09-30": "76.00000", "2020-06-30": 76, "2020-03-31": 78, "2019-12-31": 77, "2019-09-30": "77.00000", "2019-06-30": 64, "2019-03-31": 84, "2018-12-31": 79, "2018-09-30": "79.00000", "2018-06-30": 78, "2018-03-31": 103, "2017-12-31": 99, "2017-09-30": "97.00000", "2017-06-30": 91, "2017-03-31": 102, "2016-12-31": 102, "2016-09-30": "99.00000", "2016-06-30": 70, "2016-03-31": 42, "2015-12-31": 37, "2015-09-30": "42.00000", "2015-06-30": 45, "2015-03-31": 37, "2014-12-31": 41, "2014-09-30": "39.00000", "2014-06-30": 31, "2014-03-31": 41, "2013-12-31": 42, "2013-09-30": "42.00000", "2013-06-30": 30, "2013-03-31": 36, "2012-12-31": 32, "2012-09-30": "39.00000", "2012-06-30": 31, "2012-03-31": 20, "2011-12-31": 24, "2011-09-30": "17.00000", "2011-06-30": 15, "2011-03-31": 17, "2010-12-31": 18, "2010-09-30": "19.00000", "2010-06-30": 17, "2010-03-31": 16, "2009-12-31": 14, "2009-09-30": "13.00000", "2009-06-30": 14, "2009-03-31": 12, "2008-12-31": 11, "2008-09-30": "10.00000", "2008-06-30": 10, "2008-03-31": 10, "2007-12-31": 9, "2007-09-30": "8.00000", "2007-06-30": 14, "2007-03-31": 13, "2006-12-31": 12, "2006-09-30": "9.00000", "2006-06-30": 12, "2006-03-31": 9, "2005-12-31": 9, "2005-09-30": "7.00000", "2005-06-30": 3.1, "2005-03-31": 1.9}, "Common Stock Dividends Paid": {"2020-12-31": 0, "2020-09-30": "0.00000", "2020-06-30": -150, "2020-03-31": -149, "2019-12-31": -149, "2019-09-30": "-147.00000", "2019-06-30": -146, "2019-03-31": -146, "2018-12-31": -144, "2018-09-30": "-148.00000", "2018-06-30": -150, "2018-03-31": -148, "2017-12-31": -148, "2017-09-30": "-147.00000", "2017-06-30": -146, "2017-03-31": -144, "2016-12-31": -142, "2016-09-30": "-142.00000", "2016-06-30": -117, "2016-03-31": -116, "2015-12-31": -116, "2015-09-30": "-115.00000", "2015-06-30": -116, "2015-03-31": -93, "2014-12-31": -93, "2014-09-30": "-94.00000", "2014-06-30": -70, "2014-03-31": -71, "2013-12-31": -59, "2013-09-30": "-59.00000", "2013-06-30": -60, "2013-03-31": 0, "2012-12-31": -121, "2012-09-30": "0.00000", "2012-06-30": 0, "2012-03-31": 0, "2011-12-31": 0, "2011-09-30": "", "2011-06-30": 0, "2011-03-31": 0, "2010-12-31": 0, "2010-09-30": "", "2010-06-30": 0, "2010-03-31": 0, "2009-12-31": 0, "2009-09-30": "", "2009-06-30": 0, "2009-03-31": 0, "2008-12-31": 0, "2008-09-30": "", "2008-06-30": 0, "2008-03-31": 0, "2007-12-31": 0, "2007-09-30": "", "2007-06-30": 0, "2007-03-31": 0, "2006-12-31": 0, "2006-09-30": "", "2006-06-30": 0, "2006-03-31": 0, "2005-12-31": 0, "2005-09-30": "", "2005-06-30": 0, "2005-03-31": 0}}, "financial ratios": {"Current Ratio": {"2020-06-30": "2.05360", "2019-06-30": "2.22090", "2018-06-30": "2.38730", "2017-06-30": "2.54510", "2016-06-30": "1.81090", "2015-06-30": "2.62910", "2014-06-30": "2.26790", "2013-06-30": "1.91240", "2012-06-30": "1.77110", "2011-06-30": "2.52860", "2010-06-30": "2.33320", "2009-06-30": "2.11800", "2008-06-30": "1.74620", "2007-06-30": "1.79560", "2006-06-30": "1.72590", "2005-06-30": "1.44000"}, "Long-term Debt / Capital": {"2020-06-30": "0.49300", "2019-06-30": "0.50690", "2018-06-30": "0.48810", "2017-06-30": "0.53080", "2016-06-30": "0.55070", "2015-06-30": "0.18900", "2014-06-30": "0.20740", "2013-06-30": "0.17940", "2012-06-30": "0.20310", "2011-06-30": "0.02660", "2010-06-30": "0.05880", "2009-06-30": "0.11140", "2008-06-30": "0.15170", "2007-06-30": "0.00580", "2006-06-30": "0.01620", "2005-06-30": "0.04450"}, "Debt/Equity Ratio": {"2020-06-30": "1.00250", "2019-06-30": "1.05570", "2018-06-30": "0.96890", "2017-06-30": "1.15180", "2016-06-30": "1.52480", "2015-06-30": "0.27730", "2014-06-30": "0.27570", "2013-06-30": "0.24770", "2012-06-30": "0.28490", "2011-06-30": "0.05360", "2010-06-30": "0.08490", "2009-06-30": "0.15100", "2008-06-30": "0.18880", "2007-06-30": "0.01280", "2006-06-30": "0.03800", "2005-06-30": "0.07530"}, "Gross Margin": {"2020-06-30": "22.59200", "2019-06-30": "22.64470", "2018-06-30": "37.31780", "2017-06-30": "31.80220", "2016-06-30": "26.43530", "2015-06-30": "28.96650", "2014-06-30": "28.81690", "2013-06-30": "28.42160", "2012-06-30": "29.15530", "2011-06-30": "18.80120", "2010-06-30": "24.37560", "2009-06-30": "17.93910", "2008-06-30": "21.53830", "2007-06-30": "16.45940", "2006-06-30": "19.09700", "2005-06-30": "16.21330"}, "Operating Margin": {"2020-06-30": "2.00170", "2019-06-30": "0.52510", "2018-06-30": "17.51830", "2017-06-30": "10.23410", "2016-06-30": "3.58630", "2015-06-30": "11.05550", "2014-06-30": "11.83740", "2013-06-30": "8.24700", "2012-06-30": "14.19300", "2011-06-30": "8.19860", "2010-06-30": "15.48220", "2009-06-30": "6.96360", "2008-06-30": "12.45980", "2007-06-30": "7.58960", "2006-06-30": "8.43120", "2005-06-30": "5.35860"}, "EBIT Margin": {"2020-06-30": "2.00170", "2019-06-30": "0.52510", "2018-06-30": "17.51830", "2017-06-30": "10.23410", "2016-06-30": "3.58630", "2015-06-30": "11.05550", "2014-06-30": "11.83740", "2013-06-30": "8.24700", "2012-06-30": "14.19300", "2011-06-30": "8.19860", "2010-06-30": "15.48220", "2009-06-30": "6.96360", "2008-06-30": "12.45980", "2007-06-30": "7.58960", "2006-06-30": "8.43120", "2005-06-30": "5.35860"}, "EBITDA Margin": {"2020-06-30": "11.59780", "2019-06-30": "11.69050", "2018-06-30": "28.54650", "2017-06-30": "22.87230", "2016-06-30": "12.76740", "2015-06-30": "18.70030", "2014-06-30": "20.05950", "2013-06-30": "16.27910", "2012-06-30": "20.80460", "2011-06-30": "14.51820", "2010-06-30": "20.65990", "2009-06-30": "13.39060", "2008-06-30": "17.57490", "2007-06-30": "11.43010", "2006-06-30": "12.11700", "2005-06-30": "8.95850"}, "Pre-Tax Profit Margin": {"2020-06-30": "-0.27490", "2019-06-30": "-1.73220", "2018-06-30": "10.09830", "2017-06-30": "4.02770", "2016-06-30": "1.17750", "2015-06-30": "10.82210", "2014-06-30": "11.57960", "2013-06-30": "7.96040", "2012-06-30": "14.08080", "2011-06-30": "8.18810", "2010-06-30": "15.43150", "2009-06-30": "6.72210", "2008-06-30": "12.15010", "2007-06-30": "8.10170", "2006-06-30": "8.79980", "2005-06-30": "5.49600"}, "Net Profit Margin": {"2020-06-30": "-1.49380", "2019-06-30": "-4.55070", "2018-06-30": "3.26920", "2017-06-30": "2.07930", "2016-06-30": "1.86240", "2015-06-30": "10.05350", "2014-06-30": "10.68740", "2013-06-30": "6.38390", "2012-06-30": "12.91870", "2011-06-30": "7.62120", "2010-06-30": "14.03050", "2009-06-30": "6.30620", "2008-06-30": "10.73820", "2007-06-30": "10.31460", "2006-06-30": "9.09930", "2005-06-30": "5.38610"}, "Asset Turnover": {"2020-06-30": "0.65220", "2019-06-30": "0.62830", "2018-06-30": "0.70620", "2017-06-30": "0.63940", "2016-06-30": "0.39540", "2015-06-30": "0.96060", "2014-06-30": "0.97620", "2013-06-30": "1.09370", "2012-06-30": "0.87840", "2011-06-30": "1.17340", "2010-06-30": "1.34420", "2009-06-30": "1.40860", "2008-06-30": "1.65620", "2007-06-30": "1.88490", "2006-06-30": "2.08100", "2005-06-30": "2.29070"}, "Inventory Turnover Ratio": {"2020-06-30": "4.21990", "2019-06-30": "3.90410", "2018-06-30": "4.39610", "2017-06-30": "5.56220", "2016-06-30": "4.48990", "2015-06-30": "7.56650", "2014-06-30": "8.78470", "2013-06-30": "9.24920", "2012-06-30": "7.30580", "2011-06-30": "13.40560", "2010-06-30": "13.30180", "2009-06-30": "16.26600", "2008-06-30": "13.89250", "2007-06-30": "17.63710", "2006-06-30": "17.13170", "2005-06-30": "19.94110"}, "Receiveable Turnover": {"2020-06-30": "7.03490", "2019-06-30": "13.76160", "2018-06-30": "9.39780", "2017-06-30": "9.80130", "2016-06-30": "8.89390", "2015-06-30": "9.51170", "2014-06-30": "7.60680", "2013-06-30": "8.56160", "2012-06-30": "5.27830", "2011-06-30": "7.89880", "2010-06-30": "7.84240", "2009-06-30": "8.04860", "2008-06-30": "7.99410", "2007-06-30": "7.84510", "2006-06-30": "9.02490", "2005-06-30": "9.03200"}, "Days Sales In Receivables": {"2020-06-30": "51.88430", "2019-06-30": "26.52300", "2018-06-30": "38.83880", "2017-06-30": "37.23980", "2016-06-30": "41.03930", "2015-06-30": "38.37360", "2014-06-30": "47.98320", "2013-06-30": "42.63210", "2012-06-30": "69.15050", "2011-06-30": "46.20930", "2010-06-30": "46.54210", "2009-06-30": "45.34950", "2008-06-30": "45.65890", "2007-06-30": "46.52620", "2006-06-30": "40.44350", "2005-06-30": "40.41180"}, "ROE - Return On Equity": {"2020-06-30": "-2.61750", "2019-06-30": "-7.56500", "2018-06-30": "5.85380", "2017-06-30": "3.47700", "2016-06-30": "2.17140", "2015-06-30": "15.89110", "2014-06-30": "18.28770", "2013-06-30": "12.41610", "2012-06-30": "21.01970", "2011-06-30": "13.22890", "2010-06-30": "29.34810", "2009-06-30": "14.72430", "2008-06-30": "32.15880", "2007-06-30": "32.86710", "2006-06-30": "34.14000", "2005-06-30": "27.98800"}, "Return On Tangible Equity": {"2020-06-30": "17.15860", "2019-06-30": "41.42860", "2018-06-30": "-55.14710", "2017-06-30": "-16.41170", "2016-06-30": "-6.30210", "2015-06-30": "23.93400", "2014-06-30": "27.74060", "2013-06-30": "18.37270", "2012-06-30": "32.93160", "2011-06-30": "13.78660", "2010-06-30": "30.88270", "2009-06-30": "15.85700", "2008-06-30": "34.69390", "2007-06-30": "32.94390", "2006-06-30": "34.14000", "2005-06-30": "28.49250"}, "ROA - Return On Assets": {"2020-06-30": "-0.97420", "2019-06-30": "-2.85930", "2018-06-30": "2.30890", "2017-06-30": "1.32950", "2016-06-30": "0.73640", "2015-06-30": "9.65720", "2014-06-30": "10.43290", "2013-06-30": "6.98200", "2012-06-30": "11.34730", "2011-06-30": "8.94310", "2010-06-30": "18.85920", "2009-06-30": "8.88300", "2008-06-30": "17.78460", "2007-06-30": "19.44160", "2006-06-30": "18.93580", "2005-06-30": "12.33790"}, "ROI - Return On Investment": {"2020-06-30": "-1.32700", "2019-06-30": "-3.73030", "2018-06-30": "2.99680", "2017-06-30": "1.63130", "2016-06-30": "0.97560", "2015-06-30": "12.88710", "2014-06-30": "14.49570", "2013-06-30": "10.18920", "2012-06-30": "16.74980", "2011-06-30": "12.87690", "2010-06-30": "27.62340", "2009-06-30": "13.08460", "2008-06-30": "27.28130", "2007-06-30": "32.67670", "2006-06-30": "33.58840", "2005-06-30": "26.74310"}, "Book Value Per Share": {"2020-06-30": "31.62580", "2019-06-30": "33.78640", "2018-06-30": "38.95610", "2017-06-30": "38.83670", "2016-06-30": "39.24300", "2015-06-30": "40.08260", "2014-06-30": "37.78630", "2013-06-30": "33.30380", "2012-06-30": "31.17480", "2011-06-30": "23.55370", "2010-06-30": "20.38530", "2009-06-30": "14.18670", "2008-06-30": "12.03570", "2007-06-30": "7.62670", "2006-06-30": "5.21170", "2005-06-30": "3.26330"}, "Operating Cash Flow Per Share": {"2020-06-30": -2.5328, "2019-06-30": -8.3992, "2018-06-30": 2.0856, "2017-06-30": 3.4173, "2016-06-30": -1.2657, "2015-06-30": -2.1765, "2014-06-30": -1.0425, "2013-06-30": 0.1605, "2012-06-30": 5.4758, "2011-06-30": -1.2922, "2010-06-30": 2.5605, "2009-06-30": -0.416, "2008-06-30": 3.4558, "2007-06-30": 1.0916, "2006-06-30": -0.2972, "2005-06-30": 1.9401}, "Free Cash Flow Per Share": {"2020-06-30": -2.1115, "2019-06-30": -8.3564, "2018-06-30": 1.3322, "2017-06-30": 3.9487, "2016-06-30": -1.0966, "2015-06-30": -2.1637, "2014-06-30": 0.2324, "2013-06-30": -1.0931, "2012-06-30": 6.1701, "2011-06-30": -1.4398, "2010-06-30": 1.5655, "2009-06-30": 0.1372, "2008-06-30": 2.1681, "2007-06-30": 0.8545, "2006-06-30": -0.5997, "2005-06-30": 1.0461}}, "financial ratios, quarterly": {"Current Ratio": {"2020-09-30": "2.03320", "2020-06-30": "2.05360", "2020-03-31": "1.91300", "2019-12-31": "1.92480", "2019-09-30": "1.98230", "2019-06-30": "2.22090", "2019-03-31": "2.11350", "2018-12-31": "2.23950", "2018-09-30": "2.41070", "2018-06-30": "2.38730", "2018-03-31": "2.38650", "2017-12-31": "2.55300", "2017-09-30": "2.64490", "2017-06-30": "2.54510", "2017-03-31": "2.39340", "2016-12-31": "2.34980", "2016-09-30": "2.32790", "2016-06-30": "1.81090", "2016-03-31": "3.14280", "2015-12-31": "2.75750", "2015-09-30": "2.67870", "2015-06-30": "2.62910", "2015-03-31": "2.61930", "2014-12-31": "2.63300", "2014-09-30": "2.29450", "2014-06-30": "2.26790", "2014-03-31": "2.21670", "2013-12-31": "1.79390", "2013-09-30": "1.86600", "2013-06-30": "1.91240", "2013-03-31": "2.27530", "2012-12-31": "2.15720", "2012-09-30": "1.94480", "2012-06-30": "1.77110", "2012-03-31": "1.64170", "2011-12-31": "3.47810", "2011-09-30": "2.51740", "2011-06-30": "2.52860", "2011-03-31": "2.58300", "2010-12-31": "2.38810", "2010-09-30": "2.28200", "2010-06-30": "2.33320", "2010-03-31": "2.44150", "2009-12-31": "2.20030", "2009-09-30": "2.14410", "2009-06-30": "2.11800", "2009-03-31": "2.05340", "2008-12-31": "1.96670", "2008-09-30": "1.84710", "2008-06-30": "1.74620", "2008-03-31": "1.75970", "2007-12-31": "1.12800", "2007-09-30": "0.99350", "2007-06-30": "1.79560", "2007-03-31": "1.81670", "2006-12-31": "1.76700", "2006-09-30": "1.72810", "2006-06-30": "1.72590", "2006-03-31": "1.69080", "2005-12-31": "1.62130", "2005-09-30": "1.48180", "2005-06-30": "1.44000", "2005-03-31": "1.48450"}, "Long-term Debt / Capital": {"2020-09-30": "0.48690", "2020-06-30": "0.49300", "2020-03-31": "0.50270", "2019-12-31": "0.50440", "2019-09-30": "0.51010", "2019-06-30": "0.50690", "2019-03-31": "0.50230", "2018-12-31": "0.48730", "2018-09-30": "0.49000", "2018-06-30": "0.48810", "2018-03-31": "0.49500", "2017-12-31": "0.51100", "2017-09-30": "0.51630", "2017-06-30": "0.53080", "2017-03-31": "0.53920", "2016-12-31": "0.54670", "2016-09-30": "0.54780", "2016-06-30": "0.55070", "2016-03-31": "0.17230", "2015-12-31": "0.17750", "2015-09-30": "0.18430", "2015-06-30": "0.18900", "2015-03-31": "0.19280", "2014-12-31": "0.19860", "2014-09-30": "0.20290", "2014-06-30": "0.20740", "2014-03-31": "0.21090", "2013-12-31": "0.15800", "2013-09-30": "0.16810", "2013-06-30": "0.17940", "2013-03-31": "0.17470", "2012-12-31": "0.18240", "2012-09-30": "0.19100", "2012-06-30": "0.20310", "2012-03-31": "0.21350", "2011-12-31": "0.00840", "2011-09-30": "0.01720", "2011-06-30": "0.02660", "2011-03-31": "0.03630", "2010-12-31": "0.04290", "2010-09-30": "0.05060", "2010-06-30": "0.05880", "2010-03-31": "0.06830", "2009-12-31": "0.08060", "2009-09-30": "0.09620", "2009-06-30": "0.11140", "2009-03-31": "0.12440", "2008-12-31": "0.13190", "2008-09-30": "0.13800", "2008-06-30": "0.15170", "2008-03-31": "0.17230", "2007-12-31": "0.00190", "2007-09-30": "0.00390", "2007-06-30": "0.00580", "2007-03-31": "0.00840", "2006-12-31": "0.01450", "2006-09-30": "0.02230", "2006-06-30": "0.01620", "2006-03-31": "0.02390", "2005-12-31": "0.03450", "2005-09-30": "0.03900", "2005-06-30": "0.04450", "2005-03-31": "0.05380"}, "Debt/Equity Ratio": {"2020-09-30": "0.97870", "2020-06-30": "1.00250", "2020-03-31": "1.04180", "2019-12-31": "1.04840", "2019-09-30": "1.06750", "2019-06-30": "1.05570", "2019-03-31": "1.03630", "2018-12-31": "0.97270", "2018-09-30": "0.97960", "2018-06-30": "0.96890", "2018-03-31": "0.99120", "2017-12-31": "1.06910", "2017-09-30": "1.08890", "2017-06-30": "1.15180", "2017-03-31": "1.18650", "2016-12-31": "1.21810", "2016-09-30": "1.21880", "2016-06-30": "1.52480", "2016-03-31": "0.22930", "2015-12-31": "0.26210", "2015-09-30": "0.27160", "2015-06-30": "0.27730", "2015-03-31": "0.25410", "2014-12-31": "0.26150", "2014-09-30": "0.26840", "2014-06-30": "0.27570", "2014-03-31": "0.28160", "2013-12-31": "0.27280", "2013-09-30": "0.29060", "2013-06-30": "0.24770", "2013-03-31": "0.23900", "2012-12-31": "0.25800", "2012-09-30": "0.26480", "2012-06-30": "0.28490", "2012-03-31": "0.36990", "2011-12-31": "0.03900", "2011-09-30": "0.04600", "2011-06-30": "0.05360", "2011-03-31": "0.06110", "2010-12-31": "0.06780", "2010-09-30": "0.07640", "2010-06-30": "0.08490", "2010-03-31": "0.09590", "2009-12-31": "0.11130", "2009-09-30": "0.13140", "2009-06-30": "0.15100", "2009-03-31": "0.16780", "2008-12-31": "0.17250", "2008-09-30": "0.17560", "2008-06-30": "0.18880", "2008-03-31": "0.21270", "2007-12-31": "0.36440", "2007-09-30": "0.56970", "2007-06-30": "0.01280", "2007-03-31": "0.01760", "2006-12-31": "0.03440", "2006-09-30": "0.04640", "2006-06-30": "0.03800", "2006-03-31": "0.04880", "2005-12-31": "0.06350", "2005-09-30": "0.06910", "2005-06-30": "0.07530", "2005-03-31": "0.08690"}, "Gross Margin": {"2020-09-30": "23.04950", "2020-06-30": "25.26240", "2020-03-31": "24.07190", "2019-12-31": "22.08310", "2019-09-30": "18.76240", "2019-06-30": "12.79580", "2019-03-31": "15.75940", "2018-12-31": "24.66340", "2018-09-30": "33.09470", "2018-06-30": "36.19310", "2018-03-31": "38.44010", "2017-12-31": "37.72490", "2017-09-30": "36.92340", "2017-06-30": "34.71710", "2017-03-31": "32.75970", "2016-12-31": "31.36250", "2016-09-30": "28.31990", "2016-06-30": "23.49070", "2016-03-31": "26.68320", "2015-12-31": "27.31380", "2015-09-30": "28.42260", "2015-06-30": "29.14450", "2015-03-31": "29.07040", "2014-12-31": "28.54940", "2014-09-30": "29.14030", "2014-06-30": "28.18410", "2014-03-31": "29.05750", "2013-12-31": "29.10370", "2013-09-30": "28.89060", "2013-06-30": "28.16520", "2013-03-31": "28.18810", "2012-12-31": "27.69350", "2012-09-30": "29.56630", "2012-06-30": "30.96340", "2012-03-31": "32.19110", "2011-12-31": "32.48120", "2011-09-30": "20.08170", "2011-06-30": "19.51730", "2011-03-31": "18.20600", "2010-12-31": "19.19190", "2010-09-30": "18.23870", "2010-06-30": "22.46010", "2010-03-31": "25.17990", "2009-12-31": "26.23140", "2009-09-30": "23.27900", "2009-06-30": "19.18090", "2009-03-31": "15.89200", "2008-12-31": "15.90780", "2008-09-30": "20.10430", "2008-06-30": "21.37480", "2008-03-31": "22.59590", "2007-12-31": "23.27590", "2007-09-30": "18.28990", "2007-06-30": "15.00730", "2007-03-31": "15.74470", "2006-12-31": "17.85710", "2006-09-30": "17.24680", "2006-06-30": "18.89400", "2006-03-31": "19.30910", "2005-12-31": "20.41180", "2005-09-30": "17.62380", "2005-06-30": "16.97850", "2005-03-31": "18.15420"}, "Operating Margin": {"2020-09-30": "1.78480", "2020-06-30": "6.08820", "2020-03-31": "3.66470", "2019-12-31": "1.18090", "2019-09-30": "-3.19310", "2019-06-30": "-10.48430", "2019-03-31": "-10.72400", "2018-12-31": "4.15780", "2018-09-30": "13.64360", "2018-06-30": "16.47450", "2018-03-31": "18.23260", "2017-12-31": "17.89730", "2017-09-30": "17.46770", "2017-06-30": "13.46550", "2017-03-31": "11.29280", "2016-12-31": "11.14980", "2016-09-30": "4.92150", "2016-06-30": "-5.57940", "2016-03-31": "3.11840", "2015-12-31": "7.56710", "2015-09-30": "9.58330", "2015-06-30": "7.99120", "2015-03-31": "11.85920", "2014-12-31": "11.98560", "2014-09-30": "11.89450", "2014-06-30": "9.64120", "2014-03-31": "11.31520", "2013-12-31": "12.03420", "2013-09-30": "14.24820", "2013-06-30": "-5.92810", "2013-03-31": "11.07860", "2012-12-31": "12.50000", "2012-09-30": "14.67160", "2012-06-30": "16.99620", "2012-03-31": "17.85830", "2011-12-31": "8.12030", "2011-09-30": "9.61400", "2011-06-30": "7.15770", "2011-03-31": "7.01600", "2010-12-31": "9.69700", "2010-09-30": "8.80630", "2010-06-30": "12.25860", "2010-03-31": "16.69820", "2009-12-31": "18.06030", "2009-09-30": "14.44750", "2009-06-30": "10.78280", "2009-03-31": "3.83170", "2008-12-31": "0.87770", "2008-09-30": "11.09530", "2008-06-30": "12.09230", "2008-03-31": "14.11650", "2007-12-31": "15.06350", "2007-09-30": "7.64440", "2007-06-30": "5.78330", "2007-03-31": "8.15600", "2006-12-31": "8.54340", "2006-09-30": "7.83230", "2006-06-30": "8.66360", "2006-03-31": "8.85740", "2005-12-31": "9.31070", "2005-09-30": "6.73270", "2005-06-30": "3.88050", "2005-03-31": "7.68560"}, "EBIT Margin": {"2020-09-30": "1.78480", "2020-06-30": "6.08820", "2020-03-31": "3.66470", "2019-12-31": "1.18090", "2019-09-30": "-3.19310", "2019-06-30": "-10.48430", "2019-03-31": "-10.72400", "2018-12-31": "4.15780", "2018-09-30": "13.64360", "2018-06-30": "16.47450", "2018-03-31": "18.23260", "2017-12-31": "17.89730", "2017-09-30": "17.46770", "2017-06-30": "13.46550", "2017-03-31": "11.29280", "2016-12-31": "11.14980", "2016-09-30": "4.92150", "2016-06-30": "-5.57940", "2016-03-31": "3.11840", "2015-12-31": "7.56710", "2015-09-30": "9.58330", "2015-06-30": "7.99120", "2015-03-31": "11.85920", "2014-12-31": "11.98560", "2014-09-30": "11.89450", "2014-06-30": "9.64120", "2014-03-31": "11.31520", "2013-12-31": "12.03420", "2013-09-30": "14.24820", "2013-06-30": "-5.92810", "2013-03-31": "11.07860", "2012-12-31": "12.50000", "2012-09-30": "14.67160", "2012-06-30": "16.99620", "2012-03-31": "17.85830", "2011-12-31": "8.12030", "2011-09-30": "9.61400", "2011-06-30": "7.15770", "2011-03-31": "7.01600", "2010-12-31": "9.69700", "2010-09-30": "8.80630", "2010-06-30": "12.25860", "2010-03-31": "16.69820", "2009-12-31": "18.06030", "2009-09-30": "14.44750", "2009-06-30": "10.78280", "2009-03-31": "3.83170", "2008-12-31": "0.87770", "2008-09-30": "11.09530", "2008-06-30": "12.09230", "2008-03-31": "14.11650", "2007-12-31": "15.06350", "2007-09-30": "7.64440", "2007-06-30": "5.78330", "2007-03-31": "8.15600", "2006-12-31": "8.54340", "2006-09-30": "7.83230", "2006-06-30": "8.66360", "2006-03-31": "8.85740", "2005-12-31": "9.31070", "2005-09-30": "6.73270", "2005-06-30": "3.88050", "2005-03-31": "7.68560"}, "EBITDA Margin": {"2020-09-30": "", "2020-06-30": "", "2020-03-31": "", "2019-12-31": "", "2019-09-30": "", "2019-06-30": "", "2019-03-31": "", "2018-12-31": "", "2018-09-30": "", "2018-06-30": "", "2018-03-31": "", "2017-12-31": "", "2017-09-30": "", "2017-06-30": "", "2017-03-31": "", "2016-12-31": "", "2016-09-30": "", "2016-06-30": "", "2016-03-31": "", "2015-12-31": "", "2015-09-30": "", "2015-06-30": "", "2015-03-31": "", "2014-12-31": "", "2014-09-30": "", "2014-06-30": "", "2014-03-31": "", "2013-12-31": "", "2013-09-30": "", "2013-06-30": "", "2013-03-31": "", "2012-12-31": "", "2012-09-30": "", "2012-06-30": "", "2012-03-31": "", "2011-12-31": "", "2011-09-30": "", "2011-06-30": "", "2011-03-31": "", "2010-12-31": "", "2010-09-30": "", "2010-06-30": "", "2010-03-31": "", "2009-12-31": "", "2009-09-30": "", "2009-06-30": "", "2009-03-31": "", "2008-12-31": "", "2008-09-30": "", "2008-06-30": "", "2008-03-31": "", "2007-12-31": "", "2007-09-30": "", "2007-06-30": "", "2007-03-31": "", "2006-12-31": "", "2006-09-30": "", "2006-06-30": "", "2006-03-31": "", "2005-12-31": "", "2005-09-30": "", "2005-06-30": "", "2005-03-31": ""}, "Pre-Tax Profit Margin": {"2020-09-30": "-0.07650", "2020-06-30": "4.31540", "2020-03-31": "1.10180", "2019-12-31": "-0.94470", "2019-09-30": "-5.86630", "2019-06-30": "-13.04350", "2019-03-31": "-12.98310", "2018-12-31": "1.91350", "2018-09-30": "11.59510", "2018-06-30": "14.24660", "2018-03-31": "-2.55340", "2017-12-31": "14.50530", "2017-09-30": "13.70390", "2017-06-30": "8.57080", "2017-03-31": "6.53900", "2016-12-31": "6.56710", "2016-09-30": "-5.74880", "2016-06-30": "-13.87700", "2016-03-31": "2.83490", "2015-12-31": "7.35600", "2015-09-30": "9.34520", "2015-06-30": "7.74050", "2015-03-31": "11.60560", "2014-12-31": "11.77980", "2014-09-30": "11.66620", "2014-06-30": "9.50420", "2014-03-31": "10.96410", "2013-12-31": "11.75730", "2013-09-30": "13.98530", "2013-06-30": "-6.16950", "2013-03-31": "10.78640", "2012-12-31": "12.23850", "2012-09-30": "14.32470", "2012-06-30": "16.84900", "2012-03-31": "17.72650", "2011-12-31": "8.02010", "2011-09-30": "9.57680", "2011-06-30": "7.11610", "2011-03-31": "7.06040", "2010-12-31": "9.65660", "2010-09-30": "8.80630", "2010-06-30": "12.25860", "2010-03-31": "16.66040", "2009-12-31": "17.98400", "2009-09-30": "14.35690", "2009-06-30": "10.67910", "2009-03-31": "3.64320", "2008-12-31": "0.38400", "2008-09-30": "10.90560", "2008-06-30": "11.89160", "2008-03-31": "13.73760", "2007-12-31": "14.33760", "2007-09-30": "7.81430", "2007-06-30": "6.36900", "2007-03-31": "8.65250", "2006-12-31": "8.96360", "2006-09-30": "8.38610", "2006-06-30": "9.21660", "2006-03-31": "9.30030", "2005-12-31": "9.57920", "2005-09-30": "6.93070", "2005-06-30": "4.12500", "2005-03-31": "7.89220"}, "Net Profit Margin": {"2020-09-30": "-1.52980", "2020-06-30": "3.45230", "2020-03-31": "0.40720", "2019-12-31": "-3.28290", "2019-09-30": "-6.83170", "2019-06-30": "-5.42100", "2019-03-31": "-15.81380", "2018-12-31": "-11.50480", "2018-09-30": "10.16310", "2018-06-30": "14.77430", "2018-03-31": "1.21680", "2017-12-31": "-15.42350", "2017-09-30": "13.14420", "2017-06-30": "5.78270", "2017-03-31": "5.33450", "2016-12-31": "4.80770", "2016-09-30": "-7.76410", "2016-06-30": "-10.47210", "2016-03-31": "2.62230", "2015-12-31": "7.56710", "2015-09-30": "8.42260", "2015-06-30": "6.89440", "2015-03-31": "10.81690", "2014-12-31": "11.26540", "2014-09-30": "10.72790", "2014-06-30": "8.68260", "2014-03-31": "10.12690", "2013-12-31": "10.82580", "2013-09-30": "13.01260", "2013-06-30": "-7.10840", "2013-03-31": "10.38790", "2012-12-31": "8.76050", "2012-09-30": "12.86250", "2012-06-30": "15.67100", "2012-03-31": "15.91430", "2011-12-31": "7.26820", "2011-09-30": "8.87160", "2011-06-30": "6.57510", "2011-03-31": "6.48310", "2010-12-31": "9.09090", "2010-09-30": "8.22200", "2010-06-30": "11.12510", "2010-03-31": "15.14580", "2009-12-31": "16.38030", "2009-09-30": "13.04350", "2009-06-30": "10.10890", "2009-03-31": "3.14070", "2008-12-31": "0.76800", "2008-09-30": "10.00470", "2008-06-30": "10.68740", "2008-03-31": "13.26390", "2007-12-31": "13.83850", "2007-09-30": "3.90710", "2007-06-30": "15.51980", "2007-03-31": "8.58160", "2006-12-31": "8.96360", "2006-09-30": "8.14870", "2006-06-30": "11.05990", "2006-03-31": "9.03450", "2005-12-31": "9.31070", "2005-09-30": "6.83170", "2005-06-30": "4.12500", "2005-03-31": "7.69650"}, "Asset Turnover": {"2020-09-30": "0.15440", "2020-06-30": "0.16710", "2020-03-31": "0.16370", "2019-12-31": "0.16370", "2019-09-30": "0.15370", "2019-06-30": "0.13780", "2019-03-31": "0.13650", "2018-12-31": "0.15150", "2018-09-30": "0.17520", "2018-06-30": "0.17500", "2018-03-31": "0.17280", "2017-12-31": "0.17880", "2017-09-30": "0.16980", "2017-06-30": "0.16220", "2017-03-31": "0.15790", "2016-12-31": "0.16870", "2016-09-30": "0.16250", "2016-06-30": "0.10640", "2016-03-31": "0.18880", "2015-12-31": "0.21450", "2015-09-30": "0.22020", "2015-06-30": "0.21030", "2015-03-31": "0.23390", "2014-12-31": "0.25680", "2014-09-30": "0.25190", "2014-06-30": "0.23560", "2014-03-31": "0.24150", "2013-12-31": "0.25990", "2013-09-30": "0.25690", "2013-06-30": "0.26560", "2013-03-31": "0.27030", "2012-12-31": "0.27450", "2012-09-30": "0.28470", "2012-06-30": "0.33460", "2012-03-31": "0.20920", "2011-12-31": "0.25550", "2011-09-30": "0.31820", "2011-06-30": "0.29600", "2011-03-31": "0.28730", "2010-12-31": "0.31560", "2010-09-30": "0.31300", "2010-06-30": "0.32510", "2010-03-31": "0.37730", "2009-12-31": "0.39770", "2009-09-30": "0.37750", "2009-06-30": "0.36460", "2009-03-31": "0.31890", "2008-12-31": "0.36670", "2008-09-30": "0.41420", "2008-06-30": "0.40880", "2008-03-31": "0.46470", "2007-12-31": "0.47910", "2007-09-30": "0.40370", "2007-06-30": "0.47090", "2007-03-31": "0.53150", "2006-12-31": "0.56220", "2006-09-30": "0.54370", "2006-06-30": "0.52010", "2006-03-31": "0.58450", "2005-12-31": "0.62810", "2005-09-30": "0.59390", "2005-06-30": "0.59210", "2005-03-31": "0.61730"}, "Inventory Turnover Ratio": {"2020-09-30": "0.89960", "2020-06-30": "1.04360", "2020-03-31": "1.02560", "2019-12-31": "1.05670", "2019-09-30": "0.99850", "2019-06-30": "0.96530", "2019-03-31": "0.89970", "2018-12-31": "0.93060", "2018-09-30": "1.07860", "2018-06-30": "1.10900", "2018-03-31": "1.15580", "2017-12-31": "1.45680", "2017-09-30": "1.41960", "2017-06-30": "1.35030", "2017-03-31": "1.38690", "2016-12-31": "1.60910", "2016-09-30": "1.60220", "2016-06-30": "1.25600", "2016-03-31": "1.68620", "2015-12-31": "1.94750", "2015-09-30": "1.90870", "2015-06-30": "1.65280", "2015-03-31": "1.90470", "2014-12-31": "2.16690", "2014-09-30": "2.19650", "2014-06-30": "2.13870", "2014-03-31": "2.05720", "2013-12-31": "2.17790", "2013-09-30": "2.17440", "2013-06-30": "2.25420", "2013-03-31": "2.25810", "2012-12-31": "2.29650", "2012-09-30": "2.17940", "2012-06-30": "2.71240", "2012-03-31": "1.60530", "2011-12-31": "2.89060", "2011-09-30": "3.33800", "2011-06-30": "3.35180", "2011-03-31": "3.20910", "2010-12-31": "3.52110", "2010-09-30": "3.49200", "2010-06-30": "3.29820", "2010-03-31": "3.89740", "2009-12-31": "4.26490", "2009-09-30": "4.28860", "2009-06-30": "4.14630", "2009-03-31": "3.47790", "2008-12-31": "3.43720", "2008-09-30": "3.53250", "2008-06-30": "3.43640", "2008-03-31": "3.59120", "2007-12-31": "3.68410", "2007-09-30": "3.13020", "2007-06-30": "4.48260", "2007-03-31": "4.88890", "2006-12-31": "4.42640", "2006-09-30": "4.84260", "2006-06-30": "4.29270", "2006-03-31": "5.12950", "2005-12-31": "5.28220", "2005-09-30": "4.81480", "2005-06-30": "5.10730", "2005-03-31": "5.55650"}, "Receiveable Turnover": {"2020-09-30": "1.87030", "2020-06-30": "1.80200", "2020-03-31": "2.11070", "2019-12-31": "2.36400", "2019-09-30": "2.79010", "2019-06-30": "3.01830", "2019-03-31": "3.00410", "2018-12-31": "2.46820", "2018-09-30": "2.26590", "2018-06-30": "2.32910", "2018-03-31": "2.49280", "2017-12-31": "2.60040", "2017-09-30": "2.46600", "2017-06-30": "2.48560", "2017-03-31": "2.38660", "2016-12-31": "2.43910", "2016-09-30": "2.33020", "2016-06-30": "2.39220", "2016-03-31": "2.25040", "2015-12-31": "2.01030", "2015-09-30": "2.07920", "2015-06-30": "2.08290", "2015-03-31": "2.09320", "2014-12-31": "2.06810", "2014-09-30": "2.05900", "2014-06-30": "1.83560", "2014-03-31": "2.05490", "2013-12-31": "2.02760", "2013-09-30": "2.12400", "2013-06-30": "2.07920", "2013-03-31": "2.21410", "2012-12-31": "2.20790", "2012-09-30": "2.06820", "2012-06-30": "2.01100", "2012-03-31": "1.27680", "2011-12-31": "2.67070", "2011-09-30": "1.98670", "2011-06-30": "1.99250", "2011-03-31": "1.92310", "2010-12-31": "1.98000", "2010-09-30": "1.80830", "2010-06-30": "1.89650", "2010-03-31": "2.10100", "2009-12-31": "1.91870", "2009-09-30": "1.95230", "2009-06-30": "2.08320", "2009-03-31": "1.93200", "2008-12-31": "1.96870", "2008-09-30": "1.94920", "2008-06-30": "1.97330", "2008-03-31": "2.08190", "2007-12-31": "2.02950", "2007-09-30": "1.79290", "2007-06-30": "1.95980", "2007-03-31": "1.97200", "2006-12-31": "2.13770", "2006-09-30": "2.05860", "2006-06-30": "2.25570", "2006-03-31": "2.33650", "2005-12-31": "2.60800", "2005-09-30": "2.14710", "2005-06-30": "2.33460", "2005-03-31": "2.30780"}, "Days Sales In Receivables": {"2020-09-30": "48.12090", "2020-06-30": "49.94400", "2020-03-31": "42.63950", "2019-12-31": "38.07040", "2019-09-30": "32.25740", "2019-06-30": "29.81840", "2019-03-31": "29.95920", "2018-12-31": "36.46350", "2018-09-30": "39.71960", "2018-06-30": "38.64180", "2018-03-31": "36.10410", "2017-12-31": "34.61020", "2017-09-30": "36.49680", "2017-06-30": "36.20820", "2017-03-31": "37.71130", "2016-12-31": "36.89850", "2016-09-30": "38.62330", "2016-06-30": "37.62230", "2016-03-31": "39.99290", "2015-12-31": "44.76940", "2015-09-30": "43.28570", "2015-06-30": "43.20900", "2015-03-31": "42.99720", "2014-12-31": "43.51850", "2014-09-30": "43.71040", "2014-06-30": "49.03040", "2014-03-31": "43.79690", "2013-12-31": "44.38820", "2013-09-30": "42.37380", "2013-06-30": "43.28590", "2013-03-31": "40.64820", "2012-12-31": "40.76360", "2012-09-30": "43.51670", "2012-06-30": "44.75390", "2012-03-31": "70.48770", "2011-12-31": "33.69930", "2011-09-30": "45.30070", "2011-06-30": "45.16850", "2011-03-31": "46.79840", "2010-12-31": "45.45450", "2010-09-30": "49.77050", "2010-06-30": "47.45590", "2010-03-31": "42.83610", "2009-12-31": "46.90720", "2009-09-30": "46.10050", "2009-06-30": "43.20370", "2009-03-31": "46.58290", "2008-12-31": "45.71590", "2008-09-30": "46.17350", "2008-06-30": "45.60960", "2008-03-31": "43.23070", "2007-12-31": "44.34660", "2007-09-30": "50.19820", "2007-06-30": "45.92240", "2007-03-31": "45.63830", "2006-12-31": "42.10080", "2006-09-30": "43.71840", "2006-06-30": "39.89860", "2006-03-31": "38.51900", "2005-12-31": "34.50940", "2005-09-30": "41.91680", "2005-06-30": "38.55090", "2005-03-31": "38.99770"}, "ROE - Return On Equity": {"2020-09-30": "-0.62660", "2020-06-30": "1.54960", "2020-03-31": "0.18390", "2019-12-31": "-1.48200", "2019-09-30": "-2.88520", "2019-06-30": "-1.97650", "2019-03-31": "-5.68830", "2018-12-31": "-4.46300", "2018-09-30": "4.49230", "2018-06-30": "6.55620", "2018-03-31": "0.53980", "2017-12-31": "-7.30130", "2017-09-30": "5.64720", "2017-06-30": "2.45230", "2017-03-31": "2.24820", "2016-12-31": "2.18970", "2016-09-30": "-3.39680", "2016-06-30": "-3.28400", "2016-03-31": "0.77010", "2015-12-31": "2.62630", "2015-09-30": "3.03130", "2015-06-30": "2.38640", "2015-03-31": "4.16220", "2014-12-31": "4.82270", "2014-09-30": "4.71940", "2014-06-30": "3.58520", "2014-03-31": "4.27690", "2013-12-31": "5.01220", "2013-09-30": "5.99780", "2013-06-30": "-3.35740", "2013-03-31": "4.64210", "2012-12-31": "4.06210", "2012-09-30": "6.45760", "2012-06-30": "9.71440", "2012-03-31": "6.51290", "2011-12-31": "2.44810", "2011-09-30": "4.17610", "2011-06-30": "2.87900", "2011-03-31": "2.74640", "2010-12-31": "4.36130", "2010-09-30": "4.01140", "2010-06-30": "5.62750", "2010-03-31": "9.02730", "2009-12-31": "10.74920", "2009-09-30": "8.17490", "2009-06-30": "6.10900", "2009-03-31": "1.67110", "2008-12-31": "0.47930", "2008-09-30": "7.30860", "2008-06-30": "7.90060", "2008-03-31": "11.58460", "2007-12-31": "14.33950", "2007-09-30": "3.86120", "2007-06-30": "12.35430", "2007-03-31": "7.87760", "2006-12-31": "8.98250", "2006-09-30": "8.09750", "2006-06-30": "10.37170", "2006-03-31": "9.92220", "2005-12-31": "11.63310", "2005-09-30": "8.88370", "2005-06-30": "5.54050", "2005-03-31": "10.68200"}, "Return On Tangible Equity": {"2020-09-30": "4.79620", "2020-06-30": "-10.15790", "2020-03-31": "-0.87220", "2019-12-31": "6.94650", "2019-09-30": "13.54270", "2019-06-30": "10.82420", "2019-03-31": "32.65880", "2018-12-31": "37.17560", "2018-09-30": "-46.41240", "2018-06-30": "-61.76470", "2018-03-31": "-3.51590", "2017-12-31": "40.46210", "2017-09-30": "-43.68190", "2017-06-30": "-11.57500", "2017-03-31": "-7.93600", "2016-12-31": "-6.28010", "2016-09-30": "9.18910", "2016-06-30": "9.53130", "2016-03-31": "1.12550", "2015-12-31": "3.86210", "2015-09-30": "4.52730", "2015-06-30": "3.59420", "2015-03-31": "6.31480", "2014-12-31": "7.11390", "2014-09-30": "7.05240", "2014-06-30": "5.43830", "2014-03-31": "6.61260", "2013-12-31": "7.93800", "2013-09-30": "8.86140", "2013-06-30": "-4.96810", "2013-03-31": "6.72630", "2012-12-31": "5.94920", "2012-09-30": "9.70640", "2012-06-30": "15.21960", "2012-03-31": "10.22220", "2011-12-31": "2.53980", "2011-09-30": "4.34150", "2011-06-30": "3.00040", "2011-03-31": "2.86840", "2010-12-31": "4.56480", "2010-09-30": "4.21120", "2010-06-30": "5.92180", "2010-03-31": "9.49670", "2009-12-31": "11.38230", "2009-09-30": "8.73260", "2009-06-30": "6.57890", "2009-03-31": "1.81090", "2008-12-31": "0.51190", "2008-09-30": "7.83510", "2008-06-30": "8.52340", "2008-03-31": "12.55610", "2007-12-31": "15.61700", "2007-09-30": "4.31250", "2007-06-30": "12.38320", "2007-03-31": "8.13170", "2006-12-31": "9.22190", "2006-09-30": "8.29310", "2006-06-30": "10.37170", "2006-03-31": "10.09500", "2005-12-31": "11.90070", "2005-09-30": "9.00670", "2005-06-30": "5.64040", "2005-03-31": "10.94960"}, "ROA - Return On Assets": {"2020-09-30": "-0.23620", "2020-06-30": "0.57670", "2020-03-31": "0.06660", "2019-12-31": "-0.53750", "2019-09-30": "-1.05020", "2019-06-30": "-0.74710", "2019-03-31": "-2.15880", "2018-12-31": "-1.74310", "2018-09-30": "1.78020", "2018-06-30": "2.58590", "2018-03-31": "0.21030", "2017-12-31": "-2.75800", "2017-09-30": "2.23240", "2017-06-30": "0.93770", "2017-03-31": "0.84220", "2016-12-31": "0.81100", "2016-09-30": "-1.26160", "2016-06-30": "-1.11370", "2016-03-31": "0.49510", "2015-12-31": "1.62290", "2015-09-30": "1.85440", "2015-06-30": "1.45020", "2015-03-31": "2.53030", "2014-12-31": "2.89320", "2014-09-30": "2.70250", "2014-06-30": "2.04530", "2014-03-31": "2.44590", "2013-12-31": "2.81380", "2013-09-30": "3.34320", "2013-06-30": "-1.88800", "2013-03-31": "2.80750", "2012-12-31": "2.40510", "2012-09-30": "3.66220", "2012-06-30": "5.24430", "2012-03-31": "3.32870", "2011-12-31": "1.85730", "2011-09-30": "2.82270", "2011-06-30": "1.94630", "2011-03-31": "1.86250", "2010-12-31": "2.86880", "2010-09-30": "2.57350", "2010-06-30": "3.61630", "2010-03-31": "5.71430", "2009-12-31": "6.51480", "2009-09-30": "4.92390", "2009-06-30": "3.68550", "2009-03-31": "1.00160", "2008-12-31": "0.28160", "2008-09-30": "4.14380", "2008-06-30": "4.36920", "2008-03-31": "6.16330", "2007-12-31": "6.63040", "2007-09-30": "1.57750", "2007-06-30": "7.30780", "2007-03-31": "4.56090", "2006-12-31": "5.03940", "2006-09-30": "4.43010", "2006-06-30": "5.75260", "2006-03-31": "5.28030", "2005-12-31": "5.84800", "2005-09-30": "4.05760", "2005-06-30": "2.44240", "2005-03-31": "4.75140"}, "ROI - Return On Investment": {"2020-09-30": "-0.32150", "2020-06-30": "0.78560", "2020-03-31": "0.09150", "2019-12-31": "-0.73440", "2019-09-30": "-1.41340", "2019-06-30": "-0.97460", "2019-03-31": "-2.83100", "2018-12-31": "-2.28830", "2018-09-30": "2.29100", "2018-06-30": "3.35640", "2018-03-31": "0.27260", "2017-12-31": "-3.57070", "2017-09-30": "2.73140", "2017-06-30": "1.15060", "2017-03-31": "1.03600", "2016-12-31": "0.99260", "2016-09-30": "-1.53590", "2016-06-30": "-1.47550", "2016-03-31": "0.63740", "2015-12-31": "2.16030", "2015-09-30": "2.47270", "2015-06-30": "1.93530", "2015-03-31": "3.35990", "2014-12-31": "3.86520", "2014-09-30": "3.76200", "2014-06-30": "2.84180", "2014-03-31": "3.37470", "2013-12-31": "4.22020", "2013-09-30": "4.98940", "2013-06-30": "-2.75530", "2013-03-31": "3.83110", "2012-12-31": "3.32110", "2012-09-30": "5.22400", "2012-06-30": "7.74110", "2012-03-31": "5.12250", "2011-12-31": "2.42760", "2011-09-30": "4.10440", "2011-06-30": "2.80240", "2011-03-31": "2.64680", "2010-12-31": "4.17440", "2010-09-30": "3.80820", "2010-06-30": "5.29680", "2010-03-31": "8.41040", "2009-12-31": "9.88250", "2009-09-30": "7.38840", "2009-06-30": "5.42870", "2009-03-31": "1.46330", "2008-12-31": "0.41600", "2008-09-30": "6.30040", "2008-06-30": "6.70230", "2008-03-31": "9.58900", "2007-12-31": "14.31250", "2007-09-30": "3.84620", "2007-06-30": "12.28270", "2007-03-31": "7.81150", "2006-12-31": "8.85200", "2006-09-30": "7.91700", "2006-06-30": "10.20410", "2006-03-31": "9.68480", "2005-12-31": "11.23230", "2005-09-30": "8.53750", "2005-06-30": "5.29400", "2005-03-31": "10.10710"}, "Book Value Per Share": {"2020-09-30": "31.50000", "2020-06-30": "31.62580", "2020-03-31": "30.81000", "2019-12-31": "31.36790", "2019-09-30": "32.10070", "2019-06-30": "33.78640", "2019-03-31": "34.86010", "2018-12-31": "37.49830", "2018-09-30": "39.35990", "2018-06-30": "38.95610", "2018-03-31": "37.79260", "2017-12-31": "37.95290", "2017-09-30": "40.87800", "2017-06-30": "38.83670", "2017-03-31": "37.90720", "2016-12-31": "37.26390", "2016-09-30": "37.80700", "2016-06-30": "39.24300", "2016-03-31": "41.24040", "2015-12-31": "41.19400", "2015-09-30": "40.41560", "2015-06-30": "40.08260", "2015-03-31": "39.93940", "2014-12-31": "39.14660", "2014-09-30": "38.30340", "2014-06-30": "37.78630", "2014-03-31": "37.31060", "2013-12-31": "36.19830", "2013-09-30": "34.97030", "2013-06-30": "33.30380", "2013-03-31": "35.39080", "2012-12-31": "34.21990", "2012-09-30": "33.07410", "2012-06-30": "31.17480", "2012-03-31": "28.41380", "2011-12-31": "25.20430", "2011-09-30": "24.45730", "2011-06-30": "23.55370", "2011-03-31": "22.91380", "2010-12-31": "22.23710", "2010-09-30": "21.35220", "2010-06-30": "20.38530", "2010-03-31": "19.34930", "2009-12-31": "17.50440", "2009-09-30": "15.65780", "2009-06-30": "14.18670", "2009-03-31": "13.29780", "2008-12-31": "12.98220", "2008-09-30": "12.83110", "2008-06-30": "12.03570", "2008-03-31": "10.74220", "2007-12-31": "9.45330", "2007-09-30": "7.93160", "2007-06-30": "7.62670", "2007-03-31": "6.78750", "2006-12-31": "6.38150", "2006-09-30": "5.73750", "2006-06-30": "5.21170", "2006-03-31": "4.66000", "2005-12-31": "4.11030", "2005-09-30": "3.60080", "2005-06-30": "3.26330", "2005-03-31": "3.12050"}, "Operating Cash Flow Per Share": {"2020-09-30": "1.19800", "2020-06-30": 0.6133, "2020-03-31": 0.4404, "2019-12-31": 0.8567, "2019-09-30": "0.85470", "2019-06-30": 0.5787, "2019-03-31": 0.6709, "2018-12-31": 1.6825, "2018-09-30": "2.36580", "2018-06-30": 2.8464, "2018-03-31": 3.0298, "2017-12-31": 4.1183, "2017-09-30": "3.70260", "2017-06-30": 3.257, "2017-03-31": 3.2525, "2016-12-31": 3.5581, "2016-09-30": "1.54390", "2016-06-30": 1.2369, "2016-03-31": 2.0727, "2015-12-31": 2.5555, "2015-09-30": "2.32910", "2015-06-30": 2.0277, "2015-03-31": 2.9364, "2014-12-31": 1.05, "2014-09-30": "3.44580", "2014-06-30": 2.9422, "2014-03-31": 2.9082, "2013-12-31": 2.9761, "2013-09-30": "2.80990", "2013-06-30": 2.7401, "2013-03-31": 2.9957, "2012-12-31": 3.2288, "2012-09-30": "3.71430", "2012-06-30": 4.6404, "2012-03-31": 4.7978, "2011-12-31": 1.595, "2011-09-30": "1.48520", "2011-06-30": 1.924, "2011-03-31": 1.3101, "2010-12-31": 2.1418, "2010-09-30": "1.66670", "2010-06-30": 1.5869, "2010-03-31": 2.4763, "2009-12-31": 2.3846, "2009-09-30": "1.88700", "2009-06-30": 1.5442, "2009-03-31": 1.5471, "2008-12-31": 1.3511, "2008-09-30": "1.33190", "2008-06-30": 1.0405, "2008-03-31": 1.8843, "2007-12-31": 2.2878, "2007-09-30": "0.97770", "2007-06-30": 0.6814, "2007-03-31": 0.7257, "2006-12-31": 0.8163, "2006-09-30": "0.51110", "2006-06-30": 0.4667, "2006-03-31": 0.4251, "2005-12-31": 0.5701, "2005-09-30": "0.18100", "2005-06-30": 0.3507, "2005-03-31": 1.5894}, "Free Cash Flow Per Share": {"2020-09-30": "0.10890", "2020-06-30": -0.1321, "2020-03-31": 0.0382, "2019-12-31": 0.323, "2019-09-30": "0.36490", "2019-06-30": 0.4487, "2019-03-31": -0.0777, "2018-12-31": 0.8983, "2018-09-30": "1.43620", "2018-06-30": 2.221, "2018-03-31": 2.3916, "2017-12-31": 3.2532, "2017-09-30": "3.19610", "2017-06-30": 2.82, "2017-03-31": 2.9267, "2016-12-31": 3.0812, "2016-09-30": "0.90180", "2016-06-30": 0.6742, "2016-03-31": 1.5042, "2015-12-31": 1.9188, "2015-09-30": "1.68380", "2015-06-30": 1.3479, "2015-03-31": 2.2902, "2014-12-31": -0.2313, "2014-09-30": "3.47080", "2014-06-30": 2.2768, "2014-03-31": 2.2378, "2013-12-31": 2.2788, "2013-09-30": "2.24790", "2013-06-30": 2.2007, "2013-03-31": 2.218, "2012-12-31": 2.1918, "2012-09-30": "2.19840", "2012-06-30": 3.6215, "2012-03-31": 4.2678, "2011-12-31": 1.0929, "2011-09-30": "0.91980", "2011-06-30": 1.2616, "2011-03-31": 0.5767, "2010-12-31": 1.0816, "2010-09-30": "0.81200", "2010-06-30": 0.7828, "2010-03-31": 1.7337, "2009-12-31": 1.5335, "2009-09-30": "1.12170", "2009-06-30": 1.1814, "2009-03-31": 1.09, "2008-12-31": 0.7198, "2008-09-30": "0.61500", "2008-06-30": 0.3853, "2008-03-31": 1.2872, "2007-12-31": 1.5465, "2007-09-30": "0.25000", "2007-06-30": 0.3009, "2007-03-31": 0.4204, "2006-12-31": 0.3307, "2006-09-30": "0.24890", "2006-06-30": 0.1424, "2006-03-31": 0.0597, "2005-12-31": 0.2895, "2005-09-30": "-0.04520", "2005-06-30": 0.1563, "2005-03-31": 0.8898}}, "revenue": {"Western Digital Annual Revenue (Millions of US $)": {"2020": "$16,736", "2019": "$16,569", "2018": "$20,647", "2017": "$19,093", "2016": "$12,994", "2015": "$14,572", "2014": "$15,130", "2013": "$15,351", "2012": "$12,478", "2011": "$9,526", "2010": "$9,850", "2009": "$7,453", "2008": "$8,074", "2007": "$5,468", "2006": "$4,341", "2005": "$3,639"}, "Western Digital Quarterly Revenue (Millions of US $)": {"2020-12-31": "$3,943", "2020-09-30": "$3,922", "2020-06-30": "$4,287", "2020-03-31": "$4,175", "2019-12-31": "$4,234", "2019-09-30": "$4,040", "2019-06-30": "$3,634", "2019-03-31": "$3,674", "2018-12-31": "$4,233", "2018-09-30": "$5,028", "2018-06-30": "$5,117", "2018-03-31": "$5,013", "2017-12-31": "$5,336", "2017-09-30": "$5,181", "2017-06-30": "$4,842", "2017-03-31": "$4,649", "2016-12-31": "$4,888", "2016-09-30": "$4,714", "2016-06-30": "$3,495", "2016-03-31": "$2,822", "2015-12-31": "$3,317", "2015-09-30": "$3,360", "2015-06-30": "$3,191", "2015-03-31": "$3,550", "2014-12-31": "$3,888", "2014-09-30": "$3,943", "2014-06-30": "$3,651", "2014-03-31": "$3,703", "2013-12-31": "$3,972", "2013-09-30": "$3,804", "2013-06-30": "$3,728", "2013-03-31": "$3,764", "2012-12-31": "$3,824", "2012-09-30": "$4,035", "2012-06-30": "$4,754", "2012-03-31": "$3,035", "2011-12-31": "$1,995", "2011-09-30": "$2,694", "2011-06-30": "$2,403", "2011-03-31": "$2,252", "2010-12-31": "$2,475", "2010-09-30": "$2,396", "2010-06-30": "$2,382", "2010-03-31": "$2,641", "2009-12-31": "$2,619", "2009-09-30": "$2,208", "2009-06-30": "$1,929", "2009-03-31": "$1,592", "2008-12-31": "$1,823", "2008-09-30": "$2,109", "2008-06-30": "$1,993", "2008-03-31": "$2,111", "2007-12-31": "$2,204", "2007-09-30": "$1,766", "2007-06-30": "$1,366", "2007-03-31": "$1,410", "2006-12-31": "$1,428", "2006-09-30": "$1,264", "2006-06-30": "$1,085", "2006-03-31": "$1,129", "2005-12-31": "$1,117", "2005-09-30": "$1,010", "2005-06-30": "$941", "2005-03-31": "$920"}}, "gross-profit": {"Western Digital Annual Gross Profit (Millions of US $)": {"2020": "$3,781", "2019": "$3,752", "2018": "$7,705", "2017": "$6,072", "2016": "$3,435", "2015": "$4,221", "2014": "$4,360", "2013": "$4,363", "2012": "$3,638", "2011": "$1,791", "2010": "$2,401", "2009": "$1,337", "2008": "$1,739", "2007": "$900", "2006": "$829", "2005": "$590"}, "Western Digital Quarterly Gross Profit (Millions of US $)": {"2020-12-31": "$960", "2020-09-30": "$904", "2020-06-30": "$1,083", "2020-03-31": "$1,005", "2019-12-31": "$935", "2019-09-30": "$758", "2019-06-30": "$465", "2019-03-31": "$579", "2018-12-31": "$1,044", "2018-09-30": "$1,664", "2018-06-30": "$1,852", "2018-03-31": "$1,927", "2017-12-31": "$2,013", "2017-09-30": "$1,913", "2017-06-30": "$1,681", "2017-03-31": "$1,523", "2016-12-31": "$1,533", "2016-09-30": "$1,335", "2016-06-30": "$821", "2016-03-31": "$753", "2015-12-31": "$906", "2015-09-30": "$955", "2015-06-30": "$930", "2015-03-31": "$1,032", "2014-12-31": "$1,110", "2014-09-30": "$1,149", "2014-06-30": "$1,029", "2014-03-31": "$1,076", "2013-12-31": "$1,156", "2013-09-30": "$1,099", "2013-06-30": "$1,050", "2013-03-31": "$1,061", "2012-12-31": "$1,059", "2012-09-30": "$1,193", "2012-06-30": "$1,472", "2012-03-31": "$977", "2011-12-31": "$648", "2011-09-30": "$541", "2011-06-30": "$469", "2011-03-31": "$410", "2010-12-31": "$475", "2010-09-30": "$437", "2010-06-30": "$535", "2010-03-31": "$665", "2009-12-31": "$687", "2009-09-30": "$514", "2009-06-30": "$370", "2009-03-31": "$253", "2008-12-31": "$290", "2008-09-30": "$424", "2008-06-30": "$426", "2008-03-31": "$477", "2007-12-31": "$513", "2007-09-30": "$323", "2007-06-30": "$205", "2007-03-31": "$222", "2006-12-31": "$255", "2006-09-30": "$218", "2006-06-30": "$205", "2006-03-31": "$218", "2005-12-31": "$228", "2005-09-30": "$178", "2005-06-30": "$160", "2005-03-31": "$167"}}, "operating-income": {"Western Digital Annual Operating Income (Millions of US $)": {"2020": "$335", "2019": "$87", "2018": "$3,617", "2017": "$1,954", "2016": "$466", "2015": "$1,611", "2014": "$1,791", "2013": "$1,266", "2012": "$1,771", "2011": "$781", "2010": "$1,525", "2009": "$519", "2008": "$1,006", "2007": "$415", "2006": "$366", "2005": "$195"}, "Western Digital Quarterly Operating Income (Millions of US $)": {"2020-12-31": "$158", "2020-09-30": "$70", "2020-06-30": "$261", "2020-03-31": "$153", "2019-12-31": "$50", "2019-09-30": "$-129", "2019-06-30": "$-381", "2019-03-31": "$-394", "2018-12-31": "$176", "2018-09-30": "$686", "2018-06-30": "$843", "2018-03-31": "$914", "2017-12-31": "$955", "2017-09-30": "$905", "2017-06-30": "$652", "2017-03-31": "$525", "2016-12-31": "$545", "2016-09-30": "$232", "2016-06-30": "$-195", "2016-03-31": "$88", "2015-12-31": "$251", "2015-09-30": "$322", "2015-06-30": "$255", "2015-03-31": "$421", "2014-12-31": "$466", "2014-09-30": "$469", "2014-06-30": "$352", "2014-03-31": "$419", "2013-12-31": "$478", "2013-09-30": "$542", "2013-06-30": "$-221", "2013-03-31": "$417", "2012-12-31": "$478", "2012-09-30": "$592", "2012-06-30": "$808", "2012-03-31": "$542", "2011-12-31": "$162", "2011-09-30": "$259", "2011-06-30": "$172", "2011-03-31": "$158", "2010-12-31": "$240", "2010-09-30": "$211", "2010-06-30": "$292", "2010-03-31": "$441", "2009-12-31": "$473", "2009-09-30": "$319", "2009-06-30": "$208", "2009-03-31": "$61", "2008-12-31": "$16", "2008-09-30": "$234", "2008-06-30": "$241", "2008-03-31": "$298", "2007-12-31": "$332", "2007-09-30": "$135", "2007-06-30": "$79", "2007-03-31": "$115", "2006-12-31": "$122", "2006-09-30": "$99", "2006-06-30": "$94", "2006-03-31": "$100", "2005-12-31": "$104", "2005-09-30": "$68", "2005-06-30": "$37", "2005-03-31": "$71"}}, "ebitda": {"Western Digital Annual EBITDA (Millions of US $)": {"2020": "$1,941", "2019": "$1,937", "2018": "$5,894", "2017": "$4,367", "2016": "$1,659", "2015": "$2,725", "2014": "$3,035", "2013": "$2,499", "2012": "$2,596", "2011": "$1,383", "2010": "$2,035", "2009": "$998", "2008": "$1,419", "2007": "$625", "2006": "$526", "2005": "$326"}, "Western Digital Quarterly EBITDA (Millions of US $)": {"2020-09-30": "$454", "2020-06-30": "$648", "2020-03-31": "$547", "2019-12-31": "$459", "2019-09-30": "$287", "2019-06-30": "$45", "2019-03-31": "$59", "2018-12-31": "$658", "2018-09-30": "$1,175", "2018-06-30": "$1,345", "2018-03-31": "$1,598", "2017-12-31": "$1,503", "2017-09-30": "$1,448", "2017-06-30": "$1,208", "2017-03-31": "$1,102", "2016-12-31": "$1,070", "2016-09-30": "$987", "2016-06-30": "$261", "2016-03-31": "$335", "2015-12-31": "$504", "2015-09-30": "$559", "2015-06-30": "$505", "2015-03-31": "$706", "2014-12-31": "$756", "2014-09-30": "$758", "2014-06-30": "$660", "2014-03-31": "$726", "2013-12-31": "$795", "2013-09-30": "$854", "2013-06-30": "$81", "2013-03-31": "$726", "2012-12-31": "$787", "2012-09-30": "$905", "2012-06-30": "$1,147", "2012-03-31": "$730", "2011-12-31": "$302", "2011-09-30": "$417", "2011-06-30": "$322", "2011-03-31": "$309", "2010-12-31": "$391", "2010-09-30": "$361", "2010-06-30": "$426", "2010-03-31": "$570", "2009-12-31": "$599", "2009-09-30": "$440", "2009-06-30": "$329", "2009-03-31": "$180", "2008-12-31": "$138", "2008-09-30": "$351", "2008-06-30": "$354", "2008-03-31": "$409", "2007-12-31": "$443", "2007-09-30": "$213", "2007-06-30": "$140", "2007-03-31": "$170", "2006-12-31": "$171", "2006-09-30": "$144", "2006-06-30": "$138", "2006-03-31": "$142", "2005-12-31": "$142", "2005-09-30": "$104", "2005-06-30": "$72", "2005-03-31": "$105"}}, "net-income": {"Western Digital Annual Net Income (Millions of US $)": {"2020": "$-250", "2019": "$-754", "2018": "$675", "2017": "$397", "2016": "$242", "2015": "$1,465", "2014": "$1,617", "2013": "$980", "2012": "$1,612", "2011": "$726", "2010": "$1,382", "2009": "$470", "2008": "$867", "2007": "$564", "2006": "$395", "2005": "$196"}, "Western Digital Quarterly Net Income (Millions of US $)": {"2020-12-31": "$62", "2020-09-30": "$-60", "2020-06-30": "$148", "2020-03-31": "$17", "2019-12-31": "$-139", "2019-09-30": "$-276", "2019-06-30": "$-197", "2019-03-31": "$-581", "2018-12-31": "$-487", "2018-09-30": "$511", "2018-06-30": "$756", "2018-03-31": "$61", "2017-12-31": "$-823", "2017-09-30": "$681", "2017-06-30": "$280", "2017-03-31": "$248", "2016-12-31": "$235", "2016-09-30": "$-366", "2016-06-30": "$-366", "2016-03-31": "$74", "2015-12-31": "$251", "2015-09-30": "$283", "2015-06-30": "$220", "2015-03-31": "$384", "2014-12-31": "$438", "2014-09-30": "$423", "2014-06-30": "$317", "2014-03-31": "$375", "2013-12-31": "$430", "2013-09-30": "$495", "2013-06-30": "$-265", "2013-03-31": "$391", "2012-12-31": "$335", "2012-09-30": "$519", "2012-06-30": "$745", "2012-03-31": "$483", "2011-12-31": "$145", "2011-09-30": "$239", "2011-06-30": "$158", "2011-03-31": "$146", "2010-12-31": "$225", "2010-09-30": "$197", "2010-06-30": "$265", "2010-03-31": "$400", "2009-12-31": "$429", "2009-09-30": "$288", "2009-06-30": "$195", "2009-03-31": "$50", "2008-12-31": "$14", "2008-09-30": "$211", "2008-06-30": "$213", "2008-03-31": "$280", "2007-12-31": "$305", "2007-09-30": "$69", "2007-06-30": "$212", "2007-03-31": "$121", "2006-12-31": "$128", "2006-09-30": "$103", "2006-06-30": "$120", "2006-03-31": "$102", "2005-12-31": "$104", "2005-09-30": "$69", "2005-06-30": "$39", "2005-03-31": "$71"}}, "eps-earnings-per-share-diluted": {"Western Digital Annual EPS": {"2020": "$-0.84", "2019": "$-2.58", "2018": "$2.20", "2017": "$1.34", "2016": "$1.00", "2015": "$6.18", "2014": "$6.68", "2013": "$3.98", "2012": "$6.58", "2011": "$3.09", "2010": "$5.93", "2009": "$2.08", "2008": "$3.84", "2007": "$2.50", "2006": "$1.76", "2005": "$0.90"}, "Western Digital Quarterly EPS": {"2020-12-31": "$0.20", "2020-09-30": "$-0.20", "2020-06-30": "$0.50", "2020-03-31": "$0.06", "2019-12-31": "$-0.47", "2019-09-30": "$-0.93", "2019-06-30": "$-0.62", "2019-03-31": "$-1.99", "2018-12-31": "$-1.68", "2018-09-30": "$1.71", "2018-06-30": "$2.55", "2018-03-31": "$0.20", "2017-12-31": "$-2.78", "2017-09-30": "$2.23", "2017-06-30": "$0.99", "2017-03-31": "$0.83", "2016-12-31": "$0.80", "2016-09-30": "$-1.28", "2016-06-30": "$-1.60", "2016-03-31": "$0.32", "2015-12-31": "$1.07", "2015-09-30": "$1.21", "2015-06-30": "$0.95", "2015-03-31": "$1.63", "2014-12-31": "$1.84", "2014-09-30": "$1.76", "2014-06-30": "$1.31", "2014-03-31": "$1.55", "2013-12-31": "$1.77", "2013-09-30": "$2.05", "2013-06-30": "$-1.04", "2013-03-31": "$1.60", "2012-12-31": "$1.36", "2012-09-30": "$2.06", "2012-06-30": "$3.00", "2012-03-31": "$1.96", "2011-12-31": "$0.61", "2011-09-30": "$1.01", "2011-06-30": "$0.67", "2011-03-31": "$0.62", "2010-12-31": "$0.96", "2010-09-30": "$0.84", "2010-06-30": "$1.12", "2010-03-31": "$1.71", "2009-12-31": "$1.85", "2009-09-30": "$1.25", "2009-06-30": "$0.87", "2009-03-31": "$0.22", "2008-12-31": "$0.06", "2008-09-30": "$0.93", "2008-06-30": "$0.95", "2008-03-31": "$1.23", "2007-12-31": "$1.35", "2007-09-30": "$0.31", "2007-06-30": "$0.94", "2007-03-31": "$0.53", "2006-12-31": "$0.57", "2006-09-30": "$0.46", "2006-06-30": "$0.53", "2006-03-31": "$0.45", "2005-12-31": "$0.47", "2005-09-30": "$0.31", "2005-06-30": "$0.18", "2005-03-31": "$0.32"}}, "shares-outstanding": {"Western Digital Annual Shares Outstanding (Millions of Shares)": {"2020": "298", "2019": "292", "2018": "307", "2017": "296", "2016": "242", "2015": "237", "2014": "242", "2013": "246", "2012": "245", "2011": "235", "2010": "233", "2009": "226", "2008": "226", "2007": "226", "2006": "224", "2005": "217"}, "Western Digital Quarterly Shares Outstanding (Millions of Shares)": {"2020-12-31": "307", "2020-09-30": "303", "2020-06-30": "298", "2020-03-31": "303", "2019-12-31": "298", "2019-09-30": "296", "2019-06-30": "292", "2019-03-31": "292", "2018-12-31": "290", "2018-09-30": "298", "2018-06-30": "307", "2018-03-31": "308", "2017-12-31": "296", "2017-09-30": "306", "2017-06-30": "296", "2017-03-31": "299", "2016-12-31": "294", "2016-09-30": "285", "2016-06-30": "242", "2016-03-31": "234", "2015-12-31": "234", "2015-09-30": "234", "2015-06-30": "237", "2015-03-31": "236", "2014-12-31": "238", "2014-09-30": "240", "2014-06-30": "242", "2014-03-31": "242", "2013-12-31": "243", "2013-09-30": "242", "2013-06-30": "246", "2013-03-31": "245", "2012-12-31": "246", "2012-09-30": "252", "2012-06-30": "245", "2012-03-31": "246", "2011-12-31": "237", "2011-09-30": "237", "2011-06-30": "235", "2011-03-31": "236", "2010-12-31": "235", "2010-09-30": "234", "2010-06-30": "233", "2010-03-31": "234", "2009-12-31": "232", "2009-09-30": "230", "2009-06-30": "226", "2009-03-31": "226", "2008-12-31": "224", "2008-09-30": "226", "2008-06-30": "226", "2008-03-31": "227", "2007-12-31": "226", "2007-09-30": "224", "2007-06-30": "226", "2007-03-31": "226", "2006-12-31": "226", "2006-09-30": "225", "2006-06-30": "224", "2006-03-31": "227", "2005-12-31": "221", "2005-09-30": "221", "2005-06-30": "217", "2005-03-31": "219"}}, "total-assets": {"Western Digital Annual Total Assets (Millions of US $)": {"2020": "$25,662", "2019": "$26,370", "2018": "$29,235", "2017": "$29,860", "2016": "$32,862", "2015": "$15,170", "2014": "$15,499", "2013": "$14,036", "2012": "$14,206", "2011": "$8,118", "2010": "$7,328", "2009": "$5,291", "2008": "$4,875", "2007": "$2,901", "2006": "$2,086", "2005": "$1,589"}, "Western Digital Quarterly Total Assets (Millions of US $)": {"2020-09-30": "$25,402", "2020-06-30": "$25,662", "2020-03-31": "$25,509", "2019-12-31": "$25,860", "2019-09-30": "$26,280", "2019-06-30": "$26,370", "2019-03-31": "$26,913", "2018-12-31": "$27,939", "2018-09-30": "$28,705", "2018-06-30": "$29,235", "2018-03-31": "$29,004", "2017-12-31": "$29,840", "2017-09-30": "$30,505", "2017-06-30": "$29,860", "2017-03-31": "$29,448", "2016-12-31": "$28,975", "2016-09-30": "$29,010", "2016-06-30": "$32,862", "2016-03-31": "$14,947", "2015-12-31": "$15,466", "2015-09-30": "$15,261", "2015-06-30": "$15,170", "2015-03-31": "$15,176", "2014-12-31": "$15,139", "2014-09-30": "$15,652", "2014-06-30": "$15,499", "2014-03-31": "$15,332", "2013-12-31": "$15,282", "2013-09-30": "$14,806", "2013-06-30": "$14,036", "2013-03-31": "$13,927", "2012-12-31": "$13,929", "2012-09-30": "$14,172", "2012-06-30": "$14,206", "2012-03-31": "$14,510", "2011-12-31": "$7,807", "2011-09-30": "$8,467", "2011-06-30": "$8,118", "2011-03-31": "$7,839", "2010-12-31": "$7,843", "2010-09-30": "$7,655", "2010-06-30": "$7,328", "2010-03-31": "$7,000", "2009-12-31": "$6,585", "2009-09-30": "$5,849", "2009-06-30": "$5,291", "2009-03-31": "$4,992", "2008-12-31": "$4,971", "2008-09-30": "$5,092", "2008-06-30": "$4,875", "2008-03-31": "$4,543", "2007-12-31": "$4,600", "2007-09-30": "$4,374", "2007-06-30": "$2,901", "2007-03-31": "$2,653", "2006-12-31": "$2,540", "2006-09-30": "$2,325", "2006-06-30": "$2,086", "2006-03-31": "$1,932", "2005-12-31": "$1,778", "2005-09-30": "$1,701", "2005-06-30": "$1,589", "2005-03-31": "$1,490"}}, "cash-on-hand": {"Western Digital Annual Cash on Hand (Millions of US $)": {"2020": "$3,048", "2019": "$3,455", "2018": "$5,005", "2017": "$6,354", "2016": "$8,378", "2015": "$5,286", "2014": "$5,088", "2013": "$4,309", "2012": "$3,208", "2011": "$3,490", "2010": "$2,734", "2009": "$1,794", "2008": "$1,104", "2007": "$907", "2006": "$699", "2005": "$598"}, "Western Digital Quarterly Cash on Hand (Millions of US $)": {"2020-09-30": "$2,995", "2020-06-30": "$3,048", "2020-03-31": "$2,943", "2019-12-31": "$3,137", "2019-09-30": "$3,248", "2019-06-30": "$3,455", "2019-03-31": "$3,682", "2018-12-31": "$4,013", "2018-09-30": "$4,646", "2018-06-30": "$5,005", "2018-03-31": "$4,983", "2017-12-31": "$6,295", "2017-09-30": "$6,921", "2017-06-30": "$6,354", "2017-03-31": "$5,677", "2016-12-31": "$5,101", "2016-09-30": "$4,325", "2016-06-30": "$8,378", "2016-03-31": "$6,033", "2015-12-31": "$5,860", "2015-09-30": "$5,428", "2015-06-30": "$5,286", "2015-03-31": "$5,040", "2014-12-31": "$5,143", "2014-09-30": "$5,381", "2014-06-30": "$5,088", "2014-03-31": "$4,865", "2013-12-31": "$4,655", "2013-09-30": "$4,869", "2013-06-30": "$4,309", "2013-03-31": "$4,060", "2012-12-31": "$3,816", "2012-09-30": "$3,537", "2012-06-30": "$3,208", "2012-03-31": "$3,377", "2011-12-31": "$3,924", "2011-09-30": "$3,675", "2011-06-30": "$3,490", "2011-03-31": "$3,230", "2010-12-31": "$3,110", "2010-09-30": "$2,858", "2010-06-30": "$2,734", "2010-03-31": "$2,826", "2009-12-31": "$2,435", "2009-09-30": "$2,056", "2009-06-30": "$1,794", "2009-03-31": "$1,579", "2008-12-31": "$1,376", "2008-09-30": "$1,215", "2008-06-30": "$1,104", "2008-03-31": "$949", "2007-12-31": "$967", "2007-09-30": "$851", "2007-06-30": "$907", "2007-03-31": "$875", "2006-12-31": "$830", "2006-09-30": "$751", "2006-06-30": "$699", "2006-03-31": "$674", "2005-12-31": "$645", "2005-09-30": "$581", "2005-06-30": "$598", "2005-03-31": "$574"}}, "long-term-debt": {"Western Digital Annual Long Term Debt (Millions of US $)": {"2020": "$9,289", "2019": "$10,246", "2018": "$10,993", "2017": "$12,918", "2016": "$13,660", "2015": "$2,149", "2014": "$2,313", "2013": "$1,725", "2012": "$1,955", "2011": "$150", "2010": "$294", "2009": "$400", "2008": "$482", "2007": "$10", "2006": "$19", "2005": "$33"}, "Western Digital Quarterly Long Term Debt (Millions of US $)": {"2020-09-30": "$9,086", "2020-06-30": "$9,289", "2020-03-31": "$9,343", "2019-12-31": "$9,547", "2019-09-30": "$9,961", "2019-06-30": "$10,246", "2019-03-31": "$10,309", "2018-12-31": "$10,370", "2018-09-30": "$10,930", "2018-06-30": "$10,993", "2018-03-31": "$11,076", "2017-12-31": "$11,777", "2017-09-30": "$12,873", "2017-06-30": "$12,918", "2017-03-31": "$12,907", "2016-12-31": "$12,944", "2016-09-30": "$13,055", "2016-06-30": "$13,660", "2016-03-31": "$2,000", "2015-12-31": "$2,062", "2015-09-30": "$2,109", "2015-06-30": "$2,149", "2015-03-31": "$2,203", "2014-12-31": "$2,250", "2014-09-30": "$2,281", "2014-06-30": "$2,313", "2014-03-31": "$2,344", "2013-12-31": "$1,610", "2013-09-30": "$1,668", "2013-06-30": "$1,725", "2013-03-31": "$1,783", "2012-12-31": "$1,840", "2012-09-30": "$1,898", "2012-06-30": "$1,955", "2012-03-31": "$2,013", "2011-12-31": "$50", "2011-09-30": "$100", "2011-06-30": "$150", "2011-03-31": "$200", "2010-12-31": "$231", "2010-09-30": "$262", "2010-06-30": "$294", "2010-03-31": "$325", "2009-12-31": "$350", "2009-09-30": "$375", "2009-06-30": "$400", "2009-03-31": "$425", "2008-12-31": "$444", "2008-09-30": "$462", "2008-06-30": "$482", "2008-03-31": "$503", "2007-12-31": "$4", "2007-09-30": "$7", "2007-06-30": "$10", "2007-03-31": "$13", "2006-12-31": "$21", "2006-09-30": "$29", "2006-06-30": "$19", "2006-03-31": "$25", "2005-12-31": "$32", "2005-09-30": "$32", "2005-06-30": "$33", "2005-03-31": "$38"}}, "total-liabilities": {"Western Digital Annual Total Liabilities (Millions of US $)": {"2020": "$16,111", "2019": "$16,403", "2018": "$17,704", "2017": "$18,442", "2016": "$21,717", "2015": "$5,951", "2014": "$6,657", "2013": "$6,143", "2012": "$6,537", "2011": "$2,630", "2010": "$2,619", "2009": "$2,099", "2008": "$2,179", "2007": "$1,185", "2006": "$929", "2005": "$888"}, "Western Digital Quarterly Total Liabilities (Millions of US $)": {"2020-09-30": "$15,826", "2020-06-30": "$16,111", "2020-03-31": "$16,266", "2019-12-31": "$16,481", "2019-09-30": "$16,714", "2019-06-30": "$16,403", "2019-03-31": "$16,699", "2018-12-31": "$17,027", "2018-09-30": "$17,330", "2018-06-30": "$17,704", "2018-03-31": "$17,704", "2017-12-31": "$18,568", "2017-09-30": "$18,446", "2017-06-30": "$18,442", "2017-03-31": "$18,417", "2016-12-31": "$18,243", "2016-09-30": "$18,235", "2016-06-30": "$21,717", "2016-03-31": "$5,338", "2015-12-31": "$5,909", "2015-09-30": "$5,925", "2015-06-30": "$5,951", "2015-03-31": "$5,950", "2014-12-31": "$6,057", "2014-09-30": "$6,689", "2014-06-30": "$6,657", "2014-03-31": "$6,564", "2013-12-31": "$6,703", "2013-09-30": "$6,553", "2013-06-30": "$6,143", "2013-03-31": "$5,504", "2012-12-31": "$5,682", "2012-09-30": "$6,135", "2012-06-30": "$6,537", "2012-03-31": "$7,094", "2011-12-31": "$1,884", "2011-09-30": "$2,744", "2011-06-30": "$2,630", "2011-03-31": "$2,523", "2010-12-31": "$2,684", "2010-09-30": "$2,744", "2010-06-30": "$2,619", "2010-03-31": "$2,569", "2009-12-31": "$2,594", "2009-09-30": "$2,326", "2009-06-30": "$2,099", "2009-03-31": "$2,000", "2008-12-31": "$2,050", "2008-09-30": "$2,205", "2008-06-30": "$2,179", "2008-03-31": "$2,126", "2007-12-31": "$2,473", "2007-09-30": "$2,587", "2007-06-30": "$1,185", "2007-03-31": "$1,117", "2006-12-31": "$1,115", "2006-09-30": "$1,053", "2006-06-30": "$929", "2006-03-31": "$904", "2005-12-31": "$884", "2005-09-30": "$924", "2005-06-30": "$888", "2005-03-31": "$827"}}, "total-share-holder-equity": {"Western Digital Annual Share Holder Equity (Millions of US $)": {"2020": "$9,551", "2019": "$9,967", "2018": "$11,531", "2017": "$11,418", "2016": "$11,145", "2015": "$9,219", "2014": "$8,842", "2013": "$7,893", "2012": "$7,669", "2011": "$5,488", "2010": "$4,709", "2009": "$3,192", "2008": "$2,696", "2007": "$1,716", "2006": "$1,157", "2005": "$700"}, "Western Digital Quarterly Share Holder Equity (Millions of US $)": {"2020-09-30": "$9,576", "2020-06-30": "$9,551", "2020-03-31": "$9,243", "2019-12-31": "$9,379", "2019-09-30": "$9,566", "2019-06-30": "$9,967", "2019-03-31": "$10,214", "2018-12-31": "$10,912", "2018-09-30": "$11,375", "2018-06-30": "$11,531", "2018-03-31": "$11,300", "2017-12-31": "$11,272", "2017-09-30": "$12,059", "2017-06-30": "$11,418", "2017-03-31": "$11,031", "2016-12-31": "$10,732", "2016-09-30": "$10,775", "2016-06-30": "$11,145", "2016-03-31": "$9,609", "2015-12-31": "$9,557", "2015-09-30": "$9,336", "2015-06-30": "$9,219", "2015-03-31": "$9,226", "2014-12-31": "$9,082", "2014-09-30": "$8,963", "2014-06-30": "$8,842", "2014-03-31": "$8,768", "2013-12-31": "$8,579", "2013-09-30": "$8,253", "2013-06-30": "$7,893", "2013-03-31": "$8,423", "2012-12-31": "$8,247", "2012-09-30": "$8,037", "2012-06-30": "$7,669", "2012-03-31": "$7,416", "2011-12-31": "$5,923", "2011-09-30": "$5,723", "2011-06-30": "$5,488", "2011-03-31": "$5,316", "2010-12-31": "$5,159", "2010-09-30": "$4,911", "2010-06-30": "$4,709", "2010-03-31": "$4,431", "2009-12-31": "$3,991", "2009-09-30": "$3,523", "2009-06-30": "$3,192", "2009-03-31": "$2,992", "2008-12-31": "$2,921", "2008-09-30": "$2,887", "2008-06-30": "$2,696", "2008-03-31": "$2,417", "2007-12-31": "$2,127", "2007-09-30": "$1,787", "2007-06-30": "$1,716", "2007-03-31": "$1,536", "2006-12-31": "$1,425", "2006-09-30": "$1,272", "2006-06-30": "$1,157", "2006-03-31": "$1,028", "2005-12-31": "$894", "2005-09-30": "$777", "2005-06-30": "$700", "2005-03-31": "$663"}}, "profit-margins": {"current": "1.02%"}, "gross margin": {"2020-12-31": "24.21%", "2020-09-30": "23.63%", "2020-06-30": "22.59%", "2020-03-31": "19.67%", "2019-12-31": "17.57%", "2019-09-30": "18.27%", "2019-06-30": "22.64%", "2019-03-31": "28.47%", "2018-12-31": "33.45%", "2018-09-30": "36.38%", "2018-06-30": "37.32%", "2018-03-31": "36.98%", "2017-12-31": "35.64%", "2017-09-30": "34.00%", "2017-06-30": "31.80%", "2017-03-31": "29.37%", "2016-12-31": "27.90%", "2016-09-30": "26.59%", "2016-06-30": "26.44%", "2016-03-31": "27.93%", "2015-12-31": "28.49%", "2015-09-30": "28.79%", "2015-06-30": "28.97%", "2015-03-31": "28.74%", "2014-12-31": "28.74%", "2014-09-30": "28.88%", "2014-06-30": "28.82%", "2014-03-31": "28.81%", "2013-12-31": "28.60%", "2013-09-30": "28.23%", "2013-06-30": "28.42%", "2013-03-31": "29.22%", "2012-12-31": "30.04%", "2012-09-30": "31.04%", "2012-06-30": "29.16%", "2012-03-31": "26.02%", "2011-12-31": "22.13%", "2011-09-30": "19.29%", "2011-06-30": "18.80%", "2011-03-31": "19.54%", "2010-12-31": "21.35%", "2010-09-30": "23.15%", "2010-06-30": "24.38%", "2010-03-31": "23.79%", "2009-12-31": "21.85%", "2009-09-30": "18.90%", "2009-06-30": "17.94%", "2009-03-31": "18.53%", "2008-12-31": "20.12%", "2008-09-30": "21.86%", "2008-06-30": "21.54%", "2008-03-31": "20.38%", "2007-12-31": "18.72%", "2007-09-30": "16.83%", "2007-06-30": "16.46%", "2007-03-31": "17.35%", "2006-12-31": "18.26%", "2006-09-30": "18.91%", "2006-06-30": "19.10%", "2006-03-31": "18.68%", "2005-12-31": "18.38%"}, "operating margin": {"2020-12-31": "3.93%", "2020-09-30": "3.21%", "2020-06-30": "2.00%", "2020-03-31": "-1.91%", "2019-12-31": "-5.48%", "2019-09-30": "-4.67%", "2019-06-30": "0.53%", "2019-03-31": "7.26%", "2018-12-31": "13.51%", "2018-09-30": "16.58%", "2018-06-30": "17.52%", "2018-03-31": "16.82%", "2017-12-31": "15.18%", "2017-09-30": "13.43%", "2017-06-30": "10.23%", "2017-03-31": "6.24%", "2016-12-31": "4.21%", "2016-09-30": "2.62%", "2016-06-30": "3.59%", "2016-03-31": "7.22%", "2015-12-31": "9.31%", "2015-09-30": "10.47%", "2015-06-30": "11.06%", "2015-03-31": "11.36%", "2014-12-31": "11.23%", "2014-09-30": "11.25%", "2014-06-30": "11.84%", "2014-03-31": "8.01%", "2013-12-31": "7.96%", "2013-09-30": "8.04%", "2013-06-30": "8.25%", "2013-03-31": "14.01%", "2012-12-31": "15.47%", "2012-09-30": "15.23%", "2012-06-30": "14.19%", "2012-03-31": "11.21%", "2011-12-31": "8.04%", "2011-09-30": "8.44%", "2011-06-30": "8.20%", "2011-03-31": "9.48%", "2010-12-31": "11.97%", "2010-09-30": "14.12%", "2010-06-30": "15.48%", "2010-03-31": "15.33%", "2009-12-31": "12.71%", "2009-09-30": "8.00%", "2009-06-30": "6.96%", "2009-03-31": "7.34%", "2008-12-31": "9.82%", "2008-09-30": "13.13%", "2008-06-30": "12.46%", "2008-03-31": "11.33%", "2007-12-31": "9.80%", "2007-09-30": "7.55%", "2007-06-30": "7.59%", "2007-03-31": "8.29%", "2006-12-31": "8.46%", "2006-09-30": "8.64%", "2006-06-30": "8.43%", "2006-03-31": "7.36%", "2005-12-31": "7.02%"}, "ebitda margin": {"2020-09-30": "12.69%", "2020-06-30": "11.60%", "2020-03-31": "8.32%", "2019-12-31": "5.46%", "2019-09-30": "6.73%", "2019-06-30": "11.69%", "2019-03-31": "17.93%", "2018-12-31": "24.63%", "2018-09-30": "27.43%", "2018-06-30": "28.55%", "2018-03-31": "28.26%", "2017-12-31": "26.29%", "2017-09-30": "24.68%", "2017-06-30": "22.87%", "2017-03-31": "19.27%", "2016-12-31": "16.67%", "2016-09-30": "14.55%", "2016-06-30": "12.77%", "2016-03-31": "15.00%", "2015-12-31": "16.95%", "2015-09-30": "18.06%", "2015-06-30": "18.70%", "2015-03-31": "19.16%", "2014-12-31": "19.10%", "2014-09-30": "19.25%", "2014-06-30": "20.06%", "2014-03-31": "16.15%", "2013-12-31": "16.09%", "2013-09-30": "16.19%", "2013-06-30": "16.28%", "2013-03-31": "21.77%", "2012-12-31": "22.81%", "2012-09-30": "22.32%", "2012-06-30": "20.80%", "2012-03-31": "17.49%", "2011-12-31": "14.45%", "2011-09-30": "14.65%", "2011-06-30": "14.52%", "2011-03-31": "15.64%", "2010-12-31": "17.67%", "2010-09-30": "19.49%", "2010-06-30": "20.66%", "2010-03-31": "20.62%", "2009-12-31": "18.54%", "2009-09-30": "14.39%", "2009-06-30": "13.39%", "2009-03-31": "13.61%", "2008-12-31": "15.58%", "2008-09-30": "18.50%", "2008-06-30": "17.57%", "2008-03-31": "16.18%", "2007-12-31": "14.32%", "2007-09-30": "11.62%", "2007-06-30": "11.43%", "2007-03-31": "12.01%", "2006-12-31": "12.13%", "2006-09-30": "12.32%", "2006-06-30": "12.12%", "2006-03-31": "10.96%", "2005-12-31": "10.61%"}, "pre tax profit margin": {"2020-12-31": "1.92%", "2020-09-30": "1.13%", "2020-06-30": "-0.27%", "2020-03-31": "-4.38%", "2019-12-31": "-7.88%", "2019-09-30": "-7.10%", "2019-06-30": "-1.73%", "2019-03-31": "5.07%", "2018-12-31": "6.52%", "2018-09-30": "9.55%", "2018-06-30": "10.10%", "2018-03-31": "8.69%", "2017-12-31": "11.01%", "2017-09-30": "8.95%", "2017-06-30": "4.03%", "2017-03-31": "-0.74%", "2016-12-31": "-2.23%", "2016-09-30": "-3.01%", "2016-06-30": "1.18%", "2016-03-31": "6.97%", "2015-12-31": "9.07%", "2015-09-30": "10.23%", "2015-06-30": "10.82%", "2015-03-31": "11.16%", "2014-12-31": "11.00%", "2014-09-30": "11.00%", "2014-06-30": "11.58%", "2014-03-31": "7.73%", "2013-12-31": "7.70%", "2013-09-30": "7.78%", "2013-06-30": "7.96%", "2013-03-31": "13.76%", "2012-12-31": "15.24%", "2012-09-30": "15.03%", "2012-06-30": "14.08%", "2012-03-31": "11.13%", "2011-12-31": "8.01%", "2011-09-30": "8.42%", "2011-06-30": "8.19%", "2011-03-31": "9.48%", "2010-12-31": "11.95%", "2010-09-30": "14.09%", "2010-06-30": "15.43%", "2010-03-31": "15.26%", "2009-12-31": "12.60%", "2009-09-30": "7.79%", "2009-06-30": "6.72%", "2009-03-31": "7.08%", "2008-12-31": "9.51%", "2008-09-30": "12.75%", "2008-06-30": "12.15%", "2008-03-31": "11.16%", "2007-12-31": "9.83%", "2007-09-30": "7.96%", "2007-06-30": "8.10%", "2007-03-31": "8.79%", "2006-12-31": "8.95%", "2006-09-30": "9.10%", "2006-06-30": "8.80%", "2006-03-31": "7.65%", "2005-12-31": "7.25%"}, "net profit margin": {"2020-12-31": "1.02%", "2020-09-30": "-0.20%", "2020-06-30": "-1.49%", "2020-03-31": "-3.70%", "2019-12-31": "-7.66%", "2019-09-30": "-9.89%", "2019-06-30": "-4.55%", "2019-03-31": "1.10%", "2018-12-31": "4.34%", "2018-09-30": "2.46%", "2018-06-30": "3.27%", "2018-03-31": "0.98%", "2017-12-31": "1.93%", "2017-09-30": "7.38%", "2017-06-30": "2.08%", "2017-03-31": "-1.40%", "2016-12-31": "-2.66%", "2016-09-30": "-2.84%", "2016-06-30": "1.86%", "2016-03-31": "6.52%", "2015-12-31": "8.48%", "2015-09-30": "9.47%", "2015-06-30": "10.05%", "2015-03-31": "10.39%", "2014-12-31": "10.23%", "2014-09-30": "10.12%", "2014-06-30": "10.69%", "2014-03-31": "6.81%", "2013-12-31": "6.88%", "2013-09-30": "6.32%", "2013-06-30": "6.38%", "2013-03-31": "12.15%", "2012-12-31": "13.31%", "2012-09-30": "13.69%", "2012-06-30": "12.92%", "2012-03-31": "10.12%", "2011-12-31": "7.36%", "2011-09-30": "7.82%", "2011-06-30": "7.62%", "2011-03-31": "8.76%", "2010-12-31": "10.99%", "2010-09-30": "12.86%", "2010-06-30": "14.03%", "2010-03-31": "13.96%", "2009-12-31": "11.52%", "2009-09-30": "7.24%", "2009-06-30": "6.31%", "2009-03-31": "6.49%", "2008-12-31": "8.93%", "2008-09-30": "11.99%", "2008-06-30": "10.74%", "2008-03-31": "11.63%", "2007-12-31": "10.48%", "2007-09-30": "8.88%", "2007-06-30": "10.31%", "2007-03-31": "9.10%", "2006-12-31": "9.23%", "2006-09-30": "9.34%", "2006-06-30": "9.10%", "2006-03-31": "7.48%", "2005-12-31": "7.10%"}, "pe ratio": {"current": "23.52", "2021-02-05": "170.69", "2020-12-31": "158.26", "2020-09-30": "0.00", "2020-06-30": "0.00", "2020-03-31": "0.00", "2019-12-31": "0.00", "2019-09-30": "0.00", "2019-06-30": "0.00", "2019-03-31": "92.32", "2018-12-31": "13.06", "2018-09-30": "34.51", "2018-06-30": "34.10", "2018-03-31": "146.91", "2017-12-31": "60.36", "2017-09-30": "16.46", "2017-06-30": "62.81", "2017-03-31": "0.00", "2016-12-31": "0.00", "2016-09-30": "0.00", "2016-06-30": "33.12", "2016-03-31": "11.66", "2015-12-31": "10.70", "2015-09-30": "11.92", "2015-06-30": "10.67", "2015-03-31": "11.60", "2014-12-31": "14.20", "2014-09-30": "12.70", "2014-06-30": "11.52", "2014-03-31": "10.79", "2013-12-31": "9.75", "2013-09-30": "7.79", "2013-06-30": "7.59", "2013-03-31": "5.22", "2012-12-31": "4.20", "2012-09-30": "4.18", "2012-06-30": "3.80", "2012-03-31": "7.83", "2011-12-31": "8.56", "2011-09-30": "6.35", "2011-06-30": "9.47", "2011-03-31": "8.45", "2010-12-31": "5.88", "2010-09-30": "4.13", "2010-06-30": "4.08", "2010-03-31": "5.53", "2009-12-31": "8.50", "2009-09-30": "12.30", "2009-06-30": "10.30", "2009-03-31": "7.24", "2008-12-31": "2.91", "2008-09-30": "3.85", "2008-06-30": "7.25", "2008-03-31": "5.55", "2007-12-31": "7.55", "2007-09-30": "8.35", "2007-06-30": "6.01", "2007-03-31": "6.47", "2006-12-31": "8.19"}, "price sales": {"2021-02-05": "1.11", "2020-12-31": "1.03", "2020-09-30": "0.66", "2020-06-30": "0.79", "2020-03-31": "0.76", "2019-12-31": "1.18", "2019-09-30": "1.09", "2019-06-30": "0.82", "2019-03-31": "0.76", "2018-12-31": "0.55", "2018-09-30": "0.81", "2018-06-30": "1.06", "2018-03-31": "1.26", "2017-12-31": "1.09", "2017-09-30": "1.20", "2017-06-30": "1.24", "2017-03-31": "1.18", "2016-12-31": "1.02", "2016-09-30": "0.91", "2016-06-30": "0.76", "2016-03-31": "0.76", "2015-12-31": "0.91", "2015-09-30": "1.15", "2015-06-30": "1.09", "2015-03-31": "1.22", "2014-12-31": "1.48", "2014-09-30": "1.29", "2014-06-30": "1.23", "2014-03-31": "1.22", "2013-12-31": "1.11", "2013-09-30": "0.85", "2013-06-30": "0.82", "2013-03-31": "0.62", "2012-12-31": "0.55", "2012-09-30": "0.56", "2012-06-30": "0.48", "2012-03-31": "0.79", "2011-12-31": "0.63", "2011-09-30": "0.50", "2011-06-30": "0.72", "2011-03-31": "0.74", "2010-12-31": "0.65", "2010-09-30": "0.53", "2010-06-30": "0.57", "2010-03-31": "0.77", "2009-12-31": "0.97", "2009-09-30": "0.88", "2009-06-30": "0.65", "2009-03-31": "0.47", "2008-12-31": "0.26", "2008-09-30": "0.46", "2008-06-30": "0.78", "2008-03-31": "0.66", "2007-12-31": "0.81", "2007-09-30": "0.77", "2007-06-30": "0.64", "2007-03-31": "0.59", "2006-12-31": "0.76"}, "price book": {"current": "1.85", "2021-02-05": "1.90", "2020-09-30": "1.16", "2020-06-30": "1.40", "2020-03-31": "1.33", "2019-12-31": "1.98", "2019-09-30": "1.80", "2019-06-30": "1.37", "2019-03-31": "1.32", "2018-12-31": "0.94", "2018-09-30": "1.39", "2018-06-30": "1.85", "2018-03-31": "2.25", "2017-12-31": "1.92", "2017-09-30": "1.93", "2017-06-30": "2.07", "2017-03-31": "1.97", "2016-12-31": "1.64", "2016-09-30": "1.38", "2016-06-30": "1.06", "2016-03-31": "1.00", "2015-12-31": "1.26", "2015-09-30": "1.68", "2015-06-30": "1.67", "2015-03-31": "1.93", "2014-12-31": "2.38", "2014-09-30": "2.12", "2014-06-30": "2.04", "2014-03-31": "2.05", "2013-12-31": "1.92", "2013-09-30": "1.50", "2013-06-30": "1.53", "2013-03-31": "1.16", "2012-12-31": "1.01", "2012-09-30": "0.95", "2012-06-30": "0.79", "2012-03-31": "1.17", "2011-12-31": "0.99", "2011-09-30": "0.85", "2011-06-30": "1.24", "2011-03-31": "1.31", "2010-12-31": "1.23", "2010-09-30": "1.07", "2010-06-30": "1.19", "2010-03-31": "1.62", "2009-12-31": "2.03", "2009-09-30": "1.88", "2009-06-30": "1.50", "2009-03-31": "1.17", "2008-12-31": "0.71", "2008-09-30": "1.34", "2008-06-30": "2.31", "2008-03-31": "2.03", "2007-12-31": "2.57", "2007-09-30": "2.57", "2007-06-30": "2.04", "2007-03-31": "1.99", "2006-12-31": "2.58", "2006-09-30": "2.54", "2006-06-30": "3.06", "2006-03-31": "3.35"}, "price fcf": {"2021-02-05": "", "2020-09-30": "$0.34", "2020-06-30": "$0.59", "2020-03-31": "$1.17", "2019-12-31": "$1.06", "2019-09-30": "$1.63", "2019-06-30": "$2.71", "2019-03-31": "$4.48", "2018-12-31": "$6.95", "2018-09-30": "$9.30", "2018-06-30": "$11.06", "2018-03-31": "$11.66", "2017-12-31": "$12.20", "2017-09-30": "$12.02", "2017-06-30": "$9.73", "2017-03-31": "$7.58", "2016-12-31": "$6.16", "2016-09-30": "$5.00", "2016-06-30": "$5.78", "2016-03-31": "$6.45", "2015-12-31": "$7.24", "2015-09-30": "$5.09", "2015-06-30": "$6.88", "2015-03-31": "$7.81", "2014-12-31": "$7.75", "2014-09-30": "$10.26", "2014-06-30": "$9.04", "2014-03-31": "$8.97", "2013-12-31": "$8.95", "2013-09-30": "$8.86", "2013-06-30": "$8.81", "2013-03-31": "$10.23", "2012-12-31": "$12.28", "2012-09-30": "$11.18", "2012-06-30": "$9.90", "2012-03-31": "$7.54", "2011-12-31": "$3.85", "2011-09-30": "$3.84", "2011-06-30": "$3.73", "2011-03-31": "$3.25", "2010-12-31": "$4.41", "2010-09-30": "$4.86", "2010-06-30": "$5.17", "2010-03-31": "$5.57", "2009-12-31": "$4.93", "2009-09-30": "$4.11", "2009-06-30": "$3.61", "2009-03-31": "$2.81", "2008-12-31": "$3.01", "2008-09-30": "$3.83", "2008-06-30": "$3.47", "2008-03-31": "$3.38", "2007-12-31": "$2.52", "2007-09-30": "$1.30", "2007-06-30": "$1.30", "2007-03-31": "$1.14", "2006-12-31": "$1.03"}, "net worth": {"value": "$18.18B"}, "current ratio": {"2020-12-31": "2.01", "2020-09-30": "2.03", "2020-06-30": "2.05", "2020-03-31": "1.91", "2019-12-31": "1.93", "2019-09-30": "1.98", "2019-06-30": "2.22", "2019-03-31": "2.11", "2018-12-31": "2.24", "2018-09-30": "2.41", "2018-06-30": "2.39", "2018-03-31": "2.39", "2017-12-31": "2.55", "2017-09-30": "2.65", "2017-06-30": "2.55", "2017-03-31": "2.39", "2016-12-31": "2.35", "2016-09-30": "2.33", "2016-06-30": "1.81", "2016-03-31": "3.14", "2015-12-31": "2.76", "2015-09-30": "2.68", "2015-06-30": "2.63", "2015-03-31": "2.62", "2014-12-31": "2.63", "2014-09-30": "2.30", "2014-06-30": "2.27", "2014-03-31": "2.22", "2013-12-31": "1.79", "2013-09-30": "1.87", "2013-06-30": "1.91", "2013-03-31": "2.28", "2012-12-31": "2.16", "2012-09-30": "1.95", "2012-06-30": "1.77", "2012-03-31": "1.64", "2011-12-31": "3.48", "2011-09-30": "2.52", "2011-06-30": "2.53", "2011-03-31": "2.58", "2010-12-31": "2.39", "2010-09-30": "2.28", "2010-06-30": "2.33", "2010-03-31": "2.44", "2009-12-31": "2.20", "2009-09-30": "2.14", "2009-06-30": "2.12", "2009-03-31": "2.05", "2008-12-31": "1.97", "2008-09-30": "1.85", "2008-06-30": "1.75", "2008-03-31": "1.76", "2007-12-31": "1.13", "2007-09-30": "0.99", "2007-06-30": "1.80", "2007-03-31": "1.82", "2006-12-31": "1.77", "2006-09-30": "1.73", "2006-06-30": "1.73", "2006-03-31": "1.69", "2005-12-31": "1.62", "2005-09-30": "1.48", "2005-06-30": "1.44", "2005-03-31": "1.48"}, "quick ratio": {"2020-12-31": "1.22", "2020-09-30": "1.28", "2020-06-30": "1.36", "2020-03-31": "1.22", "2019-12-31": "1.23", "2019-09-30": "1.22", "2019-06-30": "1.36", "2019-03-31": "1.30", "2018-12-31": "1.45", "2018-09-30": "1.70", "2018-06-30": "1.73", "2018-03-31": "1.76", "2017-12-31": "2.03", "2017-09-30": "2.13", "2017-06-30": "2.01", "2017-03-31": "1.87", "2016-12-31": "1.84", "2016-09-30": "1.79", "2016-06-30": "1.51", "2016-03-31": "2.70", "2015-12-31": "2.38", "2015-09-30": "2.29", "2015-06-30": "2.21", "2015-03-31": "2.21", "2014-12-31": "2.24", "2014-09-30": "1.97", "2014-06-30": "1.95", "2014-03-31": "1.88", "2013-12-31": "1.51", "2013-09-30": "1.59", "2013-06-30": "1.61", "2013-03-31": "1.90", "2012-12-31": "1.80", "2012-09-30": "1.59", "2012-06-30": "1.47", "2012-03-31": "1.36", "2011-12-31": "3.18", "2011-09-30": "2.24", "2011-06-30": "2.26", "2011-03-31": "2.30", "2010-12-31": "2.12", "2010-09-30": "2.02", "2010-06-30": "2.06", "2010-03-31": "2.18", "2009-12-31": "1.98", "2009-09-30": "1.92", "2009-06-30": "1.87", "2009-03-31": "1.78", "2008-12-31": "1.66", "2008-09-30": "1.55", "2008-06-30": "1.46", "2008-03-31": "1.46", "2007-12-31": "0.93", "2007-09-30": "0.81", "2007-06-30": "1.57", "2007-03-31": "1.59", "2006-12-31": "1.52", "2006-09-30": "1.51", "2006-06-30": "1.49", "2006-03-31": "1.48", "2005-12-31": "1.42", "2005-09-30": "1.28", "2005-06-30": "1.25", "2005-03-31": "1.31"}, "debt equity ratio": {"current": "0.90", "2020-12-31": "1.60", "2020-09-30": "1.65", "2020-06-30": "1.69", "2020-03-31": "1.76", "2019-12-31": "1.76", "2019-09-30": "1.75", "2019-06-30": "1.65", "2019-03-31": "1.64", "2018-12-31": "1.56", "2018-09-30": "1.52", "2018-06-30": "1.54", "2018-03-31": "1.57", "2017-12-31": "1.65", "2017-09-30": "1.53", "2017-06-30": "1.62", "2017-03-31": "1.67", "2016-12-31": "1.70", "2016-09-30": "1.69", "2016-06-30": "1.95", "2016-03-31": "0.56", "2015-12-31": "0.62", "2015-09-30": "0.64", "2015-06-30": "0.65", "2015-03-31": "0.65", "2014-12-31": "0.67", "2014-09-30": "0.75", "2014-06-30": "0.75", "2014-03-31": "0.75", "2013-12-31": "0.78", "2013-09-30": "0.79", "2013-06-30": "0.78", "2013-03-31": "0.65", "2012-12-31": "0.69", "2012-09-30": "0.76", "2012-06-30": "0.85", "2012-03-31": "0.96", "2011-12-31": "0.32", "2011-09-30": "0.48", "2011-06-30": "0.48", "2011-03-31": "0.48", "2010-12-31": "0.52", "2010-09-30": "0.56", "2010-06-30": "0.56", "2010-03-31": "0.58", "2009-12-31": "0.65", "2009-09-30": "0.66", "2009-06-30": "0.66", "2009-03-31": "0.67", "2008-12-31": "0.70", "2008-09-30": "0.76", "2008-06-30": "0.81", "2008-03-31": "0.88", "2007-12-31": "1.16", "2007-09-30": "1.45", "2007-06-30": "0.69", "2007-03-31": "0.73", "2006-12-31": "0.78", "2006-09-30": "0.83", "2006-06-30": "0.80", "2006-03-31": "0.88", "2005-12-31": "0.99", "2005-09-30": "1.19", "2005-06-30": "1.27", "2005-03-31": "1.25"}, "return on equity": {"2020-12-31": "1.75%", "2020-09-30": "-0.36%", "2020-06-30": "-2.65%", "2020-03-31": "-6.24%", "2019-12-31": "-12.20%", "2019-09-30": "-15.16%", "2019-06-30": "-7.10%", "2019-03-31": "1.81%", "2018-12-31": "7.46%", "2018-09-30": "4.44%", "2018-06-30": "5.85%", "2018-03-31": "1.73%", "2017-12-31": "3.37%", "2017-09-30": "12.77%", "2017-06-30": "3.61%", "2017-03-31": "-2.28%", "2016-12-31": "-4.00%", "2016-09-30": "-3.96%", "2016-06-30": "2.44%", "2016-03-31": "8.78%", "2015-12-31": "12.19%", "2015-09-30": "14.38%", "2015-06-30": "16.06%", "2015-03-31": "17.30%", "2014-12-31": "17.42%", "2014-09-30": "17.58%", "2014-06-30": "18.78%", "2014-03-31": "12.36%", "2013-12-31": "12.68%", "2013-09-30": "11.65%", "2013-06-30": "12.02%", "2013-03-31": "24.59%", "2012-12-31": "26.55%", "2012-09-30": "26.06%", "2012-06-30": "24.12%", "2012-03-31": "16.70%", "2011-12-31": "12.26%", "2011-09-30": "14.17%", "2011-06-30": "13.91%", "2011-03-31": "16.58%", "2010-12-31": "22.63%", "2010-09-30": "28.62%", "2010-06-30": "33.19%", "2010-03-31": "34.67%", "2009-12-31": "28.09%", "2009-09-30": "17.33%", "2009-06-30": "15.68%", "2009-03-31": "16.98%", "2008-12-31": "26.30%", "2008-09-30": "39.85%", "2008-06-30": "38.42%", "2008-03-31": "43.05%", "2007-12-31": "39.46%", "2007-09-30": "32.80%", "2007-06-30": "37.92%", "2007-03-31": "35.03%", "2006-12-31": "37.12%", "2006-09-30": "39.44%", "2006-06-30": "40.98%", "2006-03-31": "36.95%", "2005-12-31": "37.31%"}, "return on assets": {"2020-12-31": "0.65%", "2020-09-30": "-0.13%", "2020-06-30": "-0.97%", "2020-03-31": "-2.29%", "2019-12-31": "-4.53%", "2019-09-30": "-5.73%", "2019-06-30": "-2.74%", "2019-03-31": "0.71%", "2018-12-31": "2.93%", "2018-09-30": "1.73%", "2018-06-30": "2.28%", "2018-03-31": "0.67%", "2017-12-31": "1.29%", "2017-09-30": "4.86%", "2017-06-30": "1.35%", "2017-03-31": "-0.83%", "2016-12-31": "-1.60%", "2016-09-30": "-1.76%", "2016-06-30": "1.23%", "2016-03-31": "5.44%", "2015-12-31": "7.45%", "2015-09-30": "8.72%", "2015-06-30": "9.59%", "2015-03-31": "10.16%", "2014-12-31": "10.08%", "2014-09-30": "10.01%", "2014-06-30": "10.62%", "2014-03-31": "6.96%", "2013-12-31": "7.24%", "2013-09-30": "6.74%", "2013-06-30": "6.99%", "2013-03-31": "14.16%", "2012-12-31": "14.66%", "2012-09-30": "14.93%", "2012-06-30": "14.33%", "2012-03-31": "10.54%", "2011-12-31": "8.54%", "2011-09-30": "9.52%", "2011-06-30": "9.23%", "2011-03-31": "10.87%", "2010-12-31": "14.58%", "2010-09-30": "18.08%", "2010-06-30": "20.66%", "2010-03-31": "21.23%", "2009-12-31": "16.94%", "2009-09-30": "10.37%", "2009-06-30": "9.24%", "2009-03-31": "9.79%", "2008-12-31": "14.74%", "2008-09-30": "21.12%", "2008-06-30": "18.86%", "2008-03-31": "21.10%", "2007-12-31": "19.47%", "2007-09-30": "17.00%", "2007-06-30": "21.65%", "2007-03-31": "19.66%", "2006-12-31": "20.40%", "2006-09-30": "21.13%", "2006-06-30": "21.08%", "2006-03-31": "17.94%", "2005-12-31": "17.26%"}, "return on investments": {"2020-12-31": "3.43%", "2020-09-30": "2.85%", "2020-06-30": "1.77%", "2020-03-31": "-1.59%", "2019-12-31": "-4.31%", "2019-09-30": "-3.57%", "2019-06-30": "0.41%", "2019-03-31": "6.05%", "2018-12-31": "11.84%", "2018-09-30": "15.06%", "2018-06-30": "15.58%", "2018-03-31": "14.47%", "2017-12-31": "12.62%", "2017-09-30": "10.85%", "2017-06-30": "8.16%", "2017-03-31": "4.60%", "2016-12-31": "3.19%", "2016-09-30": "2.09%", "2016-06-30": "3.13%", "2016-03-31": "7.96%", "2015-12-31": "10.89%", "2015-09-30": "12.85%", "2015-06-30": "14.20%", "2015-03-31": "15.13%", "2014-12-31": "15.22%", "2014-09-30": "15.73%", "2014-06-30": "16.91%", "2014-03-31": "11.93%", "2013-12-31": "12.18%", "2013-09-30": "12.21%", "2013-06-30": "12.71%", "2013-03-31": "23.04%", "2012-12-31": "24.77%", "2012-09-30": "24.07%", "2012-06-30": "22.96%", "2012-03-31": "16.90%", "2011-12-31": "13.09%", "2011-09-30": "14.83%", "2011-06-30": "14.39%", "2011-03-31": "17.10%", "2010-12-31": "23.30%", "2010-09-30": "29.41%", "2010-06-30": "33.89%", "2010-03-31": "34.75%", "2009-12-31": "27.83%", "2009-09-30": "16.93%", "2009-06-30": "15.13%", "2009-03-31": "16.59%", "2008-12-31": "24.63%", "2008-09-30": "38.18%", "2008-06-30": "40.15%", "2008-03-31": "39.39%", "2007-12-31": "36.72%", "2007-09-30": "27.69%", "2007-06-30": "27.57%", "2007-03-31": "31.43%", "2006-12-31": "33.36%", "2006-09-30": "35.64%", "2006-06-30": "36.94%", "2006-03-31": "35.11%", "2005-12-31": "35.35%"}, "return on tangible equity": {"2020-09-30": "2.04%", "2020-06-30": "13.43%", "2020-03-31": "30.48%", "2019-12-31": "62.48%", "2019-09-30": "88.73%", "2019-06-30": "50.18%", "2019-03-31": "-14.70%", "2018-12-31": "-62.64%", "2018-09-30": "-33.15%", "2018-06-30": "-41.21%", "2018-03-31": "-10.27%", "2017-12-31": "-16.90%", "2017-09-30": "-53.26%", "2017-06-30": "-11.97%", "2017-03-31": "6.78%", "2016-12-31": "33.91%", "2016-09-30": "-31.00%", "2016-06-30": "6.25%", "2016-03-31": "13.02%", "2015-12-31": "18.24%", "2015-09-30": "21.54%", "2015-06-30": "24.06%", "2015-03-31": "25.96%", "2014-12-31": "26.26%", "2014-09-30": "26.97%", "2014-06-30": "28.74%", "2014-03-31": "18.81%", "2013-12-31": "18.98%", "2013-09-30": "17.10%", "2013-06-30": "17.72%", "2013-03-31": "36.71%", "2012-12-31": "40.43%", "2012-09-30": "36.60%", "2012-06-30": "30.95%", "2012-03-31": "19.34%", "2011-12-31": "12.76%", "2011-09-30": "14.78%", "2011-06-30": "14.55%", "2011-03-31": "17.38%", "2010-12-31": "23.77%", "2010-09-30": "30.14%", "2010-06-30": "35.09%", "2010-03-31": "36.85%", "2009-12-31": "30.08%", "2009-09-30": "18.61%", "2009-06-30": "16.86%", "2009-03-31": "18.26%", "2008-12-31": "28.28%", "2008-09-30": "43.05%", "2008-06-30": "41.87%", "2008-03-31": "46.22%", "2007-12-31": "41.88%", "2007-09-30": "34.26%", "2007-06-30": "38.70%", "2007-03-31": "35.79%", "2006-12-31": "37.77%", "2006-09-30": "40.07%", "2006-06-30": "41.50%", "2006-03-31": "37.63%", "2005-12-31": "38.05%"}, "dividend yield history": {"last payout": "$0.00", "last yield": "0.00%"}}