{"ticker": "WST", "price": {"title": "West Pharmaceutical Services Historical Annual Stock Price Data", "value": 291.35, "historical": {"2021": {"Average Stock Price": "297.5488", "Year Open": "285.5700", "Year High": "307.5300", "Year Low": "285.5700", "Year Close": "291.3500", "Annual % Change": "2.84%"}, "2020": {"Average Stock Price": "224.5663", "Year Open": "151.7400", "Year High": "301.6600", "Year Low": "128.9600", "Year Close": "283.3100", "Annual % Change": "88.46%"}, "2019": {"Average Stock Price": "126.6320", "Year Open": "96.4100", "Year High": "151.2100", "Year Low": "94.5300", "Year Close": "150.3300", "Annual % Change": "53.35%"}, "2018": {"Average Stock Price": "101.5871", "Year Open": "99.5000", "Year High": "123.9800", "Year Low": "83.3200", "Year Close": "98.0300", "Annual % Change": "-0.65%"}, "2017": {"Average Stock Price": "91.0611", "Year Open": "84.0700", "Year High": "101.6500", "Year Low": "78.6100", "Year Close": "98.6700", "Annual % Change": "16.31%"}, "2016": {"Average Stock Price": "72.8675", "Year Open": "57.6000", "Year High": "85.3000", "Year Low": "54.6400", "Year Close": "84.8300", "Annual % Change": "40.87%"}, "2015": {"Average Stock Price": "56.9335", "Year Open": "52.1600", "Year High": "64.1300", "Year Low": "49.1900", "Year Close": "60.2200", "Annual % Change": "13.11%"}, "2014": {"Average Stock Price": "45.5954", "Year Open": "48.6800", "Year High": "55.0800", "Year Low": "39.2600", "Year Close": "53.2400", "Annual % Change": "8.52%"}, "2013": {"Average Stock Price": "37.0226", "Year Open": "27.6150", "Year High": "50.0800", "Year Low": "27.4000", "Year Close": "49.0600", "Annual % Change": "79.21%"}, "2012": {"Average Stock Price": "23.7049", "Year Open": "19.0750", "Year High": "27.8650", "Year Low": "18.8950", "Year Close": "27.3750", "Annual % Change": "44.27%"}, "2011": {"Average Stock Price": "20.6759", "Year Open": "20.9250", "Year High": "23.7200", "Year Low": "17.8000", "Year Close": "18.9750", "Annual % Change": "-7.89%"}, "2010": {"Average Stock Price": "19.0232", "Year Open": "19.7350", "Year High": "22.2850", "Year Low": "16.5200", "Year Close": "20.6000", "Annual % Change": "5.10%"}, "2009": {"Average Stock Price": "17.9928", "Year Open": "19.0550", "Year High": "20.7600", "Year Low": "14.0600", "Year Close": "19.6000", "Annual % Change": "3.79%"}, "2008": {"Average Stock Price": "21.4458", "Year Open": "20.1850", "Year High": "25.8300", "Year Low": "15.5650", "Year Close": "18.8850", "Annual % Change": "-6.95%"}, "2007": {"Average Stock Price": "22.3290", "Year Open": "25.5250", "Year High": "26.0700", "Year Low": "18.0600", "Year Close": "20.2950", "Annual % Change": "-20.77%"}, "2006": {"Average Stock Price": "18.7809", "Year Open": "12.9300", "Year High": "26.0650", "Year Low": "12.6500", "Year Close": "25.6150", "Annual % Change": "104.67%"}, "2005": {"Average Stock Price": "13.2077", "Year Open": "12.6500", "Year High": "14.9150", "Year Low": "11.5500", "Year Close": "12.5150", "Annual % Change": "0.00%"}, "2004": {"Average Stock Price": "9.9922", "Year Open": "8.5200", "Year High": "12.5150", "Year Low": "8.2725", "Year Close": "12.5150", "Annual % Change": "47.67%"}, "2003": {"Average Stock Price": "6.6227", "Year Open": "6.1625", "Year High": "8.9000", "Year Low": "4.2500", "Year Close": "8.4750", "Annual % Change": "38.93%"}, "2002": {"Average Stock Price": "6.3872", "Year Open": "6.6575", "Year High": "8.0225", "Year Low": "4.1375", "Year Close": "6.1000", "Annual % Change": "-8.27%"}, "2001": {"Average Stock Price": "6.3819", "Year Open": "6.1250", "Year High": "7.0125", "Year Low": "5.7250", "Year Close": "6.6500", "Annual % Change": "8.31%"}, "2000": {"Average Stock Price": "6.0204", "Year Open": "7.5625", "Year High": "7.9225", "Year Low": "4.9700", "Year Close": "6.1400", "Annual % Change": "-20.62%"}, "1999": {"Average Stock Price": "8.8780", "Year Open": "8.7500", "Year High": "10.0625", "Year Low": "7.7200", "Year Close": "7.7350", "Annual % Change": "-13.31%"}, "1998": {"Average Stock Price": "7.4824", "Year Open": "7.4225", "Year High": "8.9225", "Year Low": "6.4525", "Year Close": "8.9225", "Annual % Change": "19.97%"}, "1997": {"Average Stock Price": "7.4732", "Year Open": "7.0000", "Year High": "8.7350", "Year Low": "6.7800", "Year Close": "7.4375", "Annual % Change": "5.31%"}, "1996": {"Average Stock Price": "6.3100", "Year Open": "5.9375", "Year High": "7.5000", "Year Low": "5.5625", "Year Close": "7.0625", "Annual % Change": "20.21%"}, "1995": {"Average Stock Price": "6.7669", "Year Open": "6.8450", "Year High": "7.6550", "Year Low": "5.6875", "Year Close": "5.8750", "Annual % Change": "-14.55%"}, "1994": {"Average Stock Price": "6.2044", "Year Open": "6.1250", "Year High": "7.2500", "Year Low": "5.3125", "Year Close": "6.8750", "Annual % Change": "12.24%"}, "1993": {"Average Stock Price": "5.8634", "Year Open": "5.6250", "Year High": "6.2800", "Year Low": "4.9700", "Year Close": "6.1250", "Annual % Change": "8.89%"}, "1992": {"Average Stock Price": "5.2359", "Year Open": "4.5625", "Year High": "5.9700", "Year Low": "4.1875", "Year Close": "5.6250", "Annual % Change": "20.84%"}, "1991": {"Average Stock Price": "3.8518", "Year Open": "3.0300", "Year High": "4.6550", "Year Low": "2.8125", "Year Close": "4.6550", "Annual % Change": "52.00%"}, "1990": {"Average Stock Price": "4.0519", "Year Open": "4.7200", "Year High": "5.0000", "Year Low": "2.7200", "Year Close": "3.0625", "Annual % Change": "-35.53%"}, "1989": {"Average Stock Price": "4.6399", "Year Open": "3.9375", "Year High": "5.6550", "Year Low": "3.7500", "Year Close": "4.7500", "Annual % Change": "26.67%"}}}, "market cap": {"value": "$21.54B"}, "income statement": {"Revenue": {"2019-12-31": "1839.90000", "2018-12-31": "1717.40000", "2017-12-31": "1599.10000", "2016-12-31": "1509.10000", "2015-12-31": "1399.80000", "2014-12-31": "1421.40000", "2013-12-31": "1368.40000", "2012-12-31": "1266.40000", "2011-12-31": "1192.30000", "2010-12-31": "1104.70000", "2009-12-31": "1055.70000", "2008-12-31": "1051.10000", "2007-12-31": "1020.10000", "2006-12-31": "913.30000", "2005-12-31": "699.70000"}, "Cost Of Goods Sold": {"2019-12-31": "1234.20000", "2018-12-31": "1172.00000", "2017-12-31": "1086.20000", "2016-12-31": "1007.70000", "2015-12-31": "944.00000", "2014-12-31": "973.60000", "2013-12-31": "933.70000", "2012-12-31": "878.70000", "2011-12-31": "853.00000", "2010-12-31": "786.60000", "2009-12-31": "752.10000", "2008-12-31": "748.50000", "2007-12-31": "728.30000", "2006-12-31": "648.50000", "2005-12-31": "503.20000"}, "Gross Profit": {"2019-12-31": "605.70010", "2018-12-31": "545.40000", "2017-12-31": "512.90000", "2016-12-31": "501.40000", "2015-12-31": "455.80000", "2014-12-31": "447.80000", "2013-12-31": "434.70000", "2012-12-31": "387.70000", "2011-12-31": "339.30000", "2010-12-31": "318.10000", "2009-12-31": "303.60000", "2008-12-31": "302.60000", "2007-12-31": "291.80000", "2006-12-31": "264.80000", "2005-12-31": "196.50000"}, "Research And Development Expenses": {"2019-12-31": "38.90000", "2018-12-31": "40.30000", "2017-12-31": "39.10000", "2016-12-31": "36.80000", "2015-12-31": "34.10000", "2014-12-31": "37.30000", "2013-12-31": "37.90000", "2012-12-31": "33.20000", "2011-12-31": "29.10000", "2010-12-31": "23.90000", "2009-12-31": "19.90000", "2008-12-31": "18.70000", "2007-12-31": "16.10000", "2006-12-31": "11.10000", "2005-12-31": "7.90000"}, "SG&A Expenses": {"2019-12-31": "272.70000", "2018-12-31": "262.90000", "2017-12-31": "246.00000", "2016-12-31": "239.60000", "2015-12-31": "233.00000", "2014-12-31": "228.70000", "2013-12-31": "234.90000", "2012-12-31": "218.10000", "2011-12-31": "191.10000", "2010-12-31": "187.70000", "2009-12-31": "177.70000", "2008-12-31": "159.30000", "2007-12-31": "152.50000", "2006-12-31": "147.80000", "2005-12-31": "115.10000"}, "Other Operating Income Or Expenses": {"2019-12-31": "2.50000", "2018-12-31": "-1.90000", "2017-12-31": "-2.00000", "2016-12-31": "-29.80000", "2015-12-31": "-60.10000", "2014-12-31": "0.20000", "2013-12-31": "0.50000", "2012-12-31": "-1.30000", "2011-12-31": "", "2010-12-31": "", "2009-12-31": "", "2008-12-31": "", "2007-12-31": "", "2006-12-31": "", "2005-12-31": ""}, "Operating Expenses": {"2019-12-31": "1543.30000", "2018-12-31": "1477.10000", "2017-12-31": "1373.30000", "2016-12-31": "1313.90000", "2015-12-31": "1271.20000", "2014-12-31": "1239.40000", "2013-12-31": "1206.00000", "2012-12-31": "1131.30000", "2011-12-31": "1082.70000", "2010-12-31": "1014.00000", "2009-12-31": "958.20000", "2008-12-31": "927.00000", "2007-12-31": "925.20000", "2006-12-31": "812.30000", "2005-12-31": "626.30000"}, "Operating Income": {"2019-12-31": "296.60000", "2018-12-31": "240.29990", "2017-12-31": "225.80000", "2016-12-31": "195.20000", "2015-12-31": "128.60010", "2014-12-31": "182.00000", "2013-12-31": "162.40000", "2012-12-31": "135.10000", "2011-12-31": "109.60010", "2010-12-31": "90.70000", "2009-12-31": "97.49990", "2008-12-31": "124.10000", "2007-12-31": "94.90000", "2006-12-31": "101.00000", "2005-12-31": "73.40000"}, "Total Non-Operating Income/Expense": {"2019-12-31": "-4.80000", "2018-12-31": "0.40000", "2017-12-31": "-3.40000", "2016-12-31": "-5.40000", "2015-12-31": "-12.50000", "2014-12-31": "-13.00000", "2013-12-31": "-15.30000", "2012-12-31": "-26.50000", "2011-12-31": "-16.90000", "2010-12-31": "-16.20000", "2009-12-31": "-14.40000", "2008-12-31": "-14.60000", "2007-12-31": "-8.50000", "2006-12-31": "-16.50000", "2005-12-31": "-12.00000"}, "Pre-Tax Income": {"2019-12-31": "291.80000", "2018-12-31": "240.70000", "2017-12-31": "222.40000", "2016-12-31": "189.80000", "2015-12-31": "116.10000", "2014-12-31": "169.00000", "2013-12-31": "147.10000", "2012-12-31": "108.60000", "2011-12-31": "92.70000", "2010-12-31": "74.50000", "2009-12-31": "83.10000", "2008-12-31": "109.50000", "2007-12-31": "86.40000", "2006-12-31": "84.50000", "2005-12-31": "61.40000"}, "Income Taxes": {"2019-12-31": "59.00000", "2018-12-31": "41.40000", "2017-12-31": "80.90000", "2016-12-31": "54.40000", "2015-12-31": "26.30000", "2014-12-31": "47.20000", "2013-12-31": "40.20000", "2012-12-31": "32.70000", "2011-12-31": "23.50000", "2010-12-31": "13.60000", "2009-12-31": "13.50000", "2008-12-31": "23.70000", "2007-12-31": "17.20000", "2006-12-31": "24.60000", "2005-12-31": "17.70000"}, "Income After Taxes": {"2019-12-31": "232.80000", "2018-12-31": "199.30000", "2017-12-31": "141.50000", "2016-12-31": "135.40000", "2015-12-31": "89.80000", "2014-12-31": "121.80000", "2013-12-31": "106.90000", "2012-12-31": "75.90000", "2011-12-31": "69.20000", "2010-12-31": "60.90000", "2009-12-31": "69.60000", "2008-12-31": "85.80000", "2007-12-31": "69.20000", "2006-12-31": "59.90000", "2005-12-31": "43.70000"}, "Other Income": {"2019-12-31": "", "2018-12-31": "", "2017-12-31": "", "2016-12-31": "", "2015-12-31": "", "2014-12-31": "", "2013-12-31": "", "2012-12-31": "", "2011-12-31": "", "2010-12-31": "", "2009-12-31": "", "2008-12-31": "", "2007-12-31": "", "2006-12-31": "", "2005-12-31": ""}, "Income From Continuous Operations": {"2019-12-31": "241.70000", "2018-12-31": "206.90000", "2017-12-31": "150.70000", "2016-12-31": "143.60000", "2015-12-31": "95.60000", "2014-12-31": "127.10000", "2013-12-31": "112.30000", "2012-12-31": "80.70000", "2011-12-31": "75.50000", "2010-12-31": "65.30000", "2009-12-31": "72.60000", "2008-12-31": "86.60000", "2007-12-31": "71.70000", "2006-12-31": "61.50000", "2005-12-31": "46.00000"}, "Income From Discontinued Operations": {"2019-12-31": "", "2018-12-31": "", "2017-12-31": "", "2016-12-31": "", "2015-12-31": "", "2014-12-31": "", "2013-12-31": "", "2012-12-31": "", "2011-12-31": "", "2010-12-31": "", "2009-12-31": "", "2008-12-31": "", "2007-12-31": "-0.50000", "2006-12-31": "5.60000", "2005-12-31": "0.40000"}, "Net Income": {"2019-12-31": "241.70000", "2018-12-31": "206.90000", "2017-12-31": "150.70000", "2016-12-31": "143.60000", "2015-12-31": "95.60000", "2014-12-31": "127.10000", "2013-12-31": "112.30000", "2012-12-31": "80.70000", "2011-12-31": "75.50000", "2010-12-31": "65.30000", "2009-12-31": "72.60000", "2008-12-31": "86.00000", "2007-12-31": "70.70000", "2006-12-31": "67.10000", "2005-12-31": "46.40000"}, "EBITDA": {"2019-12-31": "400.00000", "2018-12-31": "344.69990", "2017-12-31": "322.50010", "2016-12-31": "285.90000", "2015-12-31": "218.50010", "2014-12-31": "272.00000", "2013-12-31": "247.60000", "2012-12-31": "212.00000", "2011-12-31": "185.30010", "2010-12-31": "163.90000", "2009-12-31": "165.59990", "2008-12-31": "184.70000", "2007-12-31": "151.50000", "2006-12-31": "153.70000", "2005-12-31": "120.80000"}, "EBIT": {"2019-12-31": "296.60000", "2018-12-31": "240.29990", "2017-12-31": "225.80000", "2016-12-31": "195.20000", "2015-12-31": "128.60010", "2014-12-31": "182.00000", "2013-12-31": "162.40000", "2012-12-31": "135.10000", "2011-12-31": "109.60010", "2010-12-31": "90.70000", "2009-12-31": "97.49990", "2008-12-31": "124.10000", "2007-12-31": "94.90000", "2006-12-31": "101.00000", "2005-12-31": "73.40000"}, "Basic Shares Outstanding": {"2019-12-31": "74.00000", "2018-12-31": "73.90000", "2017-12-31": "73.90000", "2016-12-31": "73.30000", "2015-12-31": "72.00000", "2014-12-31": "70.90000", "2013-12-31": "69.60000", "2012-12-31": "68.10000", "2011-12-31": "67.30000", "2010-12-31": "66.60000", "2009-12-31": "65.60000", "2008-12-31": "64.80000", "2007-12-31": "65.40000", "2006-12-31": "64.40000", "2005-12-31": "62.20000"}, "Shares Outstanding": {"2019-12-31": "75.40000", "2018-12-31": "75.40000", "2017-12-31": "75.80000", "2016-12-31": "75.00000", "2015-12-31": "73.80000", "2014-12-31": "72.80000", "2013-12-31": "71.40000", "2012-12-31": "71.80000", "2011-12-31": "74.00000", "2010-12-31": "73.40000", "2009-12-31": "72.60000", "2008-12-31": "72.20000", "2007-12-31": "72.40000", "2006-12-31": "67.20000", "2005-12-31": "65.00000"}, "Basic EPS": {"2019-12-31": "3.27000", "2018-12-31": "2.80000", "2017-12-31": "2.04000", "2016-12-31": "1.96000", "2015-12-31": "1.33000", "2014-12-31": "1.79000", "2013-12-31": "1.61000", "2012-12-31": "1.19000", "2011-12-31": "1.12000", "2010-12-31": "0.98000", "2009-12-31": "1.10500", "2008-12-31": "1.32500", "2007-12-31": "1.08000", "2006-12-31": "1.04500", "2005-12-31": "0.74500"}, "EPS - Earnings Per Share": {"2019-12-31": "3.21000", "2018-12-31": "2.74000", "2017-12-31": "1.99000", "2016-12-31": "1.91000", "2015-12-31": "1.30000", "2014-12-31": "1.75000", "2013-12-31": "1.57000", "2012-12-31": "1.15000", "2011-12-31": "1.08000", "2010-12-31": "0.94500", "2009-12-31": "1.06000", "2008-12-31": "1.25000", "2007-12-31": "1.02500", "2006-12-31": "1.00000", "2005-12-31": "0.71000"}}, "income statement, quarterly": {"Revenue": {"2020-09-30": "548.00000", "2020-06-30": "527.20000", "2020-03-31": "491.50000", "2019-12-31": "470.60000", "2019-09-30": "456.10000", "2019-06-30": "469.70000", "2019-03-31": "443.50000", "2018-12-31": "422.49990", "2018-09-30": "431.70000", "2018-06-30": "447.50000", "2018-03-31": "415.70000", "2017-12-31": "415.59990", "2017-09-30": "398.20000", "2017-06-30": "397.60000", "2017-03-31": "387.70000", "2016-12-31": "382.29990", "2016-09-30": "376.70000", "2016-06-30": "388.00000", "2016-03-31": "362.10000", "2015-12-31": "359.70000", "2015-09-30": "344.50000", "2015-06-30": "359.70000", "2015-03-31": "335.90000", "2014-12-31": "349.80000", "2014-09-30": "355.90000", "2014-06-30": "368.90000", "2014-03-31": "346.80000", "2013-12-31": "342.70010", "2013-09-30": "341.80000", "2013-06-30": "344.50000", "2013-03-31": "339.40000", "2012-12-31": "321.50010", "2012-09-30": "303.80000", "2012-06-30": "324.80000", "2012-03-31": "316.30000", "2011-12-31": "295.40010", "2011-09-30": "293.60000", "2011-06-30": "307.90000", "2011-03-31": "295.40000", "2010-12-31": "276.79990", "2010-09-30": "271.40000", "2010-06-30": "281.80000", "2010-03-31": "274.70000", "2009-12-31": "293.39990", "2009-09-30": "258.90000", "2009-06-30": "261.00000", "2009-03-31": "242.40000", "2008-12-31": "244.90000", "2008-09-30": "256.20000", "2008-06-30": "279.30000", "2008-03-31": "270.70000", "2007-12-31": "256.09990", "2007-09-30": "242.70000", "2007-06-30": "263.70000", "2007-03-31": "257.60000", "2006-12-31": "231.90000", "2006-09-30": "218.40000", "2006-06-30": "240.20000", "2006-03-31": "222.80000", "2005-12-31": "195.60000", "2005-09-30": "181.60000", "2005-06-30": "173.00000", "2005-03-31": "149.50000"}, "Cost Of Goods Sold": {"2020-09-30": "353.40000", "2020-06-30": "332.10000", "2020-03-31": "324.50000", "2019-12-31": "317.40000", "2019-09-30": "308.30000", "2019-06-30": "311.80000", "2019-03-31": "296.70000", "2018-12-31": "289.30000", "2018-09-30": "296.10000", "2018-06-30": "305.30000", "2018-03-31": "281.30000", "2017-12-31": "287.00000", "2017-09-30": "273.10000", "2017-06-30": "272.60000", "2017-03-31": "253.50000", "2016-12-31": "258.60000", "2016-09-30": "255.60000", "2016-06-30": "254.70000", "2016-03-31": "238.80000", "2015-12-31": "240.10000", "2015-09-30": "236.20000", "2015-06-30": "241.50000", "2015-03-31": "226.20000", "2014-12-31": "240.10000", "2014-09-30": "246.00000", "2014-06-30": "247.10000", "2014-03-31": "240.40000", "2013-12-31": "236.10000", "2013-09-30": "236.30000", "2013-06-30": "233.60000", "2013-03-31": "227.70000", "2012-12-31": "224.00000", "2012-09-30": "213.40000", "2012-06-30": "226.10000", "2012-03-31": "215.20000", "2011-12-31": "210.10000", "2011-09-30": "212.20000", "2011-06-30": "223.30000", "2011-03-31": "207.40000", "2010-12-31": "198.80000", "2010-09-30": "196.70000", "2010-06-30": "198.60000", "2010-03-31": "192.50000", "2009-12-31": "209.50000", "2009-09-30": "187.20000", "2009-06-30": "182.30000", "2009-03-31": "173.10000", "2008-12-31": "175.40000", "2008-09-30": "190.20000", "2008-06-30": "195.70000", "2008-03-31": "187.20000", "2007-12-31": "185.70000", "2007-09-30": "178.40000", "2007-06-30": "187.00000", "2007-03-31": "177.20000", "2006-12-31": "165.30000", "2006-09-30": "158.90000", "2006-06-30": "169.10000", "2006-03-31": "155.20000", "2005-12-31": "139.90000", "2005-09-30": "137.80000", "2005-06-30": "122.40000", "2005-03-31": "103.10000"}, "Gross Profit": {"2020-09-30": "194.60000", "2020-06-30": "195.10000", "2020-03-31": "167.00000", "2019-12-31": "153.20010", "2019-09-30": "147.80000", "2019-06-30": "157.90000", "2019-03-31": "146.80000", "2018-12-31": "133.19990", "2018-09-30": "135.60000", "2018-06-30": "142.20000", "2018-03-31": "134.40000", "2017-12-31": "128.59990", "2017-09-30": "125.10000", "2017-06-30": "125.00000", "2017-03-31": "134.20000", "2016-12-31": "123.69990", "2016-09-30": "121.10000", "2016-06-30": "133.30000", "2016-03-31": "123.30000", "2015-12-31": "119.60010", "2015-09-30": "108.30000", "2015-06-30": "118.20000", "2015-03-31": "109.70000", "2014-12-31": "109.70000", "2014-09-30": "109.90000", "2014-06-30": "121.80000", "2014-03-31": "106.40000", "2013-12-31": "106.60010", "2013-09-30": "105.50000", "2013-06-30": "110.90000", "2013-03-31": "111.70000", "2012-12-31": "97.50000", "2012-09-30": "90.40000", "2012-06-30": "98.70000", "2012-03-31": "101.10000", "2011-12-31": "85.30010", "2011-09-30": "81.40000", "2011-06-30": "84.60000", "2011-03-31": "88.00000", "2010-12-31": "78.00000", "2010-09-30": "74.70000", "2010-06-30": "83.20000", "2010-03-31": "82.20000", "2009-12-31": "83.90000", "2009-09-30": "71.70000", "2009-06-30": "78.70000", "2009-03-31": "69.30000", "2008-12-31": "69.50000", "2008-09-30": "66.00000", "2008-06-30": "83.60000", "2008-03-31": "83.50000", "2007-12-31": "70.39990", "2007-09-30": "64.30000", "2007-06-30": "76.70000", "2007-03-31": "80.40000", "2006-12-31": "66.60000", "2006-09-30": "59.50000", "2006-06-30": "71.10000", "2006-03-31": "67.60000", "2005-12-31": "55.70000", "2005-09-30": "43.80000", "2005-06-30": "50.60000", "2005-03-31": "46.40000"}, "Research And Development Expenses": {"2020-09-30": "12.50000", "2020-06-30": "10.80000", "2020-03-31": "10.70000", "2019-12-31": "10.20000", "2019-09-30": "9.30000", "2019-06-30": "9.60000", "2019-03-31": "9.80000", "2018-12-31": "9.80000", "2018-09-30": "10.10000", "2018-06-30": "10.80000", "2018-03-31": "9.60000", "2017-12-31": "9.70000", "2017-09-30": "9.10000", "2017-06-30": "10.00000", "2017-03-31": "10.30000", "2016-12-31": "9.60000", "2016-09-30": "9.00000", "2016-06-30": "8.80000", "2016-03-31": "9.40000", "2015-12-31": "10.00000", "2015-09-30": "8.50000", "2015-06-30": "8.10000", "2015-03-31": "7.50000", "2014-12-31": "7.80000", "2014-09-30": "9.60000", "2014-06-30": "9.90000", "2014-03-31": "10.00000", "2013-12-31": "9.70000", "2013-09-30": "9.60000", "2013-06-30": "9.50000", "2013-03-31": "9.10000", "2012-12-31": "8.50000", "2012-09-30": "8.20000", "2012-06-30": "8.20000", "2012-03-31": "8.30000", "2011-12-31": "7.20000", "2011-09-30": "7.70000", "2011-06-30": "7.30000", "2011-03-31": "6.90000", "2010-12-31": "6.90000", "2010-09-30": "5.90000", "2010-06-30": "5.70000", "2010-03-31": "5.40000", "2009-12-31": "5.80000", "2009-09-30": "5.10000", "2009-06-30": "4.70000", "2009-03-31": "4.30000", "2008-12-31": "3.80000", "2008-09-30": "4.60000", "2008-06-30": "4.90000", "2008-03-31": "5.40000", "2007-12-31": "4.60000", "2007-09-30": "4.10000", "2007-06-30": "3.80000", "2007-03-31": "3.60000", "2006-12-31": "3.20000", "2006-09-30": "2.90000", "2006-06-30": "2.60000", "2006-03-31": "2.40000", "2005-12-31": "", "2005-09-30": "", "2005-06-30": "", "2005-03-31": ""}, "SG&A Expenses": {"2020-09-30": "76.20000", "2020-06-30": "77.70000", "2020-03-31": "71.80000", "2019-12-31": "69.00000", "2019-09-30": "64.80000", "2019-06-30": "70.30000", "2019-03-31": "68.60000", "2018-12-31": "59.70000", "2018-09-30": "64.90000", "2018-06-30": "70.00000", "2018-03-31": "68.30000", "2017-12-31": "59.60000", "2017-09-30": "62.60000", "2017-06-30": "61.30000", "2017-03-31": "62.50000", "2016-12-31": "60.70000", "2016-09-30": "58.30000", "2016-06-30": "62.50000", "2016-03-31": "58.10000", "2015-12-31": "62.40000", "2015-09-30": "54.60000", "2015-06-30": "60.80000", "2015-03-31": "55.20000", "2014-12-31": "58.80000", "2014-09-30": "56.00000", "2014-06-30": "57.50000", "2014-03-31": "56.40000", "2013-12-31": "60.00000", "2013-09-30": "56.10000", "2013-06-30": "59.70000", "2013-03-31": "59.10000", "2012-12-31": "58.70000", "2012-09-30": "53.70000", "2012-06-30": "54.40000", "2012-03-31": "51.30000", "2011-12-31": "48.40000", "2011-09-30": "45.70000", "2011-06-30": "46.40000", "2011-03-31": "50.60000", "2010-12-31": "50.40000", "2010-09-30": "44.90000", "2010-06-30": "45.80000", "2010-03-31": "46.60000", "2009-12-31": "45.40000", "2009-09-30": "44.30000", "2009-06-30": "45.10000", "2009-03-31": "42.90000", "2008-12-31": "36.80000", "2008-09-30": "41.50000", "2008-06-30": "40.90000", "2008-03-31": "40.10000", "2007-12-31": "39.60000", "2007-09-30": "37.70000", "2007-06-30": "38.20000", "2007-03-31": "37.00000", "2006-12-31": "41.70000", "2006-09-30": "34.90000", "2006-06-30": "34.90000", "2006-03-31": "36.30000", "2005-12-31": "27.30000", "2005-09-30": "30.70000", "2005-06-30": "31.90000", "2005-03-31": "25.20000"}, "Other Operating Income Or Expenses": {"2020-09-30": "-6.70000", "2020-06-30": "-3.00000", "2020-03-31": "3.50000", "2019-12-31": "4.10000", "2019-09-30": "-6.40000", "2019-06-30": "2.50000", "2019-03-31": "2.30000", "2018-12-31": "2.10000", "2018-09-30": "0.20000", "2018-06-30": "-1.10000", "2018-03-31": "-3.10000", "2017-12-31": "1.10000", "2017-09-30": "9.50000", "2017-06-30": "-11.70000", "2017-03-31": "-0.90000", "2016-12-31": "-0.70000", "2016-09-30": "-2.50000", "2016-06-30": "-0.80000", "2016-03-31": "-25.80000", "2015-12-31": "-2.00000", "2015-09-30": "-48.70000", "2015-06-30": "-10.20000", "2015-03-31": "0.80000", "2014-12-31": "1.50000", "2014-09-30": "-0.30000", "2014-06-30": "-0.30000", "2014-03-31": "-0.70000", "2013-12-31": "0.00000", "2013-09-30": "-0.10000", "2013-06-30": "0.80000", "2013-03-31": "-0.20000", "2012-12-31": "", "2012-09-30": "", "2012-06-30": "", "2012-03-31": "", "2011-12-31": "", "2011-09-30": "", "2011-06-30": "", "2011-03-31": "", "2010-12-31": "", "2010-09-30": "", "2010-06-30": "", "2010-03-31": "", "2009-12-31": "", "2009-09-30": "", "2009-06-30": "", "2009-03-31": "", "2008-12-31": "", "2008-09-30": "", "2008-06-30": "", "2008-03-31": "", "2007-12-31": "", "2007-09-30": "", "2007-06-30": "", "2007-03-31": "", "2006-12-31": "", "2006-09-30": "-2.00000", "2006-06-30": "-1.50000", "2006-03-31": "-0.70000", "2005-12-31": "", "2005-09-30": "", "2005-06-30": "-0.20000", "2005-03-31": "-1.10000"}, "Operating Expenses": {"2020-09-30": "448.80000", "2020-06-30": "423.60000", "2020-03-31": "403.50000", "2019-12-31": "392.50010", "2019-09-30": "388.80000", "2019-06-30": "389.20000", "2019-03-31": "372.80000", "2018-12-31": "356.70010", "2018-09-30": "370.90000", "2018-06-30": "387.20000", "2018-03-31": "362.30000", "2017-12-31": "355.19990", "2017-09-30": "335.30000", "2017-06-30": "355.60000", "2017-03-31": "327.20000", "2016-12-31": "329.60000", "2016-09-30": "325.40000", "2016-06-30": "326.80000", "2016-03-31": "332.10000", "2015-12-31": "314.50000", "2015-09-30": "348.00000", "2015-06-30": "320.60000", "2015-03-31": "288.10000", "2014-12-31": "305.20000", "2014-09-30": "311.90000", "2014-06-30": "314.80000", "2014-03-31": "307.50000", "2013-12-31": "305.80000", "2013-09-30": "302.10000", "2013-06-30": "302.00000", "2013-03-31": "296.10000", "2012-12-31": "290.00010", "2012-09-30": "277.50000", "2012-06-30": "289.20000", "2012-03-31": "274.60000", "2011-12-31": "268.50000", "2011-09-30": "267.50000", "2011-06-30": "280.10000", "2011-03-31": "266.60000", "2010-12-31": "270.80000", "2010-09-30": "246.10000", "2010-06-30": "251.30000", "2010-03-31": "245.80000", "2009-12-31": "271.70000", "2009-09-30": "233.00000", "2009-06-30": "232.30000", "2009-03-31": "221.20000", "2008-12-31": "219.40000", "2008-09-30": "238.30000", "2008-06-30": "236.70000", "2008-03-31": "232.60000", "2007-12-31": "248.60000", "2007-09-30": "229.80000", "2007-06-30": "228.80000", "2007-03-31": "218.00000", "2006-12-31": "210.90000", "2006-09-30": "198.70000", "2006-06-30": "208.10000", "2006-03-31": "194.60000", "2005-12-31": "175.40000", "2005-09-30": "168.40000", "2005-06-30": "153.10000", "2005-03-31": "129.40000"}, "Operating Income": {"2020-09-30": "99.20000", "2020-06-30": "103.60000", "2020-03-31": "88.00000", "2019-12-31": "78.10000", "2019-09-30": "67.30010", "2019-06-30": "80.50000", "2019-03-31": "70.70000", "2018-12-31": "65.79980", "2018-09-30": "60.80000", "2018-06-30": "60.30000", "2018-03-31": "53.40000", "2017-12-31": "60.40000", "2017-09-30": "62.90000", "2017-06-30": "42.00000", "2017-03-31": "60.50000", "2016-12-31": "52.69990", "2016-09-30": "51.30000", "2016-06-30": "61.20000", "2016-03-31": "30.00000", "2015-12-31": "45.20010", "2015-09-30": "-3.50000", "2015-06-30": "39.10000", "2015-03-31": "47.80000", "2014-12-31": "44.60000", "2014-09-30": "44.00000", "2014-06-30": "54.10000", "2014-03-31": "39.30000", "2013-12-31": "36.90010", "2013-09-30": "39.70000", "2013-06-30": "42.50000", "2013-03-31": "43.30000", "2012-12-31": "31.50000", "2012-09-30": "26.30000", "2012-06-30": "35.60000", "2012-03-31": "41.70000", "2011-12-31": "26.90010", "2011-09-30": "26.10000", "2011-06-30": "27.80000", "2011-03-31": "28.80000", "2010-12-31": "5.99990", "2010-09-30": "25.30000", "2010-06-30": "30.50000", "2010-03-31": "28.90000", "2009-12-31": "21.69990", "2009-09-30": "25.90000", "2009-06-30": "28.70000", "2009-03-31": "21.20000", "2008-12-31": "25.49990", "2008-09-30": "17.90000", "2008-06-30": "42.60000", "2008-03-31": "38.10000", "2007-12-31": "7.50000", "2007-09-30": "12.90000", "2007-06-30": "34.90000", "2007-03-31": "39.60000", "2006-12-31": "21.00000", "2006-09-30": "19.70000", "2006-06-30": "32.10000", "2006-03-31": "28.20000", "2005-12-31": "20.20000", "2005-09-30": "13.20000", "2005-06-30": "19.90000", "2005-03-31": "20.10000"}, "Total Non-Operating Income/Expense": {"2020-09-30": "-1.50000", "2020-06-30": "-1.60000", "2020-03-31": "-1.50000", "2019-12-31": "-0.70000", "2019-09-30": "-2.40000", "2019-06-30": "-0.90000", "2019-03-31": "-0.80000", "2018-12-31": "0.00000", "2018-09-30": "0.30000", "2018-06-30": "-0.20000", "2018-03-31": "0.30000", "2017-12-31": "-1.10000", "2017-09-30": "0.00000", "2017-06-30": "-1.30000", "2017-03-31": "-1.00000", "2016-12-31": "0.50000", "2016-09-30": "-2.00000", "2016-06-30": "-1.70000", "2016-03-31": "-2.20000", "2015-12-31": "-2.60000", "2015-09-30": "-3.20000", "2015-06-30": "-3.00000", "2015-03-31": "-3.70000", "2014-12-31": "-3.00000", "2014-09-30": "-2.70000", "2014-06-30": "-3.70000", "2014-03-31": "-3.60000", "2013-12-31": "-3.40000", "2013-09-30": "-4.00000", "2013-06-30": "-3.70000", "2013-03-31": "-4.20000", "2012-12-31": "-3.10000", "2012-09-30": "-3.90000", "2012-06-30": "-15.60000", "2012-03-31": "-3.90000", "2011-12-31": "-4.00000", "2011-09-30": "-4.10000", "2011-06-30": "-4.30000", "2011-03-31": "-4.50000", "2010-12-31": "-4.40000", "2010-09-30": "-4.10000", "2010-06-30": "-3.80000", "2010-03-31": "-3.90000", "2009-12-31": "-3.90000", "2009-09-30": "-3.50000", "2009-06-30": "-3.40000", "2009-03-31": "-3.60000", "2008-12-31": "-4.10000", "2008-09-30": "-3.90000", "2008-06-30": "-3.50000", "2008-03-31": "-3.10000", "2007-12-31": "-2.50000", "2007-09-30": "-2.00000", "2007-06-30": "-1.70000", "2007-03-31": "-2.30000", "2006-12-31": "-2.10000", "2006-09-30": "-2.70000", "2006-06-30": "-2.80000", "2006-03-31": "-8.90000", "2005-12-31": "-3.40000", "2005-09-30": "-3.70000", "2005-06-30": "-2.90000", "2005-03-31": "-2.00000"}, "Pre-Tax Income": {"2020-09-30": "97.70000", "2020-06-30": "102.00000", "2020-03-31": "86.50000", "2019-12-31": "77.40000", "2019-09-30": "64.90000", "2019-06-30": "79.60000", "2019-03-31": "69.90000", "2018-12-31": "65.80000", "2018-09-30": "61.10000", "2018-06-30": "60.10000", "2018-03-31": "53.70000", "2017-12-31": "59.30000", "2017-09-30": "62.90000", "2017-06-30": "40.70000", "2017-03-31": "59.50000", "2016-12-31": "53.20000", "2016-09-30": "49.30000", "2016-06-30": "59.50000", "2016-03-31": "27.80000", "2015-12-31": "42.60000", "2015-09-30": "-6.70000", "2015-06-30": "36.10000", "2015-03-31": "44.10000", "2014-12-31": "41.60000", "2014-09-30": "41.30000", "2014-06-30": "50.40000", "2014-03-31": "35.70000", "2013-12-31": "33.50000", "2013-09-30": "35.70000", "2013-06-30": "38.80000", "2013-03-31": "39.10000", "2012-12-31": "28.40000", "2012-09-30": "22.40000", "2012-06-30": "20.00000", "2012-03-31": "37.80000", "2011-12-31": "22.90000", "2011-09-30": "22.00000", "2011-06-30": "23.50000", "2011-03-31": "24.30000", "2010-12-31": "1.60000", "2010-09-30": "21.20000", "2010-06-30": "26.70000", "2010-03-31": "25.00000", "2009-12-31": "17.80000", "2009-09-30": "22.40000", "2009-06-30": "25.30000", "2009-03-31": "17.60000", "2008-12-31": "21.40000", "2008-09-30": "14.00000", "2008-06-30": "39.10000", "2008-03-31": "35.00000", "2007-12-31": "5.00000", "2007-09-30": "10.90000", "2007-06-30": "33.20000", "2007-03-31": "37.30000", "2006-12-31": "18.90000", "2006-09-30": "17.00000", "2006-06-30": "29.30000", "2006-03-31": "19.30000", "2005-12-31": "16.80000", "2005-09-30": "9.50000", "2005-06-30": "17.00000", "2005-03-31": "18.10000"}, "Income Taxes": {"2020-09-30": "21.10000", "2020-06-30": "16.00000", "2020-03-31": "15.00000", "2019-12-31": "16.50000", "2019-09-30": "10.90000", "2019-06-30": "15.50000", "2019-03-31": "16.10000", "2018-12-31": "14.90000", "2018-09-30": "8.00000", "2018-06-30": "6.00000", "2018-03-31": "12.50000", "2017-12-31": "61.80000", "2017-09-30": "14.00000", "2017-06-30": "2.90000", "2017-03-31": "2.20000", "2016-12-31": "16.10000", "2016-09-30": "14.40000", "2016-06-30": "17.00000", "2016-03-31": "6.90000", "2015-12-31": "11.20000", "2015-09-30": "-6.60000", "2015-06-30": "9.20000", "2015-03-31": "12.50000", "2014-12-31": "11.70000", "2014-09-30": "11.70000", "2014-06-30": "14.00000", "2014-03-31": "9.80000", "2013-12-31": "10.70000", "2013-09-30": "10.60000", "2013-06-30": "10.30000", "2013-03-31": "8.60000", "2012-12-31": "7.40000", "2012-09-30": "9.00000", "2012-06-30": "6.50000", "2012-03-31": "9.80000", "2011-12-31": "5.50000", "2011-09-30": "6.60000", "2011-06-30": "5.30000", "2011-03-31": "6.10000", "2010-12-31": "-3.70000", "2010-09-30": "4.50000", "2010-06-30": "6.60000", "2010-03-31": "6.20000", "2009-12-31": "-1.10000", "2009-09-30": "6.00000", "2009-06-30": "6.10000", "2009-03-31": "2.50000", "2008-12-31": "3.60000", "2008-09-30": "0.80000", "2008-06-30": "10.80000", "2008-03-31": "8.50000", "2007-12-31": "-0.20000", "2007-09-30": "-0.80000", "2007-06-30": "7.00000", "2007-03-31": "11.20000", "2006-12-31": "5.10000", "2006-09-30": "4.90000", "2006-06-30": "9.20000", "2006-03-31": "5.40000", "2005-12-31": "3.50000", "2005-09-30": "3.00000", "2005-06-30": "5.50000", "2005-03-31": "5.70000"}, "Income After Taxes": {"2020-09-30": "76.60000", "2020-06-30": "86.00000", "2020-03-31": "71.50000", "2019-12-31": "60.90000", "2019-09-30": "54.00000", "2019-06-30": "64.10000", "2019-03-31": "53.80000", "2018-12-31": "50.90000", "2018-09-30": "53.10000", "2018-06-30": "54.10000", "2018-03-31": "41.20000", "2017-12-31": "-2.50000", "2017-09-30": "48.90000", "2017-06-30": "37.80000", "2017-03-31": "57.30000", "2016-12-31": "37.10000", "2016-09-30": "34.90000", "2016-06-30": "42.50000", "2016-03-31": "20.90000", "2015-12-31": "31.40000", "2015-09-30": "-0.10000", "2015-06-30": "26.90000", "2015-03-31": "31.60000", "2014-12-31": "29.90000", "2014-09-30": "29.60000", "2014-06-30": "36.40000", "2014-03-31": "25.90000", "2013-12-31": "22.80000", "2013-09-30": "25.10000", "2013-06-30": "28.50000", "2013-03-31": "30.50000", "2012-12-31": "21.00000", "2012-09-30": "13.40000", "2012-06-30": "13.50000", "2012-03-31": "28.00000", "2011-12-31": "17.40000", "2011-09-30": "15.40000", "2011-06-30": "18.20000", "2011-03-31": "18.20000", "2010-12-31": "5.30000", "2010-09-30": "16.70000", "2010-06-30": "20.10000", "2010-03-31": "18.80000", "2009-12-31": "18.90000", "2009-09-30": "16.40000", "2009-06-30": "19.20000", "2009-03-31": "15.10000", "2008-12-31": "17.80000", "2008-09-30": "13.20000", "2008-06-30": "28.30000", "2008-03-31": "26.50000", "2007-12-31": "5.20000", "2007-09-30": "11.70000", "2007-06-30": "26.20000", "2007-03-31": "26.10000", "2006-12-31": "13.80000", "2006-09-30": "12.10000", "2006-06-30": "20.10000", "2006-03-31": "13.90000", "2005-12-31": "13.30000", "2005-09-30": "6.50000", "2005-06-30": "11.50000", "2005-03-31": "12.40000"}, "Other Income": {"2020-09-30": "", "2020-06-30": "", "2020-03-31": "", "2019-12-31": "", "2019-09-30": "", "2019-06-30": "", "2019-03-31": "", "2018-12-31": "", "2018-09-30": "", "2018-06-30": "", "2018-03-31": "", "2017-12-31": "", "2017-09-30": "", "2017-06-30": "", "2017-03-31": "", "2016-12-31": "", "2016-09-30": "", "2016-06-30": "", "2016-03-31": "", "2015-12-31": "", "2015-09-30": "", "2015-06-30": "", "2015-03-31": "", "2014-12-31": "", "2014-09-30": "", "2014-06-30": "", "2014-03-31": "", "2013-12-31": "", "2013-09-30": "", "2013-06-30": "", "2013-03-31": "", "2012-12-31": "", "2012-09-30": "", "2012-06-30": "", "2012-03-31": "", "2011-12-31": "", "2011-09-30": "", "2011-06-30": "", "2011-03-31": "", "2010-12-31": "", "2010-09-30": "", "2010-06-30": "", "2010-03-31": "", "2009-12-31": "", "2009-09-30": "", "2009-06-30": "", "2009-03-31": "", "2008-12-31": "", "2008-09-30": "", "2008-06-30": "", "2008-03-31": "", "2007-12-31": "", "2007-09-30": "", "2007-06-30": "", "2007-03-31": "", "2006-12-31": "", "2006-09-30": "", "2006-06-30": "", "2006-03-31": "", "2005-12-31": "", "2005-09-30": "", "2005-06-30": "", "2005-03-31": ""}, "Income From Continuous Operations": {"2020-09-30": "82.30000", "2020-06-30": "91.20000", "2020-03-31": "74.30000", "2019-12-31": "63.90000", "2019-09-30": "56.30000", "2019-06-30": "66.10000", "2019-03-31": "55.40000", "2018-12-31": "52.00000", "2018-09-30": "55.20000", "2018-06-30": "56.10000", "2018-03-31": "43.60000", "2017-12-31": "", "2017-09-30": "51.00000", "2017-06-30": "38.80000", "2017-03-31": "60.90000", "2016-12-31": "39.20000", "2016-09-30": "37.60000", "2016-06-30": "44.70000", "2016-03-31": "22.10000", "2015-12-31": "33.40000", "2015-09-30": "1.50000", "2015-06-30": "27.80000", "2015-03-31": "32.90000", "2014-12-31": "31.40000", "2014-09-30": "31.00000", "2014-06-30": "37.60000", "2014-03-31": "27.10000", "2013-12-31": "23.60000", "2013-09-30": "26.80000", "2013-06-30": "30.20000", "2013-03-31": "31.70000", "2012-12-31": "21.10000", "2012-09-30": "14.80000", "2012-06-30": "15.60000", "2012-03-31": "29.20000", "2011-12-31": "18.90000", "2011-09-30": "16.90000", "2011-06-30": "20.10000", "2011-03-31": "19.60000", "2010-12-31": "6.00000", "2010-09-30": "17.80000", "2010-06-30": "21.70000", "2010-03-31": "19.80000", "2009-12-31": "20.30000", "2009-09-30": "17.20000", "2009-06-30": "19.70000", "2009-03-31": "15.40000", "2008-12-31": "17.80000", "2008-09-30": "13.50000", "2008-06-30": "28.90000", "2008-03-31": "26.40000", "2007-12-31": "6.50000", "2007-09-30": "12.20000", "2007-06-30": "26.50000", "2007-03-31": "26.50000", "2006-12-31": "14.70000", "2006-09-30": "11.80000", "2006-06-30": "20.70000", "2006-03-31": "14.30000", "2005-12-31": "13.70000", "2005-09-30": "7.10000", "2005-06-30": "12.20000", "2005-03-31": "13.00000"}, "Income From Discontinued Operations": {"2020-09-30": "", "2020-06-30": "", "2020-03-31": "", "2019-12-31": "", "2019-09-30": "", "2019-06-30": "", "2019-03-31": "", "2018-12-31": "", "2018-09-30": "", "2018-06-30": "", "2018-03-31": "", "2017-12-31": "", "2017-09-30": "", "2017-06-30": "", "2017-03-31": "", "2016-12-31": "", "2016-09-30": "", "2016-06-30": "", "2016-03-31": "", "2015-12-31": "", "2015-09-30": "", "2015-06-30": "", "2015-03-31": "", "2014-12-31": "", "2014-09-30": "", "2014-06-30": "", "2014-03-31": "", "2013-12-31": "", "2013-09-30": "", "2013-06-30": "", "2013-03-31": "", "2012-12-31": "", "2012-09-30": "", "2012-06-30": "", "2012-03-31": "", "2011-12-31": "", "2011-09-30": "", "2011-06-30": "", "2011-03-31": "", "2010-12-31": "", "2010-09-30": "", "2010-06-30": "", "2010-03-31": "", "2009-12-31": "", "2009-09-30": "", "2009-06-30": "", "2009-03-31": "", "2008-12-31": "", "2008-09-30": "", "2008-06-30": "", "2008-03-31": "", "2007-12-31": "", "2007-09-30": "", "2007-06-30": "-0.50000", "2007-03-31": "", "2006-12-31": "0.30000", "2006-09-30": "1.50000", "2006-06-30": "", "2006-03-31": "3.80000", "2005-12-31": "-1.20000", "2005-09-30": "0.70000", "2005-06-30": "0.60000", "2005-03-31": "0.30000"}, "Net Income": {"2020-09-30": "82.30000", "2020-06-30": "91.20000", "2020-03-31": "74.30000", "2019-12-31": "63.90000", "2019-09-30": "56.30000", "2019-06-30": "66.10000", "2019-03-31": "55.40000", "2018-12-31": "52.00000", "2018-09-30": "55.20000", "2018-06-30": "56.10000", "2018-03-31": "43.60000", "2017-12-31": "0.00000", "2017-09-30": "51.00000", "2017-06-30": "38.80000", "2017-03-31": "60.90000", "2016-12-31": "39.20000", "2016-09-30": "37.60000", "2016-06-30": "44.70000", "2016-03-31": "22.10000", "2015-12-31": "33.40000", "2015-09-30": "1.50000", "2015-06-30": "27.80000", "2015-03-31": "32.90000", "2014-12-31": "31.40000", "2014-09-30": "31.00000", "2014-06-30": "37.60000", "2014-03-31": "27.10000", "2013-12-31": "23.60000", "2013-09-30": "26.80000", "2013-06-30": "30.20000", "2013-03-31": "31.70000", "2012-12-31": "21.10000", "2012-09-30": "14.80000", "2012-06-30": "15.60000", "2012-03-31": "29.20000", "2011-12-31": "18.90000", "2011-09-30": "16.90000", "2011-06-30": "20.10000", "2011-03-31": "19.60000", "2010-12-31": "6.00000", "2010-09-30": "17.80000", "2010-06-30": "21.70000", "2010-03-31": "19.80000", "2009-12-31": "20.30000", "2009-09-30": "17.20000", "2009-06-30": "19.70000", "2009-03-31": "15.40000", "2008-12-31": "17.80000", "2008-09-30": "13.30000", "2008-06-30": "28.70000", "2008-03-31": "26.20000", "2007-12-31": "6.00000", "2007-09-30": "12.20000", "2007-06-30": "26.00000", "2007-03-31": "26.50000", "2006-12-31": "15.00000", "2006-09-30": "13.30000", "2006-06-30": "20.70000", "2006-03-31": "18.10000", "2005-12-31": "12.50000", "2005-09-30": "7.80000", "2005-06-30": "12.80000", "2005-03-31": "13.30000"}, "EBITDA": {"2020-09-30": "127.60000", "2020-06-30": "129.80000", "2020-03-31": "114.00000", "2019-12-31": "104.39990", "2019-09-30": "92.60010", "2019-06-30": "106.80000", "2019-03-31": "96.20000", "2018-12-31": "92.09980", "2018-09-30": "87.00000", "2018-06-30": "85.80000", "2018-03-31": "79.80000", "2017-12-31": "85.30000", "2017-09-30": "87.90000", "2017-06-30": "65.50000", "2017-03-31": "83.80000", "2016-12-31": "75.49990", "2016-09-30": "74.20000", "2016-06-30": "83.90000", "2016-03-31": "52.30000", "2015-12-31": "68.50010", "2015-09-30": "18.90000", "2015-06-30": "61.30000", "2015-03-31": "69.80000", "2014-12-31": "66.60000", "2014-09-30": "67.10000", "2014-06-30": "77.20000", "2014-03-31": "61.10000", "2013-12-31": "59.00010", "2013-09-30": "61.60000", "2013-06-30": "63.20000", "2013-03-31": "63.80000", "2012-12-31": "51.70000", "2012-09-30": "45.60000", "2012-06-30": "54.40000", "2012-03-31": "60.30000", "2011-12-31": "45.30010", "2011-09-30": "44.60000", "2011-06-30": "47.10000", "2011-03-31": "48.30000", "2010-12-31": "25.49990", "2010-09-30": "43.60000", "2010-06-30": "48.20000", "2010-03-31": "46.60000", "2009-12-31": "39.99990", "2009-09-30": "44.20000", "2009-06-30": "45.20000", "2009-03-31": "36.20000", "2008-12-31": "40.69990", "2008-09-30": "33.40000", "2008-06-30": "57.80000", "2008-03-31": "52.80000", "2007-12-31": "21.90000", "2007-09-30": "26.80000", "2007-06-30": "49.20000", "2007-03-31": "53.60000", "2006-12-31": "34.70000", "2006-09-30": "32.90000", "2006-06-30": "45.10000", "2006-03-31": "41.00000", "2005-12-31": "33.80000", "2005-09-30": "26.20000", "2005-06-30": "30.70000", "2005-03-31": "30.10000"}, "EBIT": {"2020-09-30": "99.20000", "2020-06-30": "103.60000", "2020-03-31": "88.00000", "2019-12-31": "78.10000", "2019-09-30": "67.30010", "2019-06-30": "80.50000", "2019-03-31": "70.70000", "2018-12-31": "65.79990", "2018-09-30": "60.80000", "2018-06-30": "60.30000", "2018-03-31": "53.40000", "2017-12-31": "60.40000", "2017-09-30": "62.90000", "2017-06-30": "42.00000", "2017-03-31": "60.50000", "2016-12-31": "52.69990", "2016-09-30": "51.30000", "2016-06-30": "61.20000", "2016-03-31": "30.00000", "2015-12-31": "45.20010", "2015-09-30": "-3.50000", "2015-06-30": "39.10000", "2015-03-31": "47.80000", "2014-12-31": "44.60000", "2014-09-30": "44.00000", "2014-06-30": "54.10000", "2014-03-31": "39.30000", "2013-12-31": "36.90010", "2013-09-30": "39.70000", "2013-06-30": "42.50000", "2013-03-31": "43.30000", "2012-12-31": "31.50000", "2012-09-30": "26.30000", "2012-06-30": "35.60000", "2012-03-31": "41.70000", "2011-12-31": "26.90010", "2011-09-30": "26.10000", "2011-06-30": "27.80000", "2011-03-31": "28.80000", "2010-12-31": "6.00000", "2010-09-30": "25.30000", "2010-06-30": "30.50000", "2010-03-31": "28.90000", "2009-12-31": "21.70000", "2009-09-30": "25.90000", "2009-06-30": "28.70000", "2009-03-31": "21.20000", "2008-12-31": "25.49990", "2008-09-30": "17.90000", "2008-06-30": "42.60000", "2008-03-31": "38.10000", "2007-12-31": "7.50000", "2007-09-30": "12.90000", "2007-06-30": "34.90000", "2007-03-31": "39.60000", "2006-12-31": "21.00000", "2006-09-30": "19.70000", "2006-06-30": "32.10000", "2006-03-31": "28.20000", "2005-12-31": "20.20000", "2005-09-30": "13.20000", "2005-06-30": "19.90000", "2005-03-31": "20.10000"}, "Basic Shares Outstanding": {"2020-09-30": "73.90000", "2020-06-30": "73.80000", "2020-03-31": "73.90000", "2019-12-31": "74.00000", "2019-09-30": "74.00000", "2019-06-30": "73.70000", "2019-03-31": "74.10000", "2018-12-31": "73.90000", "2018-09-30": "73.90000", "2018-06-30": "73.60000", "2018-03-31": "73.90000", "2017-12-31": "73.90000", "2017-09-30": "74.20000", "2017-06-30": "73.90000", "2017-03-31": "73.30000", "2016-12-31": "73.30000", "2016-09-30": "73.30000", "2016-06-30": "73.30000", "2016-03-31": "72.50000", "2015-12-31": "72.00000", "2015-09-30": "72.20000", "2015-06-30": "72.00000", "2015-03-31": "71.70000", "2014-12-31": "70.90000", "2014-09-30": "71.00000", "2014-06-30": "70.80000", "2014-03-31": "70.60000", "2013-12-31": "69.60000", "2013-09-30": "69.80000", "2013-06-30": "69.50000", "2013-03-31": "69.00000", "2012-12-31": "68.10000", "2012-09-30": "68.30000", "2012-06-30": "68.00000", "2012-03-31": "67.80000", "2011-12-31": "67.30000", "2011-09-30": "67.60000", "2011-06-30": "67.20000", "2011-03-31": "66.80000", "2010-12-31": "66.60000", "2010-09-30": "66.80000", "2010-06-30": "66.60000", "2010-03-31": "66.20000", "2009-12-31": "65.60000", "2009-09-30": "65.80000", "2009-06-30": "65.60000", "2009-03-31": "65.40000", "2008-12-31": "64.80000", "2008-09-30": "65.00000", "2008-06-30": "64.80000", "2008-03-31": "64.40000", "2007-12-31": "65.40000", "2007-09-30": "65.40000", "2007-06-30": "65.80000", "2007-03-31": "65.40000", "2006-12-31": "64.40000", "2006-09-30": "64.40000", "2006-06-30": "64.20000", "2006-03-31": "63.40000", "2005-12-31": "62.20000", "2005-09-30": "62.66800", "2005-06-30": "61.95600", "2005-03-31": "61.29000"}, "Shares Outstanding": {"2020-09-30": "75.80000", "2020-06-30": "75.50000", "2020-03-31": "75.50000", "2019-12-31": "75.40000", "2019-09-30": "75.50000", "2019-06-30": "75.10000", "2019-03-31": "75.30000", "2018-12-31": "75.40000", "2018-09-30": "75.70000", "2018-06-30": "75.00000", "2018-03-31": "75.50000", "2017-12-31": "75.80000", "2017-09-30": "75.90000", "2017-06-30": "75.80000", "2017-03-31": "74.90000", "2016-12-31": "75.00000", "2016-09-30": "75.00000", "2016-06-30": "74.80000", "2016-03-31": "74.10000", "2015-12-31": "73.80000", "2015-09-30": "73.90000", "2015-06-30": "73.70000", "2015-03-31": "73.30000", "2014-12-31": "72.80000", "2014-09-30": "72.60000", "2014-06-30": "72.40000", "2014-03-31": "72.30000", "2013-12-31": "71.40000", "2013-09-30": "71.40000", "2013-06-30": "70.80000", "2013-03-31": "70.30000", "2012-12-31": "71.80000", "2012-09-30": "69.40000", "2012-06-30": "73.20000", "2012-03-31": "74.20000", "2011-12-31": "74.00000", "2011-09-30": "74.00000", "2011-06-30": "74.00000", "2011-03-31": "73.60000", "2010-12-31": "73.40000", "2010-09-30": "73.40000", "2010-06-30": "73.40000", "2010-03-31": "73.00000", "2009-12-31": "72.60000", "2009-09-30": "72.80000", "2009-06-30": "72.40000", "2009-03-31": "72.20000", "2008-12-31": "72.20000", "2008-09-30": "72.40000", "2008-06-30": "72.60000", "2008-03-31": "72.20000", "2007-12-31": "72.40000", "2007-09-30": "73.60000", "2007-06-30": "74.20000", "2007-03-31": "69.00000", "2006-12-31": "67.20000", "2006-09-30": "67.60000", "2006-06-30": "67.20000", "2006-03-31": "66.20000", "2005-12-31": "65.00000", "2005-09-30": "65.55200", "2005-06-30": "64.31000", "2005-03-31": "63.55000"}, "Basic EPS": {"2020-09-30": "1.11000", "2020-06-30": "1.24000", "2020-03-31": "1.01000", "2019-12-31": "0.86000", "2019-09-30": "0.76000", "2019-06-30": "0.90000", "2019-03-31": "0.75000", "2018-12-31": "0.70000", "2018-09-30": "0.75000", "2018-06-30": "0.76000", "2018-03-31": "0.59000", "2017-12-31": "-0.01000", "2017-09-30": "0.69000", "2017-06-30": "0.53000", "2017-03-31": "0.83000", "2016-12-31": "0.53000", "2016-09-30": "0.51000", "2016-06-30": "0.61000", "2016-03-31": "0.31000", "2015-12-31": "0.46000", "2015-09-30": "0.02000", "2015-06-30": "0.39000", "2015-03-31": "0.46000", "2014-12-31": "0.44000", "2014-09-30": "0.44000", "2014-06-30": "0.53000", "2014-03-31": "0.38000", "2013-12-31": "0.33000", "2013-09-30": "0.38000", "2013-06-30": "0.44000", "2013-03-31": "0.46000", "2012-12-31": "0.31000", "2012-09-30": "0.22000", "2012-06-30": "0.23000", "2012-03-31": "0.43000", "2011-12-31": "0.27500", "2011-09-30": "0.25000", "2011-06-30": "0.30000", "2011-03-31": "0.29500", "2010-12-31": "0.09000", "2010-09-30": "0.26500", "2010-06-30": "0.32500", "2010-03-31": "0.30000", "2009-12-31": "0.31000", "2009-09-30": "0.26000", "2009-06-30": "0.30000", "2009-03-31": "0.23500", "2008-12-31": "0.27000", "2008-09-30": "0.20500", "2008-06-30": "0.44500", "2008-03-31": "0.40500", "2007-12-31": "0.09500", "2007-09-30": "0.18500", "2007-06-30": "0.39500", "2007-03-31": "0.40500", "2006-12-31": "0.23500", "2006-09-30": "0.20500", "2006-06-30": "0.32000", "2006-03-31": "0.28500", "2005-12-31": "0.20000", "2005-09-30": "0.12500", "2005-06-30": "0.20500", "2005-03-31": "0.21500"}, "EPS - Earnings Per Share": {"2020-09-30": "1.09000", "2020-06-30": "1.21000", "2020-03-31": "0.99000", "2019-12-31": "0.85000", "2019-09-30": "0.75000", "2019-06-30": "0.88000", "2019-03-31": "0.73000", "2018-12-31": "0.68000", "2018-09-30": "0.73000", "2018-06-30": "0.75000", "2018-03-31": "0.58000", "2017-12-31": "0.00000", "2017-09-30": "0.67000", "2017-06-30": "0.51000", "2017-03-31": "0.81000", "2016-12-31": "0.51000", "2016-09-30": "0.50000", "2016-06-30": "0.60000", "2016-03-31": "0.30000", "2015-12-31": "0.45000", "2015-09-30": "0.02000", "2015-06-30": "0.38000", "2015-03-31": "0.45000", "2014-12-31": "0.42000", "2014-09-30": "0.43000", "2014-06-30": "0.52000", "2014-03-31": "0.38000", "2013-12-31": "0.32000", "2013-09-30": "0.37000", "2013-06-30": "0.43000", "2013-03-31": "0.45000", "2012-12-31": "0.31000", "2012-09-30": "0.21000", "2012-06-30": "0.22500", "2012-03-31": "0.40500", "2011-12-31": "0.27000", "2011-09-30": "0.24500", "2011-06-30": "0.28500", "2011-03-31": "0.28000", "2010-12-31": "0.09500", "2010-09-30": "0.25500", "2010-06-30": "0.31000", "2010-03-31": "0.28500", "2009-12-31": "0.29500", "2009-09-30": "0.25000", "2009-06-30": "0.28500", "2009-03-31": "0.23000", "2008-12-31": "0.26000", "2008-09-30": "0.20000", "2008-06-30": "0.41000", "2008-03-31": "0.38000", "2007-12-31": "0.09500", "2007-09-30": "0.18000", "2007-06-30": "0.36500", "2007-03-31": "0.38500", "2006-12-31": "0.22000", "2006-09-30": "0.19500", "2006-06-30": "0.31000", "2006-03-31": "0.27500", "2005-12-31": "0.18000", "2005-09-30": "0.12000", "2005-06-30": "0.20000", "2005-03-31": "0.21000"}}, "balance sheet": {"Cash On Hand": {"2019-12-31": "439.10000", "2018-12-31": "337.40000", "2017-12-31": "235.90000", "2016-12-31": "203.00000", "2015-12-31": "274.60000", "2014-12-31": "255.30000", "2013-12-31": "230.00000", "2012-12-31": "174.30000", "2011-12-31": "118.30000", "2010-12-31": "110.20000", "2009-12-31": "83.10000", "2008-12-31": "87.20000", "2007-12-31": "129.40000", "2006-12-31": "47.10000", "2005-12-31": "48.80000"}, "Receivables": {"2019-12-31": "319.30000", "2018-12-31": "288.20000", "2017-12-31": "253.20000", "2016-12-31": "200.50000", "2015-12-31": "181.40000", "2014-12-31": "179.00000", "2013-12-31": "185.70000", "2012-12-31": "175.00000", "2011-12-31": "147.20000", "2010-12-31": "126.40000", "2009-12-31": "138.70000", "2008-12-31": "128.60000", "2007-12-31": "136.10000", "2006-12-31": "109.50000", "2005-12-31": "110.50000"}, "Inventory": {"2019-12-31": "235.70000", "2018-12-31": "214.50000", "2017-12-31": "215.20000", "2016-12-31": "199.30000", "2015-12-31": "181.10000", "2014-12-31": "181.50000", "2013-12-31": "176.90000", "2012-12-31": "162.20000", "2011-12-31": "151.80000", "2010-12-31": "147.00000", "2009-12-31": "129.20000", "2008-12-31": "115.70000", "2007-12-31": "111.80000", "2006-12-31": "97.50000", "2005-12-31": "71.10000"}, "Pre-Paid Expenses": {"2019-12-31": "", "2018-12-31": "", "2017-12-31": "", "2016-12-31": "", "2015-12-31": "", "2014-12-31": "", "2013-12-31": "", "2012-12-31": "", "2011-12-31": "", "2010-12-31": "", "2009-12-31": "", "2008-12-31": "", "2007-12-31": "", "2006-12-31": "", "2005-12-31": ""}, "Other Current Assets": {"2019-12-31": "64.60000", "2018-12-31": "54.30000", "2017-12-31": "39.20000", "2016-12-31": "39.10000", "2015-12-31": "36.60000", "2014-12-31": "35.50000", "2013-12-31": "42.20000", "2012-12-31": "38.10000", "2011-12-31": "46.80000", "2010-12-31": "42.50000", "2009-12-31": "38.40000", "2008-12-31": "29.60000", "2007-12-31": "29.70000", "2006-12-31": "22.30000", "2005-12-31": "14.30000"}, "Total Current Assets": {"2019-12-31": "1058.70000", "2018-12-31": "894.40000", "2017-12-31": "743.50000", "2016-12-31": "641.90000", "2015-12-31": "673.70000", "2014-12-31": "659.10000", "2013-12-31": "650.70000", "2012-12-31": "557.30000", "2011-12-31": "472.00000", "2010-12-31": "436.60000", "2009-12-31": "397.20000", "2008-12-31": "366.20000", "2007-12-31": "412.30000", "2006-12-31": "281.70000", "2005-12-31": "247.10000"}, "Property, Plant, And Equipment": {"2019-12-31": "839.30000", "2018-12-31": "822.00000", "2017-12-31": "855.00000", "2016-12-31": "778.30000", "2015-12-31": "721.00000", "2014-12-31": "705.80000", "2013-12-31": "711.70000", "2012-12-31": "669.00000", "2011-12-31": "593.60000", "2010-12-31": "554.80000", "2009-12-31": "577.10000", "2008-12-31": "531.00000", "2007-12-31": "481.70000", "2006-12-31": "384.70000", "2005-12-31": "328.00000"}, "Long-Term Investments": {"2019-12-31": "192.70000", "2018-12-31": "91.20000", "2017-12-31": "85.80000", "2016-12-31": "82.70000", "2015-12-31": "61.30000", "2014-12-31": "60.60000", "2013-12-31": "60.90000", "2012-12-31": "59.80000", "2011-12-31": "56.20000", "2010-12-31": "48.20000", "2009-12-31": "38.20000", "2008-12-31": "33.60000", "2007-12-31": "31.70000", "2006-12-31": "29.70000", "2005-12-31": "27.70000"}, "Goodwill And Intangible Assets": {"2019-12-31": "137.60000", "2018-12-31": "126.10000", "2017-12-31": "129.40000", "2016-12-31": "126.30000", "2015-12-31": "142.20000", "2014-12-31": "150.60000", "2013-12-31": "162.50000", "2012-12-31": "163.10000", "2011-12-31": "163.50000", "2010-12-31": "167.60000", "2009-12-31": "169.80000", "2008-12-31": "155.30000", "2007-12-31": "164.20000", "2006-12-31": "169.10000", "2005-12-31": "159.20000"}, "Other Long-Term Assets": {"2019-12-31": "24.70000", "2018-12-31": "20.50000", "2017-12-31": "23.40000", "2016-12-31": "21.30000", "2015-12-31": "26.40000", "2014-12-31": "27.50000", "2013-12-31": "24.00000", "2012-12-31": "24.50000", "2011-12-31": "28.70000", "2010-12-31": "22.60000", "2009-12-31": "19.30000", "2008-12-31": "18.90000", "2007-12-31": "21.70000", "2006-12-31": "11.10000", "2005-12-31": "16.10000"}, "Total Long-Term Assets": {"2019-12-31": "1282.70000", "2018-12-31": "1084.50000", "2017-12-31": "1119.30000", "2016-12-31": "1074.80000", "2015-12-31": "1021.40000", "2014-12-31": "1010.60000", "2013-12-31": "1020.90000", "2012-12-31": "1006.70000", "2011-12-31": "927.10000", "2010-12-31": "857.70000", "2009-12-31": "873.80000", "2008-12-31": "802.50000", "2007-12-31": "773.30000", "2006-12-31": "636.49990", "2005-12-31": "586.40000"}, "Total Assets": {"2019-12-31": "2341.40000", "2018-12-31": "1978.90000", "2017-12-31": "1862.80000", "2016-12-31": "1716.70000", "2015-12-31": "1695.10000", "2014-12-31": "1669.70000", "2013-12-31": "1671.60000", "2012-12-31": "1564.00000", "2011-12-31": "1399.10000", "2010-12-31": "1294.30000", "2009-12-31": "1271.00000", "2008-12-31": "1168.70000", "2007-12-31": "1185.60000", "2006-12-31": "918.20000", "2005-12-31": "833.50000"}, "Total Current Liabilities": {"2019-12-31": "341.60000", "2018-12-31": "283.70000", "2017-12-31": "279.50000", "2016-12-31": "241.00000", "2015-12-31": "314.30000", "2014-12-31": "252.50000", "2013-12-31": "236.90000", "2012-12-31": "261.80000", "2011-12-31": "243.20000", "2010-12-31": "169.70000", "2009-12-31": "171.10000", "2008-12-31": "159.10000", "2007-12-31": "182.90000", "2006-12-31": "156.90000", "2005-12-31": "128.30000"}, "Long Term Debt": {"2019-12-31": "255.00000", "2018-12-31": "196.00000", "2017-12-31": "197.00000", "2016-12-31": "226.20000", "2015-12-31": "228.90000", "2014-12-31": "308.30000", "2013-12-31": "371.30000", "2012-12-31": "378.80000", "2011-12-31": "299.30000", "2010-12-31": "358.10000", "2009-12-31": "379.10000", "2008-12-31": "382.10000", "2007-12-31": "394.60000", "2006-12-31": "235.80000", "2005-12-31": "280.70000"}, "Other Non-Current Liabilities": {"2019-12-31": "41.20000", "2018-12-31": "33.60000", "2017-12-31": "42.60000", "2016-12-31": "47.20000", "2015-12-31": "", "2014-12-31": "52.60000", "2013-12-31": "55.00000", "2012-12-31": "38.30000", "2011-12-31": "54.10000", "2010-12-31": "33.60000", "2009-12-31": "33.70000", "2008-12-31": "34.00000", "2007-12-31": "30.50000", "2006-12-31": "21.50000", "2005-12-31": "13.70000"}, "Total Long Term Liabilities": {"2019-12-31": "426.60000", "2018-12-31": "298.90000", "2017-12-31": "303.40000", "2016-12-31": "358.20000", "2015-12-31": "356.90000", "2014-12-31": "460.30000", "2013-12-31": "528.30000", "2012-12-31": "573.29990", "2011-12-31": "501.00000", "2010-12-31": "498.90000", "2009-12-31": "520.80000", "2008-12-31": "522.50000", "2007-12-31": "517.40000", "2006-12-31": "346.80000", "2005-12-31": "365.30000"}, "Total Liabilities": {"2019-12-31": "768.20000", "2018-12-31": "582.60000", "2017-12-31": "582.90000", "2016-12-31": "599.20000", "2015-12-31": "671.20000", "2014-12-31": "712.80000", "2013-12-31": "765.20000", "2012-12-31": "835.10000", "2011-12-31": "744.20000", "2010-12-31": "668.60000", "2009-12-31": "691.90000", "2008-12-31": "681.60000", "2007-12-31": "700.30000", "2006-12-31": "503.70000", "2005-12-31": "493.60000"}, "Common Stock Net": {"2019-12-31": "18.80000", "2018-12-31": "18.80000", "2017-12-31": "18.80000", "2016-12-31": "18.40000", "2015-12-31": "18.10000", "2014-12-31": "17.80000", "2013-12-31": "17.60000", "2012-12-31": "17.20000", "2011-12-31": "8.60000", "2010-12-31": "8.60000", "2009-12-31": "8.60000", "2008-12-31": "8.60000", "2007-12-31": "8.60000", "2006-12-31": "8.60000", "2005-12-31": "8.60000"}, "Retained Earnings (Accumulated Deficit)": {"2019-12-31": "1549.40000", "2018-12-31": "1353.40000", "2017-12-31": "1178.20000", "2016-12-31": "1071.60000", "2015-12-31": "964.60000", "2014-12-31": "902.20000", "2013-12-31": "805.00000", "2012-12-31": "719.90000", "2011-12-31": "664.50000", "2010-12-31": "612.60000", "2009-12-31": "569.40000", "2008-12-31": "517.30000", "2007-12-31": "450.30000", "2006-12-31": "375.70000", "2005-12-31": "325.00000"}, "Comprehensive Income": {"2019-12-31": "-149.60000", "2018-12-31": "-154.20000", "2017-12-31": "-117.30000", "2016-12-31": "-186.80000", "2015-12-31": "-162.60000", "2014-12-31": "-119.20000", "2013-12-31": "-32.40000", "2012-12-31": "-75.90000", "2011-12-31": "-71.50000", "2010-12-31": "-31.30000", "2009-12-31": "-19.70000", "2008-12-31": "-44.90000", "2007-12-31": "33.60000", "2006-12-31": "10.60000", "2005-12-31": "8.90000"}, "Other Share Holders Equity": {"2019-12-31": "", "2018-12-31": "", "2017-12-31": "", "2016-12-31": "", "2015-12-31": "", "2014-12-31": "", "2013-12-31": "", "2012-12-31": "", "2011-12-31": "", "2010-12-31": "", "2009-12-31": "", "2008-12-31": "", "2007-12-31": "", "2006-12-31": "", "2005-12-31": ""}, "Share Holder Equity": {"2019-12-31": "1573.20000", "2018-12-31": "1396.30000", "2017-12-31": "1279.90000", "2016-12-31": "1117.50000", "2015-12-31": "1023.90000", "2014-12-31": "956.90000", "2013-12-31": "906.40000", "2012-12-31": "728.90000", "2011-12-31": "654.90000", "2010-12-31": "625.70000", "2009-12-31": "579.10000", "2008-12-31": "487.10000", "2007-12-31": "485.30000", "2006-12-31": "414.50000", "2005-12-31": "339.90000"}, "Total Liabilities And Share Holders Equity": {"2019-12-31": "2341.40000", "2018-12-31": "1978.90000", "2017-12-31": "1862.80000", "2016-12-31": "1716.70000", "2015-12-31": "1695.10000", "2014-12-31": "1669.70000", "2013-12-31": "1671.60000", "2012-12-31": "1564.00000", "2011-12-31": "1399.10000", "2010-12-31": "1294.30000", "2009-12-31": "1271.00000", "2008-12-31": "1168.70000", "2007-12-31": "1185.60000", "2006-12-31": "918.20000", "2005-12-31": "833.50000"}}, "balance sheet, quarterly": {"Cash On Hand": {"2020-09-30": "519.40000", "2020-06-30": "445.90000", "2020-03-31": "335.30000", "2019-12-31": "439.10000", "2019-09-30": "396.00000", "2019-06-30": "326.70000", "2019-03-31": "265.50000", "2018-12-31": "337.40000", "2018-09-30": "297.30000", "2018-06-30": "225.50000", "2018-03-31": "199.80000", "2017-12-31": "235.90000", "2017-09-30": "269.30000", "2017-06-30": "226.60000", "2017-03-31": "169.40000", "2016-12-31": "203.00000", "2016-09-30": "205.90000", "2016-06-30": "202.70000", "2016-03-31": "178.10000", "2015-12-31": "274.60000", "2015-09-30": "256.80000", "2015-06-30": "252.00000", "2015-03-31": "207.10000", "2014-12-31": "255.30000", "2014-09-30": "246.80000", "2014-06-30": "226.70000", "2014-03-31": "230.00000", "2013-12-31": "230.00000", "2013-09-30": "229.20000", "2013-06-30": "198.10000", "2013-03-31": "183.20000", "2012-12-31": "174.30000", "2012-09-30": "165.10000", "2012-06-30": "132.50000", "2012-03-31": "126.60000", "2011-12-31": "118.30000", "2011-09-30": "119.20000", "2011-06-30": "110.40000", "2011-03-31": "94.60000", "2010-12-31": "110.20000", "2010-09-30": "97.10000", "2010-06-30": "67.50000", "2010-03-31": "65.90000", "2009-12-31": "83.10000", "2009-09-30": "79.50000", "2009-06-30": "86.90000", "2009-03-31": "65.60000", "2008-12-31": "87.20000", "2008-09-30": "108.50000", "2008-06-30": "112.00000", "2008-03-31": "106.50000", "2007-12-31": "129.40000", "2007-09-30": "151.40000", "2007-06-30": "177.30000", "2007-03-31": "156.60000", "2006-12-31": "47.10000", "2006-09-30": "44.80000", "2006-06-30": "46.10000", "2006-03-31": "31.30000", "2005-12-31": "48.80000", "2005-09-30": "20.90000", "2005-06-30": "61.50000", "2005-03-31": "54.00000"}, "Receivables": {"2020-09-30": "373.00000", "2020-06-30": "340.60000", "2020-03-31": "333.00000", "2019-12-31": "319.30000", "2019-09-30": "316.10000", "2019-06-30": "330.80000", "2019-03-31": "318.20000", "2018-12-31": "288.20000", "2018-09-30": "302.90000", "2018-06-30": "296.70000", "2018-03-31": "290.40000", "2017-12-31": "253.20000", "2017-09-30": "251.80000", "2017-06-30": "242.40000", "2017-03-31": "224.80000", "2016-12-31": "200.50000", "2016-09-30": "209.50000", "2016-06-30": "219.00000", "2016-03-31": "209.60000", "2015-12-31": "181.40000", "2015-09-30": "194.60000", "2015-06-30": "198.80000", "2015-03-31": "189.50000", "2014-12-31": "179.00000", "2014-09-30": "195.90000", "2014-06-30": "209.60000", "2014-03-31": "208.70000", "2013-12-31": "185.70000", "2013-09-30": "198.20000", "2013-06-30": "195.30000", "2013-03-31": "189.00000", "2012-12-31": "175.00000", "2012-09-30": "182.90000", "2012-06-30": "185.00000", "2012-03-31": "176.00000", "2011-12-31": "147.20000", "2011-09-30": "153.10000", "2011-06-30": "165.70000", "2011-03-31": "161.20000", "2010-12-31": "126.40000", "2010-09-30": "142.80000", "2010-06-30": "145.70000", "2010-03-31": "146.60000", "2009-12-31": "138.70000", "2009-09-30": "142.50000", "2009-06-30": "143.40000", "2009-03-31": "137.20000", "2008-12-31": "128.60000", "2008-09-30": "140.60000", "2008-06-30": "159.20000", "2008-03-31": "151.90000", "2007-12-31": "136.10000", "2007-09-30": "136.80000", "2007-06-30": "136.70000", "2007-03-31": "143.30000", "2006-12-31": "109.50000", "2006-09-30": "121.90000", "2006-06-30": "125.50000", "2006-03-31": "126.60000", "2005-12-31": "110.50000", "2005-09-30": "104.80000", "2005-06-30": "103.30000", "2005-03-31": "84.30000"}, "Inventory": {"2020-09-30": "294.90000", "2020-06-30": "274.80000", "2020-03-31": "251.00000", "2019-12-31": "235.70000", "2019-09-30": "230.40000", "2019-06-30": "232.30000", "2019-03-31": "226.10000", "2018-12-31": "214.50000", "2018-09-30": "206.80000", "2018-06-30": "208.20000", "2018-03-31": "215.70000", "2017-12-31": "215.20000", "2017-09-30": "215.80000", "2017-06-30": "211.30000", "2017-03-31": "212.30000", "2016-12-31": "199.30000", "2016-09-30": "201.10000", "2016-06-30": "197.70000", "2016-03-31": "194.10000", "2015-12-31": "181.10000", "2015-09-30": "187.70000", "2015-06-30": "187.20000", "2015-03-31": "183.40000", "2014-12-31": "181.50000", "2014-09-30": "185.70000", "2014-06-30": "187.90000", "2014-03-31": "187.50000", "2013-12-31": "176.90000", "2013-09-30": "176.70000", "2013-06-30": "176.50000", "2013-03-31": "173.50000", "2012-12-31": "162.20000", "2012-09-30": "165.90000", "2012-06-30": "159.20000", "2012-03-31": "158.20000", "2011-12-31": "151.80000", "2011-09-30": "155.50000", "2011-06-30": "161.20000", "2011-03-31": "157.10000", "2010-12-31": "147.00000", "2010-09-30": "148.40000", "2010-06-30": "143.30000", "2010-03-31": "144.80000", "2009-12-31": "129.20000", "2009-09-30": "135.90000", "2009-06-30": "130.00000", "2009-03-31": "120.00000", "2008-12-31": "115.70000", "2008-09-30": "124.70000", "2008-06-30": "127.30000", "2008-03-31": "119.30000", "2007-12-31": "111.80000", "2007-09-30": "119.70000", "2007-06-30": "111.70000", "2007-03-31": "107.70000", "2006-12-31": "97.50000", "2006-09-30": "94.40000", "2006-06-30": "87.20000", "2006-03-31": "86.30000", "2005-12-31": "71.10000", "2005-09-30": "64.70000", "2005-06-30": "64.60000", "2005-03-31": "62.50000"}, "Pre-Paid Expenses": {"2020-09-30": "", "2020-06-30": "", "2020-03-31": "", "2019-12-31": "", "2019-09-30": "", "2019-06-30": "", "2019-03-31": "", "2018-12-31": "", "2018-09-30": "", "2018-06-30": "", "2018-03-31": "", "2017-12-31": "", "2017-09-30": "", "2017-06-30": "", "2017-03-31": "", "2016-12-31": "", "2016-09-30": "", "2016-06-30": "", "2016-03-31": "", "2015-12-31": "", "2015-09-30": "", "2015-06-30": "", "2015-03-31": "", "2014-12-31": "", "2014-09-30": "", "2014-06-30": "", "2014-03-31": "", "2013-12-31": "", "2013-09-30": "", "2013-06-30": "", "2013-03-31": "", "2012-12-31": "", "2012-09-30": "", "2012-06-30": "", "2012-03-31": "", "2011-12-31": "", "2011-09-30": "", "2011-06-30": "", "2011-03-31": "", "2010-12-31": "", "2010-09-30": "", "2010-06-30": "", "2010-03-31": "", "2009-12-31": "", "2009-09-30": "", "2009-06-30": "", "2009-03-31": "", "2008-12-31": "", "2008-09-30": "", "2008-06-30": "", "2008-03-31": "", "2007-12-31": "", "2007-09-30": "", "2007-06-30": "", "2007-03-31": "", "2006-12-31": "", "2006-09-30": "", "2006-06-30": "", "2006-03-31": "", "2005-12-31": "", "2005-09-30": "", "2005-06-30": "", "2005-03-31": ""}, "Other Current Assets": {"2020-09-30": "51.00000", "2020-06-30": "49.30000", "2020-03-31": "58.20000", "2019-12-31": "64.60000", "2019-09-30": "61.60000", "2019-06-30": "54.50000", "2019-03-31": "57.80000", "2018-12-31": "54.30000", "2018-09-30": "43.10000", "2018-06-30": "36.50000", "2018-03-31": "37.60000", "2017-12-31": "39.20000", "2017-09-30": "40.00000", "2017-06-30": "37.50000", "2017-03-31": "46.10000", "2016-12-31": "39.10000", "2016-09-30": "41.60000", "2016-06-30": "39.80000", "2016-03-31": "48.90000", "2015-12-31": "36.60000", "2015-09-30": "33.50000", "2015-06-30": "33.70000", "2015-03-31": "36.40000", "2014-12-31": "35.50000", "2014-09-30": "32.70000", "2014-06-30": "44.40000", "2014-03-31": "44.10000", "2013-12-31": "42.20000", "2013-09-30": "30.10000", "2013-06-30": "33.80000", "2013-03-31": "35.10000", "2012-12-31": "38.10000", "2012-09-30": "36.00000", "2012-06-30": "32.90000", "2012-03-31": "34.50000", "2011-12-31": "46.80000", "2011-09-30": "65.00000", "2011-06-30": "61.60000", "2011-03-31": "56.90000", "2010-12-31": "42.50000", "2010-09-30": "44.60000", "2010-06-30": "40.00000", "2010-03-31": "40.30000", "2009-12-31": "38.40000", "2009-09-30": "36.80000", "2009-06-30": "31.60000", "2009-03-31": "29.50000", "2008-12-31": "29.60000", "2008-09-30": "31.30000", "2008-06-30": "39.00000", "2008-03-31": "36.00000", "2007-12-31": "29.70000", "2007-09-30": "22.90000", "2007-06-30": "21.00000", "2007-03-31": "19.00000", "2006-12-31": "22.30000", "2006-09-30": "21.70000", "2006-06-30": "21.80000", "2006-03-31": "16.60000", "2005-12-31": "14.30000", "2005-09-30": "19.80000", "2005-06-30": "19.20000", "2005-03-31": "15.10000"}, "Total Current Assets": {"2020-09-30": "1238.30000", "2020-06-30": "1110.60000", "2020-03-31": "977.50000", "2019-12-31": "1058.70000", "2019-09-30": "1004.10000", "2019-06-30": "944.30000", "2019-03-31": "867.60000", "2018-12-31": "894.40000", "2018-09-30": "850.10000", "2018-06-30": "766.90000", "2018-03-31": "743.50000", "2017-12-31": "743.50000", "2017-09-30": "776.90000", "2017-06-30": "717.80000", "2017-03-31": "652.60000", "2016-12-31": "641.90000", "2016-09-30": "658.10000", "2016-06-30": "659.20000", "2016-03-31": "630.70000", "2015-12-31": "673.70000", "2015-09-30": "680.90000", "2015-06-30": "679.90000", "2015-03-31": "625.10000", "2014-12-31": "659.10000", "2014-09-30": "679.50000", "2014-06-30": "685.40000", "2014-03-31": "686.60000", "2013-12-31": "650.70000", "2013-09-30": "643.50000", "2013-06-30": "613.30000", "2013-03-31": "589.70000", "2012-12-31": "557.30000", "2012-09-30": "557.30000", "2012-06-30": "517.00000", "2012-03-31": "502.80000", "2011-12-31": "472.00000", "2011-09-30": "503.50000", "2011-06-30": "510.40000", "2011-03-31": "481.10000", "2010-12-31": "436.60000", "2010-09-30": "441.20000", "2010-06-30": "403.90000", "2010-03-31": "404.90000", "2009-12-31": "397.20000", "2009-09-30": "399.10000", "2009-06-30": "396.20000", "2009-03-31": "356.20000", "2008-12-31": "366.20000", "2008-09-30": "410.50000", "2008-06-30": "443.40000", "2008-03-31": "419.80000", "2007-12-31": "412.30000", "2007-09-30": "436.60000", "2007-06-30": "452.30000", "2007-03-31": "432.20000", "2006-12-31": "281.70000", "2006-09-30": "285.80000", "2006-06-30": "283.20000", "2006-03-31": "263.20000", "2005-12-31": "247.10000", "2005-09-30": "217.80000", "2005-06-30": "255.70000", "2005-03-31": "223.00000"}, "Property, Plant, And Equipment": {"2020-09-30": "883.40000", "2020-06-30": "839.80000", "2020-03-31": "828.30000", "2019-12-31": "839.30000", "2019-09-30": "812.10000", "2019-06-30": "822.90000", "2019-03-31": "814.70000", "2018-12-31": "822.00000", "2018-09-30": "822.00000", "2018-06-30": "826.70000", "2018-03-31": "857.80000", "2017-12-31": "855.00000", "2017-09-30": "835.40000", "2017-06-30": "811.80000", "2017-03-31": "782.80000", "2016-12-31": "778.30000", "2016-09-30": "772.70000", "2016-06-30": "741.20000", "2016-03-31": "732.50000", "2015-12-31": "721.00000", "2015-09-30": "689.50000", "2015-06-30": "685.40000", "2015-03-31": "675.80000", "2014-12-31": "705.80000", "2014-09-30": "694.80000", "2014-06-30": "709.20000", "2014-03-31": "712.00000", "2013-12-31": "711.70000", "2013-09-30": "682.00000", "2013-06-30": "663.40000", "2013-03-31": "658.50000", "2012-12-31": "669.00000", "2012-09-30": "637.00000", "2012-06-30": "620.30000", "2012-03-31": "619.20000", "2011-12-31": "593.60000", "2011-09-30": "576.10000", "2011-06-30": "581.50000", "2011-03-31": "574.50000", "2010-12-31": "554.80000", "2010-09-30": "556.70000", "2010-06-30": "532.50000", "2010-03-31": "556.20000", "2009-12-31": "577.10000", "2009-09-30": "570.40000", "2009-06-30": "548.00000", "2009-03-31": "517.70000", "2008-12-31": "531.00000", "2008-09-30": "518.60000", "2008-06-30": "522.00000", "2008-03-31": "506.00000", "2007-12-31": "481.70000", "2007-09-30": "428.50000", "2007-06-30": "408.50000", "2007-03-31": "395.20000", "2006-12-31": "384.70000", "2006-09-30": "348.40000", "2006-06-30": "339.00000", "2006-03-31": "330.50000", "2005-12-31": "328.00000", "2005-09-30": "322.20000", "2005-06-30": "318.50000", "2005-03-31": "277.50000"}, "Long-Term Investments": {"2020-09-30": "209.60000", "2020-06-30": "199.60000", "2020-03-31": "197.70000", "2019-12-31": "192.70000", "2019-09-30": "97.40000", "2019-06-30": "95.40000", "2019-03-31": "94.90000", "2018-12-31": "91.20000", "2018-09-30": "90.50000", "2018-06-30": "91.80000", "2018-03-31": "89.90000", "2017-12-31": "85.80000", "2017-09-30": "84.60000", "2017-06-30": "83.60000", "2017-03-31": "81.30000", "2016-12-31": "82.70000", "2016-09-30": "81.40000", "2016-06-30": "77.70000", "2016-03-31": "61.60000", "2015-12-31": "61.30000", "2015-09-30": "59.20000", "2015-06-30": "59.80000", "2015-03-31": "59.30000", "2014-12-31": "60.60000", "2014-09-30": "61.80000", "2014-06-30": "60.40000", "2014-03-31": "59.40000", "2013-12-31": "60.90000", "2013-09-30": "59.10000", "2013-06-30": "58.00000", "2013-03-31": "55.60000", "2012-12-31": "59.80000", "2012-09-30": "60.70000", "2012-06-30": "57.50000", "2012-03-31": "58.30000", "2011-12-31": "56.20000", "2011-09-30": "55.00000", "2011-06-30": "51.20000", "2011-03-31": "48.90000", "2010-12-31": "48.20000", "2010-09-30": "43.80000", "2010-06-30": "40.10000", "2010-03-31": "40.20000", "2009-12-31": "38.20000", "2009-09-30": "35.80000", "2009-06-30": "34.40000", "2009-03-31": "36.40000", "2008-12-31": "33.60000", "2008-09-30": "34.10000", "2008-06-30": "35.00000", "2008-03-31": "33.60000", "2007-12-31": "31.70000", "2007-09-30": "30.70000", "2007-06-30": "29.90000", "2007-03-31": "29.00000", "2006-12-31": "29.70000", "2006-09-30": "28.60000", "2006-06-30": "28.90000", "2006-03-31": "27.50000", "2005-12-31": "27.70000", "2005-09-30": "26.70000", "2005-06-30": "27.20000", "2005-03-31": "27.20000"}, "Goodwill And Intangible Assets": {"2020-09-30": "139.90000", "2020-06-30": "138.80000", "2020-03-31": "135.00000", "2019-12-31": "137.60000", "2019-09-30": "135.30000", "2019-06-30": "137.90000", "2019-03-31": "124.70000", "2018-12-31": "126.10000", "2018-09-30": "127.30000", "2018-06-30": "128.30000", "2018-03-31": "131.60000", "2017-12-31": "129.40000", "2017-09-30": "129.60000", "2017-06-30": "128.70000", "2017-03-31": "126.60000", "2016-12-31": "126.30000", "2016-09-30": "129.60000", "2016-06-30": "129.80000", "2016-03-31": "131.50000", "2015-12-31": "142.20000", "2015-09-30": "144.30000", "2015-06-30": "144.70000", "2015-03-31": "144.60000", "2014-12-31": "150.60000", "2014-09-30": "153.80000", "2014-06-30": "160.10000", "2014-03-31": "161.30000", "2013-12-31": "162.50000", "2013-09-30": "161.90000", "2013-06-30": "160.80000", "2013-03-31": "160.90000", "2012-12-31": "163.10000", "2012-09-30": "162.40000", "2012-06-30": "159.50000", "2012-03-31": "163.90000", "2011-12-31": "163.50000", "2011-09-30": "166.20000", "2011-06-30": "170.30000", "2011-03-31": "170.30000", "2010-12-31": "167.60000", "2010-09-30": "169.70000", "2010-06-30": "160.40000", "2010-03-31": "166.30000", "2009-12-31": "169.80000", "2009-09-30": "171.70000", "2009-06-30": "154.20000", "2009-03-31": "152.00000", "2008-12-31": "155.30000", "2008-09-30": "154.70000", "2008-06-30": "159.60000", "2008-03-31": "160.00000", "2007-12-31": "164.20000", "2007-09-30": "174.90000", "2007-06-30": "171.70000", "2007-03-31": "172.70000", "2006-12-31": "169.10000", "2006-09-30": "168.60000", "2006-06-30": "160.30000", "2006-03-31": "158.40000", "2005-12-31": "159.20000", "2005-09-30": "162.80000", "2005-06-30": "107.60000", "2005-03-31": "45.40000"}, "Other Long-Term Assets": {"2020-09-30": "21.80000", "2020-06-30": "21.30000", "2020-03-31": "22.00000", "2019-12-31": "24.70000", "2019-09-30": "20.00000", "2019-06-30": "20.30000", "2019-03-31": "26.40000", "2018-12-31": "20.50000", "2018-09-30": "21.70000", "2018-06-30": "21.50000", "2018-03-31": "21.90000", "2017-12-31": "23.40000", "2017-09-30": "16.70000", "2017-06-30": "16.00000", "2017-03-31": "21.50000", "2016-12-31": "21.30000", "2016-09-30": "22.80000", "2016-06-30": "22.50000", "2016-03-31": "24.00000", "2015-12-31": "26.40000", "2015-09-30": "25.70000", "2015-06-30": "27.40000", "2015-03-31": "27.10000", "2014-12-31": "27.50000", "2014-09-30": "22.90000", "2014-06-30": "24.10000", "2014-03-31": "23.70000", "2013-12-31": "24.00000", "2013-09-30": "25.60000", "2013-06-30": "25.20000", "2013-03-31": "24.10000", "2012-12-31": "24.50000", "2012-09-30": "24.50000", "2012-06-30": "24.50000", "2012-03-31": "28.70000", "2011-12-31": "28.70000", "2011-09-30": "29.10000", "2011-06-30": "30.00000", "2011-03-31": "22.90000", "2010-12-31": "22.60000", "2010-09-30": "20.30000", "2010-06-30": "22.00000", "2010-03-31": "18.90000", "2009-12-31": "19.30000", "2009-09-30": "20.10000", "2009-06-30": "20.90000", "2009-03-31": "19.70000", "2008-12-31": "18.90000", "2008-09-30": "21.20000", "2008-06-30": "22.80000", "2008-03-31": "20.20000", "2007-12-31": "21.70000", "2007-09-30": "20.50000", "2007-06-30": "22.40000", "2007-03-31": "19.40000", "2006-12-31": "11.10000", "2006-09-30": "11.80000", "2006-06-30": "19.60000", "2006-03-31": "17.70000", "2005-12-31": "16.10000", "2005-09-30": "15.10000", "2005-06-30": "23.90000", "2005-03-31": "11.10000"}, "Total Long-Term Assets": {"2020-09-30": "1344.50000", "2020-06-30": "1281.70000", "2020-03-31": "1269.00000", "2019-12-31": "1282.70000", "2019-09-30": "1169.90000", "2019-06-30": "1178.90000", "2019-03-31": "1168.60000", "2018-12-31": "1084.50000", "2018-09-30": "1096.00000", "2018-06-30": "1106.80000", "2018-03-31": "1126.10000", "2017-12-31": "1119.30000", "2017-09-30": "1153.50000", "2017-06-30": "1125.20000", "2017-03-31": "1080.90000", "2016-12-31": "1074.80000", "2016-09-30": "1077.20000", "2016-06-30": "1045.90000", "2016-03-31": "1037.50000", "2015-12-31": "1021.40000", "2015-09-30": "985.60000", "2015-06-30": "983.80000", "2015-03-31": "970.89990", "2014-12-31": "1010.60000", "2014-09-30": "993.80000", "2014-06-30": "1019.30000", "2014-03-31": "1021.60000", "2013-12-31": "1020.90000", "2013-09-30": "1021.00000", "2013-06-30": "999.40000", "2013-03-31": "987.40000", "2012-12-31": "1006.70000", "2012-09-30": "970.10000", "2012-06-30": "945.80000", "2012-03-31": "954.50010", "2011-12-31": "927.10000", "2011-09-30": "894.80000", "2011-06-30": "904.90000", "2011-03-31": "885.00010", "2010-12-31": "857.70000", "2010-09-30": "858.40000", "2010-06-30": "818.20000", "2010-03-31": "848.70000", "2009-12-31": "873.80000", "2009-09-30": "864.80000", "2009-06-30": "821.30000", "2009-03-31": "785.30000", "2008-12-31": "802.50000", "2008-09-30": "799.49990", "2008-06-30": "809.99990", "2008-03-31": "791.00000", "2007-12-31": "773.30000", "2007-09-30": "718.70000", "2007-06-30": "690.40000", "2007-03-31": "674.00010", "2006-12-31": "636.49990", "2006-09-30": "609.20000", "2006-06-30": "600.40000", "2006-03-31": "588.30000", "2005-12-31": "586.40000", "2005-09-30": "581.70000", "2005-06-30": "542.10000", "2005-03-31": "427.00000"}, "Total Assets": {"2020-09-30": "2582.80000", "2020-06-30": "2392.30000", "2020-03-31": "2246.50000", "2019-12-31": "2341.40000", "2019-09-30": "2174.00000", "2019-06-30": "2123.20000", "2019-03-31": "2036.20000", "2018-12-31": "1978.90000", "2018-09-30": "1946.10000", "2018-06-30": "1873.70000", "2018-03-31": "1869.60000", "2017-12-31": "1862.80000", "2017-09-30": "1930.40000", "2017-06-30": "1843.00000", "2017-03-31": "1733.50000", "2016-12-31": "1716.70000", "2016-09-30": "1735.30000", "2016-06-30": "1705.10000", "2016-03-31": "1668.20000", "2015-12-31": "1695.10000", "2015-09-30": "1666.50000", "2015-06-30": "1663.70000", "2015-03-31": "1596.00000", "2014-12-31": "1669.70000", "2014-09-30": "1673.30000", "2014-06-30": "1704.70000", "2014-03-31": "1708.20000", "2013-12-31": "1671.60000", "2013-09-30": "1664.50000", "2013-06-30": "1612.70000", "2013-03-31": "1577.10000", "2012-12-31": "1564.00000", "2012-09-30": "1527.40000", "2012-06-30": "1462.80000", "2012-03-31": "1457.30000", "2011-12-31": "1399.10000", "2011-09-30": "1398.30000", "2011-06-30": "1415.30000", "2011-03-31": "1366.10000", "2010-12-31": "1294.30000", "2010-09-30": "1299.60000", "2010-06-30": "1222.10000", "2010-03-31": "1253.60000", "2009-12-31": "1271.00000", "2009-09-30": "1263.90000", "2009-06-30": "1217.50000", "2009-03-31": "1141.50000", "2008-12-31": "1168.70000", "2008-09-30": "1210.00000", "2008-06-30": "1253.40000", "2008-03-31": "1210.80000", "2007-12-31": "1185.60000", "2007-09-30": "1155.30000", "2007-06-30": "1142.70000", "2007-03-31": "1106.20000", "2006-12-31": "918.20000", "2006-09-30": "895.00000", "2006-06-30": "883.60000", "2006-03-31": "851.50000", "2005-12-31": "833.50000", "2005-09-30": "799.50000", "2005-06-30": "797.80000", "2005-03-31": "650.00000"}, "Total Current Liabilities": {"2020-09-30": "447.70000", "2020-06-30": "375.20000", "2020-03-31": "344.40000", "2019-12-31": "341.60000", "2019-09-30": "335.00000", "2019-06-30": "313.20000", "2019-03-31": "301.10000", "2018-12-31": "283.70000", "2018-09-30": "288.80000", "2018-06-30": "287.60000", "2018-03-31": "263.40000", "2017-12-31": "279.50000", "2017-09-30": "300.00000", "2017-06-30": "289.00000", "2017-03-31": "256.50000", "2016-12-31": "241.00000", "2016-09-30": "236.80000", "2016-06-30": "239.40000", "2016-03-31": "241.10000", "2015-12-31": "314.30000", "2015-09-30": "299.90000", "2015-06-30": "313.70000", "2015-03-31": "296.60000", "2014-12-31": "252.50000", "2014-09-30": "242.50000", "2014-06-30": "221.20000", "2014-03-31": "227.60000", "2013-12-31": "236.90000", "2013-09-30": "246.80000", "2013-06-30": "218.70000", "2013-03-31": "208.10000", "2012-12-31": "261.80000", "2012-09-30": "275.60000", "2012-06-30": "320.20000", "2012-03-31": "302.40000", "2011-12-31": "243.20000", "2011-09-30": "229.30000", "2011-06-30": "192.70000", "2011-03-31": "182.80000", "2010-12-31": "169.70000", "2010-09-30": "158.20000", "2010-06-30": "158.60000", "2010-03-31": "183.80000", "2009-12-31": "171.10000", "2009-09-30": "162.80000", "2009-06-30": "161.50000", "2009-03-31": "138.70000", "2008-12-31": "159.10000", "2008-09-30": "165.50000", "2008-06-30": "178.50000", "2008-03-31": "155.70000", "2007-12-31": "182.90000", "2007-09-30": "162.20000", "2007-06-30": "149.10000", "2007-03-31": "153.30000", "2006-12-31": "156.90000", "2006-09-30": "158.50000", "2006-06-30": "146.60000", "2006-03-31": "133.40000", "2005-12-31": "128.30000", "2005-09-30": "122.60000", "2005-06-30": "113.20000", "2005-03-31": "99.00000"}, "Long Term Debt": {"2020-09-30": "253.40000", "2020-06-30": "253.90000", "2020-03-31": "254.40000", "2019-12-31": "255.00000", "2019-09-30": "195.10000", "2019-06-30": "196.00000", "2019-03-31": "195.50000", "2018-12-31": "196.00000", "2018-09-30": "196.20000", "2018-06-30": "196.40000", "2018-03-31": "198.00000", "2017-12-31": "197.00000", "2017-09-30": "196.60000", "2017-06-30": "195.70000", "2017-03-31": "194.20000", "2016-12-31": "226.20000", "2016-09-30": "228.60000", "2016-06-30": "228.90000", "2016-03-31": "229.50000", "2015-12-31": "228.90000", "2015-09-30": "231.50000", "2015-06-30": "231.70000", "2015-03-31": "231.90000", "2014-12-31": "308.30000", "2014-09-30": "315.50000", "2014-06-30": "359.30000", "2014-03-31": "390.70000", "2013-12-31": "371.30000", "2013-09-30": "381.10000", "2013-06-30": "394.70000", "2013-03-31": "428.40000", "2012-12-31": "378.80000", "2012-09-30": "362.10000", "2012-06-30": "296.40000", "2012-03-31": "294.90000", "2011-12-31": "299.30000", "2011-09-30": "323.30000", "2011-06-30": "367.20000", "2011-03-31": "364.70000", "2010-12-31": "358.10000", "2010-09-30": "369.30000", "2010-06-30": "356.80000", "2010-03-31": "348.30000", "2009-12-31": "379.10000", "2009-09-30": "393.00000", "2009-06-30": "386.30000", "2009-03-31": "384.00000", "2008-12-31": "382.10000", "2008-09-30": "382.00000", "2008-06-30": "397.70000", "2008-03-31": "417.00000", "2007-12-31": "394.60000", "2007-09-30": "393.10000", "2007-06-30": "384.20000", "2007-03-31": "376.60000", "2006-12-31": "235.80000", "2006-09-30": "240.60000", "2006-06-30": "259.30000", "2006-03-31": "270.60000", "2005-12-31": "280.70000", "2005-09-30": "260.20000", "2005-06-30": "277.30000", "2005-03-31": "152.70000"}, "Other Non-Current Liabilities": {"2020-09-30": "46.80000", "2020-06-30": "43.40000", "2020-03-31": "40.00000", "2019-12-31": "41.20000", "2019-09-30": "35.70000", "2019-06-30": "35.40000", "2019-03-31": "34.10000", "2018-12-31": "33.60000", "2018-09-30": "43.80000", "2018-06-30": "42.40000", "2018-03-31": "35.60000", "2017-12-31": "42.60000", "2017-09-30": "46.00000", "2017-06-30": "46.60000", "2017-03-31": "47.30000", "2016-12-31": "47.20000", "2016-09-30": "49.90000", "2016-06-30": "51.70000", "2016-03-31": "49.60000", "2015-12-31": "", "2015-09-30": "48.90000", "2015-06-30": "49.80000", "2015-03-31": "49.60000", "2014-12-31": "52.60000", "2014-09-30": "51.90000", "2014-06-30": "52.90000", "2014-03-31": "52.80000", "2013-12-31": "55.00000", "2013-09-30": "54.20000", "2013-06-30": "57.80000", "2013-03-31": "39.70000", "2012-12-31": "38.30000", "2012-09-30": "37.60000", "2012-06-30": "35.10000", "2012-03-31": "33.40000", "2011-12-31": "54.10000", "2011-09-30": "50.50000", "2011-06-30": "46.30000", "2011-03-31": "43.30000", "2010-12-31": "33.60000", "2010-09-30": "33.80000", "2010-06-30": "36.20000", "2010-03-31": "34.20000", "2009-12-31": "33.70000", "2009-09-30": "35.00000", "2009-06-30": "31.30000", "2009-03-31": "32.50000", "2008-12-31": "34.00000", "2008-09-30": "38.40000", "2008-06-30": "36.50000", "2008-03-31": "35.60000", "2007-12-31": "30.50000", "2007-09-30": "24.80000", "2007-06-30": "24.50000", "2007-03-31": "26.60000", "2006-12-31": "21.50000", "2006-09-30": "57.20000", "2006-06-30": "53.80000", "2006-03-31": "51.70000", "2005-12-31": "13.70000", "2005-09-30": "47.50000", "2005-06-30": "46.20000", "2005-03-31": "45.80000"}, "Total Long Term Liabilities": {"2020-09-30": "416.20000", "2020-06-30": "410.80000", "2020-03-31": "411.90000", "2019-12-31": "426.60000", "2019-09-30": "351.40000", "2019-06-30": "364.90000", "2019-03-31": "365.60000", "2018-12-31": "298.90000", "2018-09-30": "305.50000", "2018-06-30": "304.20000", "2018-03-31": "300.90000", "2017-12-31": "303.40000", "2017-09-30": "313.50000", "2017-06-30": "311.60000", "2017-03-31": "308.40000", "2016-12-31": "358.20000", "2016-09-30": "356.20000", "2016-06-30": "356.30000", "2016-03-31": "353.10000", "2015-12-31": "356.90000", "2015-09-30": "371.30000", "2015-06-30": "360.60000", "2015-03-31": "358.30000", "2014-12-31": "460.30000", "2014-09-30": "460.70000", "2014-06-30": "510.90000", "2014-03-31": "546.00000", "2013-12-31": "528.30000", "2013-09-30": "581.00000", "2013-06-30": "609.80000", "2013-03-31": "623.10000", "2012-12-31": "573.29990", "2012-09-30": "534.70000", "2012-06-30": "463.10000", "2012-03-31": "460.20000", "2011-12-31": "501.00000", "2011-09-30": "477.70000", "2011-06-30": "526.60000", "2011-03-31": "520.20000", "2010-12-31": "498.90000", "2010-09-30": "509.30000", "2010-06-30": "492.50000", "2010-03-31": "490.10000", "2009-12-31": "520.80000", "2009-09-30": "535.40000", "2009-06-30": "523.00000", "2009-03-31": "514.20000", "2008-12-31": "522.50000", "2008-09-30": "511.90000", "2008-06-30": "528.30000", "2008-03-31": "545.10000", "2007-12-31": "517.40000", "2007-09-30": "511.40000", "2007-06-30": "499.40000", "2007-03-31": "493.40000", "2006-12-31": "346.80000", "2006-09-30": "333.00000", "2006-06-30": "348.50000", "2006-03-31": "356.30000", "2005-12-31": "365.30000", "2005-09-30": "351.50000", "2005-06-30": "369.20000", "2005-03-31": "243.30000"}, "Total Liabilities": {"2020-09-30": "863.90000", "2020-06-30": "786.00000", "2020-03-31": "756.30000", "2019-12-31": "768.20000", "2019-09-30": "686.40000", "2019-06-30": "678.10000", "2019-03-31": "666.70000", "2018-12-31": "582.60000", "2018-09-30": "594.30000", "2018-06-30": "591.80000", "2018-03-31": "564.30000", "2017-12-31": "582.90000", "2017-09-30": "613.50000", "2017-06-30": "600.60000", "2017-03-31": "564.90000", "2016-12-31": "599.20000", "2016-09-30": "593.00000", "2016-06-30": "595.70000", "2016-03-31": "594.20000", "2015-12-31": "671.20000", "2015-09-30": "671.20000", "2015-06-30": "674.30000", "2015-03-31": "654.90000", "2014-12-31": "712.80000", "2014-09-30": "703.20000", "2014-06-30": "732.10000", "2014-03-31": "773.60000", "2013-12-31": "765.20000", "2013-09-30": "827.80000", "2013-06-30": "828.50000", "2013-03-31": "831.20000", "2012-12-31": "835.10000", "2012-09-30": "810.30000", "2012-06-30": "783.30000", "2012-03-31": "762.60000", "2011-12-31": "744.20000", "2011-09-30": "707.00000", "2011-06-30": "719.30000", "2011-03-31": "703.00000", "2010-12-31": "668.60000", "2010-09-30": "667.50000", "2010-06-30": "651.10000", "2010-03-31": "673.90000", "2009-12-31": "691.90000", "2009-09-30": "698.20000", "2009-06-30": "684.50000", "2009-03-31": "652.90000", "2008-12-31": "681.60000", "2008-09-30": "677.40000", "2008-06-30": "706.80000", "2008-03-31": "700.80000", "2007-12-31": "700.30000", "2007-09-30": "673.60000", "2007-06-30": "648.50000", "2007-03-31": "646.70000", "2006-12-31": "503.70000", "2006-09-30": "491.50000", "2006-06-30": "495.10000", "2006-03-31": "489.70000", "2005-12-31": "493.60000", "2005-09-30": "474.10000", "2005-06-30": "482.40000", "2005-03-31": "342.30000"}, "Common Stock Net": {"2020-09-30": "18.80000", "2020-06-30": "18.80000", "2020-03-31": "18.80000", "2019-12-31": "18.80000", "2019-09-30": "18.80000", "2019-06-30": "18.80000", "2019-03-31": "18.80000", "2018-12-31": "18.80000", "2018-09-30": "18.80000", "2018-06-30": "18.80000", "2018-03-31": "18.80000", "2017-12-31": "18.80000", "2017-09-30": "18.70000", "2017-06-30": "18.70000", "2017-03-31": "18.60000", "2016-12-31": "18.40000", "2016-09-30": "18.40000", "2016-06-30": "18.40000", "2016-03-31": "18.30000", "2015-12-31": "18.10000", "2015-09-30": "18.00000", "2015-06-30": "18.00000", "2015-03-31": "18.00000", "2014-12-31": "17.80000", "2014-09-30": "17.80000", "2014-06-30": "17.80000", "2014-03-31": "17.70000", "2013-12-31": "17.60000", "2013-09-30": "17.50000", "2013-06-30": "8.70000", "2013-03-31": "8.70000", "2012-12-31": "17.20000", "2012-09-30": "8.60000", "2012-06-30": "8.60000", "2012-03-31": "8.60000", "2011-12-31": "8.60000", "2011-09-30": "8.60000", "2011-06-30": "8.60000", "2011-03-31": "8.60000", "2010-12-31": "8.60000", "2010-09-30": "8.60000", "2010-06-30": "8.60000", "2010-03-31": "8.60000", "2009-12-31": "8.60000", "2009-09-30": "8.60000", "2009-06-30": "8.60000", "2009-03-31": "8.60000", "2008-12-31": "8.60000", "2008-09-30": "8.60000", "2008-06-30": "8.60000", "2008-03-31": "8.60000", "2007-12-31": "8.60000", "2007-09-30": "8.60000", "2007-06-30": "8.60000", "2007-03-31": "8.60000", "2006-12-31": "8.60000", "2006-09-30": "8.60000", "2006-06-30": "8.60000", "2006-03-31": "8.60000", "2005-12-31": "8.60000", "2005-09-30": "8.60000", "2005-06-30": "8.60000", "2005-03-31": "8.60000"}, "Retained Earnings (Accumulated Deficit)": {"2020-09-30": "1773.40000", "2020-06-30": "1703.00000", "2020-03-31": "1611.80000", "2019-12-31": "1549.40000", "2019-09-30": "1497.30000", "2019-06-30": "1452.90000", "2019-03-31": "1398.20000", "2018-12-31": "1353.40000", "2018-09-30": "1312.70000", "2018-06-30": "1258.00000", "2018-03-31": "1222.80000", "2017-12-31": "1178.20000", "2017-09-30": "1188.60000", "2017-06-30": "1148.00000", "2017-03-31": "1118.80000", "2016-12-31": "1071.60000", "2016-09-30": "1041.90000", "2016-06-30": "1013.80000", "2016-03-31": "978.00000", "2015-12-31": "964.60000", "2015-09-30": "939.90000", "2015-06-30": "947.00000", "2015-03-31": "927.20000", "2014-12-31": "902.20000", "2014-09-30": "878.70000", "2014-06-30": "855.50000", "2014-03-31": "825.00000", "2013-12-31": "805.00000", "2013-09-30": "788.60000", "2013-06-30": "775.30000", "2013-03-31": "745.00000", "2012-12-31": "719.90000", "2012-09-30": "711.90000", "2012-06-30": "697.10000", "2012-03-31": "687.60000", "2011-12-31": "664.50000", "2011-09-30": "657.80000", "2011-06-30": "641.20000", "2011-03-31": "626.70000", "2010-12-31": "612.60000", "2010-09-30": "618.00000", "2010-06-30": "600.30000", "2010-03-31": "583.80000", "2009-12-31": "569.40000", "2009-09-30": "559.60000", "2009-06-30": "542.40000", "2009-03-31": "527.70000", "2008-12-31": "517.30000", "2008-09-30": "504.50000", "2008-06-30": "496.00000", "2008-03-31": "471.90000", "2007-12-31": "450.30000", "2007-09-30": "448.80000", "2007-06-30": "445.50000", "2007-03-31": "419.50000", "2006-12-31": "375.70000", "2006-09-30": "365.00000", "2006-06-30": "355.90000", "2006-03-31": "339.00000", "2005-12-31": "325.00000", "2005-09-30": "310.60000", "2005-06-30": "306.60000", "2005-03-31": "297.40000"}, "Comprehensive Income": {"2020-09-30": "-159.50000", "2020-06-30": "-187.80000", "2020-03-31": "-192.30000", "2019-12-31": "-149.60000", "2019-09-30": "-170.40000", "2019-06-30": "-152.20000", "2019-03-31": "-153.40000", "2018-12-31": "-154.20000", "2018-09-30": "-153.80000", "2018-06-30": "-143.70000", "2018-03-31": "-95.80000", "2017-12-31": "-117.30000", "2017-09-30": "-130.60000", "2017-06-30": "-151.80000", "2017-03-31": "-179.00000", "2016-12-31": "-186.80000", "2016-09-30": "-143.80000", "2016-06-30": "-150.30000", "2016-03-31": "-148.00000", "2015-12-31": "-162.60000", "2015-09-30": "-154.40000", "2015-06-30": "-160.20000", "2015-03-31": "-170.30000", "2014-12-31": "-119.20000", "2014-09-30": "-71.30000", "2014-06-30": "-34.70000", "2014-03-31": "-33.80000", "2013-12-31": "-32.40000", "2013-09-30": "-69.50000", "2013-06-30": "-91.40000", "2013-03-31": "-92.50000", "2012-12-31": "-75.90000", "2012-09-30": "-71.80000", "2012-06-30": "-88.80000", "2012-03-31": "-58.50000", "2011-12-31": "-71.50000", "2011-09-30": "-24.50000", "2011-06-30": "-0.60000", "2011-03-31": "-10.80000", "2010-12-31": "-31.30000", "2010-09-30": "-27.80000", "2010-06-30": "-65.00000", "2010-03-31": "-37.40000", "2009-12-31": "-19.70000", "2009-09-30": "-19.10000", "2009-06-30": "-31.40000", "2009-03-31": "-56.10000", "2008-12-31": "-44.90000", "2008-09-30": "17.10000", "2008-06-30": "44.60000", "2008-03-31": "35.50000", "2007-12-31": "33.60000", "2007-09-30": "23.50000", "2007-06-30": "16.90000", "2007-03-31": "10.90000", "2006-12-31": "10.60000", "2006-09-30": "23.00000", "2006-06-30": "19.50000", "2006-03-31": "13.10000", "2005-12-31": "8.90000", "2005-09-30": "11.70000", "2005-06-30": "13.00000", "2005-03-31": "27.40000"}, "Other Share Holders Equity": {"2020-09-30": "", "2020-06-30": "", "2020-03-31": "", "2019-12-31": "", "2019-09-30": "", "2019-06-30": "", "2019-03-31": "", "2018-12-31": "", "2018-09-30": "", "2018-06-30": "", "2018-03-31": "", "2017-12-31": "", "2017-09-30": "", "2017-06-30": "", "2017-03-31": "", "2016-12-31": "", "2016-09-30": "", "2016-06-30": "", "2016-03-31": "", "2015-12-31": "", "2015-09-30": "", "2015-06-30": "", "2015-03-31": "", "2014-12-31": "", "2014-09-30": "", "2014-06-30": "", "2014-03-31": "", "2013-12-31": "", "2013-09-30": "", "2013-06-30": "", "2013-03-31": "", "2012-12-31": "", "2012-09-30": "", "2012-06-30": "", "2012-03-31": "", "2011-12-31": "", "2011-09-30": "", "2011-06-30": "", "2011-03-31": "", "2010-12-31": "", "2010-09-30": "", "2010-06-30": "", "2010-03-31": "", "2009-12-31": "", "2009-09-30": "", "2009-06-30": "", "2009-03-31": "", "2008-12-31": "", "2008-09-30": "", "2008-06-30": "", "2008-03-31": "", "2007-12-31": "", "2007-09-30": "", "2007-06-30": "", "2007-03-31": "", "2006-12-31": "", "2006-09-30": "", "2006-06-30": "", "2006-03-31": "", "2005-12-31": "", "2005-09-30": "", "2005-06-30": "", "2005-03-31": ""}, "Share Holder Equity": {"2020-09-30": "1718.90000", "2020-06-30": "1606.30000", "2020-03-31": "1490.20000", "2019-12-31": "1573.20000", "2019-09-30": "1487.60000", "2019-06-30": "1445.10000", "2019-03-31": "1369.50000", "2018-12-31": "1396.30000", "2018-09-30": "1351.80000", "2018-06-30": "1281.90000", "2018-03-31": "1305.30000", "2017-12-31": "1279.90000", "2017-09-30": "1316.90000", "2017-06-30": "1242.40000", "2017-03-31": "1168.60000", "2016-12-31": "1117.50000", "2016-09-30": "1142.30000", "2016-06-30": "1109.40000", "2016-03-31": "1074.00000", "2015-12-31": "1023.90000", "2015-09-30": "995.30000", "2015-06-30": "989.40000", "2015-03-31": "941.10000", "2014-12-31": "956.90000", "2014-09-30": "970.10000", "2014-06-30": "972.60000", "2014-03-31": "934.60000", "2013-12-31": "906.40000", "2013-09-30": "836.70000", "2013-06-30": "784.20000", "2013-03-31": "745.90000", "2012-12-31": "728.90000", "2012-09-30": "717.10000", "2012-06-30": "679.50000", "2012-03-31": "694.70000", "2011-12-31": "654.90000", "2011-09-30": "691.30000", "2011-06-30": "696.00000", "2011-03-31": "663.10000", "2010-12-31": "625.70000", "2010-09-30": "632.10000", "2010-06-30": "571.00000", "2010-03-31": "579.70000", "2009-12-31": "579.10000", "2009-09-30": "565.70000", "2009-06-30": "533.00000", "2009-03-31": "488.60000", "2008-12-31": "487.10000", "2008-09-30": "532.60000", "2008-06-30": "546.60000", "2008-03-31": "510.00000", "2007-12-31": "485.30000", "2007-09-30": "481.70000", "2007-06-30": "494.20000", "2007-03-31": "459.50000", "2006-12-31": "414.50000", "2006-09-30": "403.50000", "2006-06-30": "388.50000", "2006-03-31": "361.80000", "2005-12-31": "339.90000", "2005-09-30": "325.40000", "2005-06-30": "315.40000", "2005-03-31": "307.70000"}, "Total Liabilities And Share Holders Equity": {"2020-09-30": "2582.80000", "2020-06-30": "2392.30000", "2020-03-31": "2246.50000", "2019-12-31": "2341.40000", "2019-09-30": "2174.00000", "2019-06-30": "2123.20000", "2019-03-31": "2036.20000", "2018-12-31": "1978.90000", "2018-09-30": "1946.10000", "2018-06-30": "1873.70000", "2018-03-31": "1869.60000", "2017-12-31": "1862.80000", "2017-09-30": "1930.40000", "2017-06-30": "1843.00000", "2017-03-31": "1733.50000", "2016-12-31": "1716.70000", "2016-09-30": "1735.30000", "2016-06-30": "1705.10000", "2016-03-31": "1668.20000", "2015-12-31": "1695.10000", "2015-09-30": "1666.50000", "2015-06-30": "1663.70000", "2015-03-31": "1596.00000", "2014-12-31": "1669.70000", "2014-09-30": "1673.30000", "2014-06-30": "1704.70000", "2014-03-31": "1708.20000", "2013-12-31": "1671.60000", "2013-09-30": "1664.50000", "2013-06-30": "1612.70000", "2013-03-31": "1577.10000", "2012-12-31": "1564.00000", "2012-09-30": "1527.40000", "2012-06-30": "1462.80000", "2012-03-31": "1457.30000", "2011-12-31": "1399.10000", "2011-09-30": "1398.30000", "2011-06-30": "1415.30000", "2011-03-31": "1366.10000", "2010-12-31": "1294.30000", "2010-09-30": "1299.60000", "2010-06-30": "1222.10000", "2010-03-31": "1253.60000", "2009-12-31": "1271.00000", "2009-09-30": "1263.90000", "2009-06-30": "1217.50000", "2009-03-31": "1141.50000", "2008-12-31": "1168.70000", "2008-09-30": "1210.00000", "2008-06-30": "1253.40000", "2008-03-31": "1210.80000", "2007-12-31": "1185.60000", "2007-09-30": "1155.30000", "2007-06-30": "1142.70000", "2007-03-31": "1106.20000", "2006-12-31": "918.20000", "2006-09-30": "895.00000", "2006-06-30": "883.60000", "2006-03-31": "851.50000", "2005-12-31": "833.50000", "2005-09-30": "799.50000", "2005-06-30": "797.80000", "2005-03-31": "650.00000"}}, "cash flow statement": {"Net Income/Loss": {"2019-12-31": "241.70000", "2018-12-31": "206.90000", "2017-12-31": "150.70000", "2016-12-31": "143.60000", "2015-12-31": "95.60000", "2014-12-31": "127.10000", "2013-12-31": "112.30000", "2012-12-31": "80.70000", "2011-12-31": "75.50000", "2010-12-31": "65.30000", "2009-12-31": "72.60000", "2008-12-31": "86.60000", "2007-12-31": "71.20000", "2006-12-31": "67.10000", "2005-12-31": "46.40000"}, "Total Depreciation And Amortization - Cash Flow": {"2019-12-31": "103.40000", "2018-12-31": "104.40000", "2017-12-31": "96.70000", "2016-12-31": "90.70000", "2015-12-31": "89.90000", "2014-12-31": "90.00000", "2013-12-31": "85.20000", "2012-12-31": "76.90000", "2011-12-31": "75.70000", "2010-12-31": "73.20000", "2009-12-31": "68.10000", "2008-12-31": "60.60000", "2007-12-31": "56.60000", "2006-12-31": "52.70000", "2005-12-31": "47.40000"}, "Other Non-Cash Items": {"2019-12-31": "36.50000", "2018-12-31": "5.60000", "2017-12-31": "57.30000", "2016-12-31": "43.80000", "2015-12-31": "37.70000", "2014-12-31": "-3.60000", "2013-12-31": "26.70000", "2012-12-31": "33.10000", "2011-12-31": "0.60000", "2010-12-31": "12.30000", "2009-12-31": "12.60000", "2008-12-31": "17.90000", "2007-12-31": "16.40000", "2006-12-31": "24.80000", "2005-12-31": "12.40000"}, "Total Non-Cash Items": {"2019-12-31": "139.90000", "2018-12-31": "110.00000", "2017-12-31": "154.00000", "2016-12-31": "134.50000", "2015-12-31": "127.60000", "2014-12-31": "86.40000", "2013-12-31": "111.90000", "2012-12-31": "110.00000", "2011-12-31": "76.30000", "2010-12-31": "85.50000", "2009-12-31": "80.70000", "2008-12-31": "78.50000", "2007-12-31": "73.00000", "2006-12-31": "77.50000", "2005-12-31": "59.80000"}, "Change In Accounts Receivable": {"2019-12-31": "-33.30000", "2018-12-31": "-43.80000", "2017-12-31": "-39.70000", "2016-12-31": "-23.30000", "2015-12-31": "-14.10000", "2014-12-31": "-6.30000", "2013-12-31": "-9.10000", "2012-12-31": "-25.70000", "2011-12-31": "-25.50000", "2010-12-31": "9.40000", "2009-12-31": "-6.00000", "2008-12-31": "1.90000", "2007-12-31": "-20.50000", "2006-12-31": "2.80000", "2005-12-31": "-13.30000"}, "Change In Inventories": {"2019-12-31": "-18.60000", "2018-12-31": "-7.00000", "2017-12-31": "-3.60000", "2016-12-31": "-21.20000", "2015-12-31": "-11.40000", "2014-12-31": "-16.20000", "2013-12-31": "-13.90000", "2012-12-31": "-8.90000", "2011-12-31": "-9.30000", "2010-12-31": "-20.70000", "2009-12-31": "-6.40000", "2008-12-31": "-13.40000", "2007-12-31": "-9.00000", "2006-12-31": "-22.80000", "2005-12-31": "-0.80000"}, "Change In Accounts Payable": {"2019-12-31": "25.30000", "2018-12-31": "0.40000", "2017-12-31": "12.60000", "2016-12-31": "6.10000", "2015-12-31": "17.20000", "2014-12-31": "-3.50000", "2013-12-31": "4.60000", "2012-12-31": "5.80000", "2011-12-31": "24.60000", "2010-12-31": "-0.30000", "2009-12-31": "-0.70000", "2008-12-31": "-3.30000", "2007-12-31": "16.00000", "2006-12-31": "15.80000", "2005-12-31": "7.10000"}, "Change In Assets/Liabilities": {"2019-12-31": "12.20000", "2018-12-31": "22.10000", "2017-12-31": "-10.70000", "2016-12-31": "-20.30000", "2015-12-31": "-2.50000", "2014-12-31": "-4.60000", "2013-12-31": "14.70000", "2012-12-31": "25.50000", "2011-12-31": "-10.90000", "2010-12-31": "-0.90000", "2009-12-31": "-2.50000", "2008-12-31": "-15.30000", "2007-12-31": "-1.50000", "2006-12-31": "-1.00000", "2005-12-31": "-13.60000"}, "Total Change In Assets/Liabilities": {"2019-12-31": "-14.40000", "2018-12-31": "-28.30000", "2017-12-31": "-41.40000", "2016-12-31": "-58.70000", "2015-12-31": "-10.80000", "2014-12-31": "-30.60000", "2013-12-31": "-3.70000", "2012-12-31": "-3.30000", "2011-12-31": "-21.10000", "2010-12-31": "-12.50000", "2009-12-31": "-15.60000", "2008-12-31": "-30.10000", "2007-12-31": "-15.00000", "2006-12-31": "-5.20000", "2005-12-31": "-20.60000"}, "Cash Flow From Operating Activities": {"2019-12-31": "367.20000", "2018-12-31": "288.60000", "2017-12-31": "263.30000", "2016-12-31": "219.40000", "2015-12-31": "212.40000", "2014-12-31": "182.90000", "2013-12-31": "220.50000", "2012-12-31": "187.40000", "2011-12-31": "130.70000", "2010-12-31": "138.30000", "2009-12-31": "137.70000", "2008-12-31": "135.00000", "2007-12-31": "129.20000", "2006-12-31": "139.40000", "2005-12-31": "85.60000"}, "Net Change In Property, Plant, And Equipment": {"2019-12-31": "-126.40000", "2018-12-31": "-104.70000", "2017-12-31": "-130.80000", "2016-12-31": "-170.20000", "2015-12-31": "-131.60000", "2014-12-31": "-111.90000", "2013-12-31": "-151.90000", "2012-12-31": "-131.30000", "2011-12-31": "-95.40000", "2010-12-31": "-71.10000", "2009-12-31": "-104.90000", "2008-12-31": "-138.60000", "2007-12-31": "-129.40000", "2006-12-31": "-90.30000", "2005-12-31": "-54.10000"}, "Net Change In Intangible Assets": {"2019-12-31": "", "2018-12-31": "", "2017-12-31": "", "2016-12-31": "", "2015-12-31": "", "2014-12-31": "-0.20000", "2013-12-31": "", "2012-12-31": "-0.70000", "2011-12-31": "-1.40000", "2010-12-31": "-2.70000", "2009-12-31": "-2.90000", "2008-12-31": "-0.50000", "2007-12-31": "-4.70000", "2006-12-31": "", "2005-12-31": ""}, "Net Acquisitions/Divestitures": {"2019-12-31": "-18.90000", "2018-12-31": "", "2017-12-31": "-6.00000", "2016-12-31": "", "2015-12-31": "", "2014-12-31": "", "2013-12-31": "-3.90000", "2012-12-31": "", "2011-12-31": "", "2010-12-31": "-3.70000", "2009-12-31": "-16.90000", "2008-12-31": "", "2007-12-31": "", "2006-12-31": "", "2005-12-31": "-174.80000"}, "Net Change In Short-term Investments": {"2019-12-31": "", "2018-12-31": "", "2017-12-31": "", "2016-12-31": "", "2015-12-31": "", "2014-12-31": "7.50000", "2013-12-31": "4.90000", "2012-12-31": "14.40000", "2011-12-31": "-25.60000", "2010-12-31": "", "2009-12-31": "", "2008-12-31": "", "2007-12-31": "", "2006-12-31": "", "2005-12-31": ""}, "Net Change In Long-Term Investments": {"2019-12-31": "-85.10000", "2018-12-31": "", "2017-12-31": "", "2016-12-31": "-8.40000", "2015-12-31": "-1.50000", "2014-12-31": "-0.50000", "2013-12-31": "", "2012-12-31": "", "2011-12-31": "", "2010-12-31": "-7.20000", "2009-12-31": "2.60000", "2008-12-31": "16.80000", "2007-12-31": "-22.70000", "2006-12-31": "", "2005-12-31": ""}, "Net Change In Investments - Total": {"2019-12-31": "-85.10000", "2018-12-31": "", "2017-12-31": "", "2016-12-31": "-8.40000", "2015-12-31": "-1.50000", "2014-12-31": "7.00000", "2013-12-31": "4.90000", "2012-12-31": "14.40000", "2011-12-31": "-25.60000", "2010-12-31": "-7.20000", "2009-12-31": "2.60000", "2008-12-31": "16.80000", "2007-12-31": "-22.70000", "2006-12-31": "", "2005-12-31": ""}, "Investing Activities - Other": {"2019-12-31": "2.40000", "2018-12-31": "3.90000", "2017-12-31": "3.20000", "2016-12-31": "2.80000", "2015-12-31": "3.60000", "2014-12-31": "1.10000", "2013-12-31": "1.00000", "2012-12-31": "1.60000", "2011-12-31": "1.90000", "2010-12-31": "10.70000", "2009-12-31": "0.20000", "2008-12-31": "2.60000", "2007-12-31": "0.90000", "2006-12-31": "0.40000", "2005-12-31": "1.50000"}, "Cash Flow From Investing Activities": {"2019-12-31": "-228.00000", "2018-12-31": "-100.80000", "2017-12-31": "-133.60000", "2016-12-31": "-175.80000", "2015-12-31": "-129.50000", "2014-12-31": "-104.00000", "2013-12-31": "-149.90000", "2012-12-31": "-116.00000", "2011-12-31": "-120.50000", "2010-12-31": "-74.00000", "2009-12-31": "-121.90000", "2008-12-31": "-119.70000", "2007-12-31": "-155.90000", "2006-12-31": "-89.90000", "2005-12-31": "-227.40000"}, "Net Long-Term Debt": {"2019-12-31": "62.10000", "2018-12-31": "-0.10000", "2017-12-31": "-34.90000", "2016-12-31": "-69.80000", "2015-12-31": "44.00000", "2014-12-31": "-22.30000", "2013-12-31": "305.40000", "2012-12-31": "520.50000", "2011-12-31": "192.90000", "2010-12-31": "26.60000", "2009-12-31": "16.40000", "2008-12-31": "9.50000", "2007-12-31": "137.20000", "2006-12-31": "-57.60000", "2005-12-31": "131.60000"}, "Net Current Debt": {"2019-12-31": "", "2018-12-31": "", "2017-12-31": "", "2016-12-31": "", "2015-12-31": "", "2014-12-31": "", "2013-12-31": "", "2012-12-31": "", "2011-12-31": "", "2010-12-31": "-1.10000", "2009-12-31": "-4.30000", "2008-12-31": "3.10000", "2007-12-31": "0.30000", "2006-12-31": "-2.00000", "2005-12-31": "-10.00000"}, "Debt Issuance/Retirement Net - Total": {"2019-12-31": "62.10000", "2018-12-31": "-0.10000", "2017-12-31": "-34.90000", "2016-12-31": "-69.80000", "2015-12-31": "44.00000", "2014-12-31": "-22.30000", "2013-12-31": "305.40000", "2012-12-31": "520.50000", "2011-12-31": "192.90000", "2010-12-31": "25.50000", "2009-12-31": "12.10000", "2008-12-31": "12.60000", "2007-12-31": "137.50000", "2006-12-31": "-59.60000", "2005-12-31": "121.60000"}, "Net Common Equity Issued/Repurchased": {"2019-12-31": "-52.60000", "2018-12-31": "-38.50000", "2017-12-31": "-34.30000", "2016-12-31": "-26.20000", "2015-12-31": "10.30000", "2014-12-31": "13.00000", "2013-12-31": "19.00000", "2012-12-31": "6.20000", "2011-12-31": "2.30000", "2010-12-31": "1.60000", "2009-12-31": "3.70000", "2008-12-31": "1.00000", "2007-12-31": "-38.60000", "2006-12-31": "4.40000", "2005-12-31": "11.40000"}, "Net Total Equity Issued/Repurchased": {"2019-12-31": "-52.60000", "2018-12-31": "-38.50000", "2017-12-31": "-34.30000", "2016-12-31": "-26.20000", "2015-12-31": "10.30000", "2014-12-31": "13.00000", "2013-12-31": "19.00000", "2012-12-31": "6.20000", "2011-12-31": "2.30000", "2010-12-31": "1.60000", "2009-12-31": "3.70000", "2008-12-31": "1.00000", "2007-12-31": "-38.60000", "2006-12-31": "4.40000", "2005-12-31": "11.40000"}, "Total Common And Preferred Stock Dividends Paid": {"2019-12-31": "-45.10000", "2018-12-31": "-42.10000", "2017-12-31": "-39.10000", "2016-12-31": "-35.80000", "2015-12-31": "-32.40000", "2014-12-31": "-29.10000", "2013-12-31": "-26.70000", "2012-12-31": "-24.90000", "2011-12-31": "-23.20000", "2010-12-31": "-21.70000", "2009-12-31": "-20.10000", "2008-12-31": "-18.60000", "2007-12-31": "-17.50000", "2006-12-31": "-15.90000", "2005-12-31": "-14.10000"}, "Financial Activities - Other": {"2019-12-31": "-1.20000", "2018-12-31": "", "2017-12-31": "-0.70000", "2016-12-31": "17.90000", "2015-12-31": "-63.40000", "2014-12-31": "7.60000", "2013-12-31": "-302.80000", "2012-12-31": "-505.20000", "2011-12-31": "-196.70000", "2010-12-31": "-39.40000", "2009-12-31": "-18.30000", "2008-12-31": "-24.40000", "2007-12-31": "3.20000", "2006-12-31": "10.90000", "2005-12-31": "1.60000"}, "Cash Flow From Financial Activities": {"2019-12-31": "-36.80000", "2018-12-31": "-80.70000", "2017-12-31": "-109.00000", "2016-12-31": "-113.90000", "2015-12-31": "-41.50000", "2014-12-31": "-30.80000", "2013-12-31": "-5.10000", "2012-12-31": "-3.40000", "2011-12-31": "-24.70000", "2010-12-31": "-34.00000", "2009-12-31": "-22.60000", "2008-12-31": "-29.40000", "2007-12-31": "84.60000", "2006-12-31": "-60.20000", "2005-12-31": "120.50000"}, "Net Cash Flow": {"2019-12-31": "101.70000", "2018-12-31": "101.50000", "2017-12-31": "32.90000", "2016-12-31": "-71.60000", "2015-12-31": "19.30000", "2014-12-31": "25.30000", "2013-12-31": "68.10000", "2012-12-31": "70.10000", "2011-12-31": "-18.40000", "2010-12-31": "27.10000", "2009-12-31": "-4.10000", "2008-12-31": "-21.20000", "2007-12-31": "61.30000", "2006-12-31": "-1.70000", "2005-12-31": "-20.00000"}, "Stock-Based Compensation": {"2019-12-31": "24.40000", "2018-12-31": "15.10000", "2017-12-31": "16.10000", "2016-12-31": "19.50000", "2015-12-31": "29.60000", "2014-12-31": "18.60000", "2013-12-31": "21.20000", "2012-12-31": "15.50000", "2011-12-31": "8.40000", "2010-12-31": "7.80000", "2009-12-31": "7.50000", "2008-12-31": "6.40000", "2007-12-31": "5.10000", "2006-12-31": "14.50000", "2005-12-31": "8.10000"}, "Common Stock Dividends Paid": {"2019-12-31": "-45.10000", "2018-12-31": "-42.10000", "2017-12-31": "-39.10000", "2016-12-31": "-35.80000", "2015-12-31": "-32.40000", "2014-12-31": "-29.10000", "2013-12-31": "-26.70000", "2012-12-31": "-24.90000", "2011-12-31": "-23.20000", "2010-12-31": "-21.70000", "2009-12-31": "-20.10000", "2008-12-31": "-18.60000", "2007-12-31": "-17.50000", "2006-12-31": "-15.90000", "2005-12-31": "-14.10000"}}, "cash flow statement, quarterly": {"Net Income/Loss": {"2020-09-30": 82.3, "2020-06-30": 91.2, "2020-03-31": "74.30000", "2019-12-31": 63.9, "2019-09-30": 56.3, "2019-06-30": 66.1, "2019-03-31": "55.40000", "2018-12-31": 52, "2018-09-30": 55.2, "2018-06-30": 56.1, "2018-03-31": "43.60000", "2017-12-31": 0, "2017-09-30": 51, "2017-06-30": 38.8, "2017-03-31": "60.90000", "2016-12-31": 39.1, "2016-09-30": 37.6, "2016-06-30": 44.8, "2016-03-31": "22.10000", "2015-12-31": 33.4, "2015-09-30": 1.5, "2015-06-30": 27.8, "2015-03-31": "32.90000", "2014-12-31": 31.4, "2014-09-30": 31, "2014-06-30": 37.6, "2014-03-31": "27.10000", "2013-12-31": 23.6, "2013-09-30": 26.8, "2013-06-30": 30.2, "2013-03-31": "31.70000", "2012-12-31": 21.1, "2012-09-30": 14.8, "2012-06-30": 15.6, "2012-03-31": "29.20000", "2011-12-31": 18.8, "2011-09-30": 17, "2011-06-30": 20.1, "2011-03-31": "19.60000", "2010-12-31": 6, "2010-09-30": 17.7, "2010-06-30": 21.8, "2010-03-31": "19.80000", "2009-12-31": 20.3, "2009-09-30": 17.2, "2009-06-30": 19.7, "2009-03-31": "15.40000", "2008-12-31": 17.8, "2008-09-30": 13.4, "2008-06-30": 29, "2008-03-31": "26.40000", "2007-12-31": 6.5, "2007-09-30": 12.2, "2007-06-30": 26, "2007-03-31": "26.50000", "2006-12-31": 15, "2006-09-30": 13.3, "2006-06-30": 20.7, "2006-03-31": "18.10000", "2005-12-31": 12.5, "2005-09-30": 7.8, "2005-06-30": 12.8, "2005-03-31": "13.30000"}, "Total Depreciation And Amortization - Cash Flow": {"2020-09-30": 28.4, "2020-06-30": 26.2, "2020-03-31": "26.00000", "2019-12-31": 26.3, "2019-09-30": 25.3, "2019-06-30": 26.3, "2019-03-31": "25.50000", "2018-12-31": 26.3, "2018-09-30": 26.2, "2018-06-30": 25.5, "2018-03-31": "26.40000", "2017-12-31": 24.9, "2017-09-30": 25, "2017-06-30": 23.5, "2017-03-31": "23.30000", "2016-12-31": 22.8, "2016-09-30": 22.9, "2016-06-30": 22.7, "2016-03-31": "22.30000", "2015-12-31": 23.3, "2015-09-30": 22.4, "2015-06-30": 22.2, "2015-03-31": "22.00000", "2014-12-31": 22, "2014-09-30": 23.1, "2014-06-30": 23.1, "2014-03-31": "21.80000", "2013-12-31": 22.1, "2013-09-30": 21.9, "2013-06-30": 20.7, "2013-03-31": "20.50000", "2012-12-31": 20.2, "2012-09-30": 19.3, "2012-06-30": 18.8, "2012-03-31": "18.60000", "2011-12-31": 18.4, "2011-09-30": 18.5, "2011-06-30": 19.3, "2011-03-31": "19.50000", "2010-12-31": 19.5, "2010-09-30": 18.3, "2010-06-30": 17.7, "2010-03-31": "17.70000", "2009-12-31": 18.3, "2009-09-30": 18.3, "2009-06-30": 16.5, "2009-03-31": "15.00000", "2008-12-31": 15.2, "2008-09-30": 15.5, "2008-06-30": 15.2, "2008-03-31": "14.70000", "2007-12-31": 14.4, "2007-09-30": 13.9, "2007-06-30": 14.3, "2007-03-31": "14.00000", "2006-12-31": 13.7, "2006-09-30": 13.2, "2006-06-30": 13, "2006-03-31": "12.80000", "2005-12-31": 13.6, "2005-09-30": 13, "2005-06-30": 10.8, "2005-03-31": "10.00000"}, "Other Non-Cash Items": {"2020-09-30": 1.1, "2020-06-30": 17.3, "2020-03-31": "2.40000", "2019-12-31": 14.3, "2019-09-30": 8.7, "2019-06-30": 8, "2019-03-31": "5.50000", "2018-12-31": -9.4, "2018-09-30": 5.7, "2018-06-30": 6, "2018-03-31": "3.30000", "2017-12-31": 32.6, "2017-09-30": 4.6, "2017-06-30": 16.6, "2017-03-31": "3.50000", "2016-12-31": 13.8, "2016-09-30": 2.2, "2016-06-30": 9.2, "2016-03-31": "18.60000", "2015-12-31": -33, "2015-09-30": 51.5, "2015-06-30": 14.9, "2015-03-31": "4.30000", "2014-12-31": -13, "2014-09-30": 2.4, "2014-06-30": 3.9, "2014-03-31": "3.10000", "2013-12-31": 14.9, "2013-09-30": 3.9, "2013-06-30": 3.4, "2013-03-31": "4.50000", "2012-12-31": 7.7, "2012-09-30": 5.3, "2012-06-30": 17.8, "2012-03-31": "2.30000", "2011-12-31": -1.6, "2011-09-30": -1.2, "2011-06-30": 1.3, "2011-03-31": "2.10000", "2010-12-31": 10.9, "2010-09-30": 0.4, "2010-06-30": -0.4, "2010-03-31": "1.40000", "2009-12-31": 7.1, "2009-09-30": 2.2, "2009-06-30": -2.2, "2009-03-31": "5.50000", "2008-12-31": 5.8, "2008-09-30": 4.3, "2008-06-30": 3.4, "2008-03-31": "4.40000", "2007-12-31": 7.8, "2007-09-30": 3.6, "2007-06-30": 3.8, "2007-03-31": "1.20000", "2006-12-31": 14.2, "2006-09-30": 3.6, "2006-06-30": 4.7, "2006-03-31": "2.30000", "2005-12-31": 5.8, "2005-09-30": 0.2, "2005-06-30": 4.1, "2005-03-31": "2.30000"}, "Total Non-Cash Items": {"2020-09-30": 29.5, "2020-06-30": 43.5, "2020-03-31": "28.40000", "2019-12-31": 40.6, "2019-09-30": 34, "2019-06-30": 34.3, "2019-03-31": "31.00000", "2018-12-31": 16.9, "2018-09-30": 31.9, "2018-06-30": 31.5, "2018-03-31": "29.70000", "2017-12-31": 57.5, "2017-09-30": 29.6, "2017-06-30": 40.1, "2017-03-31": "26.80000", "2016-12-31": 36.6, "2016-09-30": 25.1, "2016-06-30": 31.9, "2016-03-31": "40.90000", "2015-12-31": -9.7, "2015-09-30": 73.9, "2015-06-30": 37.1, "2015-03-31": "26.30000", "2014-12-31": 9, "2014-09-30": 25.5, "2014-06-30": 27, "2014-03-31": "24.90000", "2013-12-31": 37, "2013-09-30": 25.8, "2013-06-30": 24.1, "2013-03-31": "25.00000", "2012-12-31": 27.9, "2012-09-30": 24.6, "2012-06-30": 36.6, "2012-03-31": "20.90000", "2011-12-31": 16.8, "2011-09-30": 17.3, "2011-06-30": 20.6, "2011-03-31": "21.60000", "2010-12-31": 30.4, "2010-09-30": 18.7, "2010-06-30": 17.3, "2010-03-31": "19.10000", "2009-12-31": 25.4, "2009-09-30": 20.5, "2009-06-30": 14.3, "2009-03-31": "20.50000", "2008-12-31": 21, "2008-09-30": 19.8, "2008-06-30": 18.6, "2008-03-31": "19.10000", "2007-12-31": 22.2, "2007-09-30": 17.5, "2007-06-30": 18.1, "2007-03-31": "15.20000", "2006-12-31": 27.9, "2006-09-30": 16.8, "2006-06-30": 17.7, "2006-03-31": "15.10000", "2005-12-31": 19.4, "2005-09-30": 13.2, "2005-06-30": 14.9, "2005-03-31": "12.30000"}, "Change In Accounts Receivable": {"2020-09-30": 0, "2020-06-30": 0, "2020-03-31": "", "2019-12-31": -33.3, "2019-09-30": 0, "2019-06-30": 0, "2019-03-31": "", "2018-12-31": -43.8, "2018-09-30": 0, "2018-06-30": 0, "2018-03-31": "", "2017-12-31": -39.7, "2017-09-30": 0, "2017-06-30": 0, "2017-03-31": "", "2016-12-31": -23.3, "2016-09-30": 0, "2016-06-30": 0, "2016-03-31": "", "2015-12-31": -14.1, "2015-09-30": 0, "2015-06-30": 0, "2015-03-31": "", "2014-12-31": -6.3, "2014-09-30": 0, "2014-06-30": 0, "2014-03-31": "", "2013-12-31": -9.1, "2013-09-30": 0, "2013-06-30": 0, "2013-03-31": "", "2012-12-31": -25.7, "2012-09-30": 0, "2012-06-30": 0, "2012-03-31": "", "2011-12-31": -25.5, "2011-09-30": 0, "2011-06-30": 0, "2011-03-31": "", "2010-12-31": 9.4, "2010-09-30": 0, "2010-06-30": 0, "2010-03-31": "", "2009-12-31": -6, "2009-09-30": 0, "2009-06-30": 0, "2009-03-31": "", "2008-12-31": 1.9, "2008-09-30": 0, "2008-06-30": 0, "2008-03-31": "", "2007-12-31": -20.5, "2007-09-30": 0, "2007-06-30": 0, "2007-03-31": "", "2006-12-31": 2.8, "2006-09-30": 0, "2006-06-30": 0, "2006-03-31": "", "2005-12-31": -13.3, "2005-09-30": 0, "2005-06-30": 0, "2005-03-31": ""}, "Change In Inventories": {"2020-09-30": 0, "2020-06-30": 0, "2020-03-31": "", "2019-12-31": -18.6, "2019-09-30": 0, "2019-06-30": 0, "2019-03-31": "", "2018-12-31": -7, "2018-09-30": 0, "2018-06-30": 0, "2018-03-31": "", "2017-12-31": -3.6, "2017-09-30": 0, "2017-06-30": 0, "2017-03-31": "", "2016-12-31": -21.2, "2016-09-30": 0, "2016-06-30": 0, "2016-03-31": "", "2015-12-31": -11.4, "2015-09-30": 0, "2015-06-30": 0, "2015-03-31": "", "2014-12-31": -16.2, "2014-09-30": 0, "2014-06-30": 0, "2014-03-31": "", "2013-12-31": -13.9, "2013-09-30": 0, "2013-06-30": 0, "2013-03-31": "", "2012-12-31": -8.9, "2012-09-30": 0, "2012-06-30": 0, "2012-03-31": "", "2011-12-31": -9.3, "2011-09-30": 0, "2011-06-30": 0, "2011-03-31": "", "2010-12-31": -20.7, "2010-09-30": 0, "2010-06-30": 0, "2010-03-31": "", "2009-12-31": -6.4, "2009-09-30": 0, "2009-06-30": 0, "2009-03-31": "", "2008-12-31": -13.4, "2008-09-30": 0, "2008-06-30": 0, "2008-03-31": "", "2007-12-31": -9, "2007-09-30": 0, "2007-06-30": 0, "2007-03-31": "", "2006-12-31": -22.8, "2006-09-30": 0, "2006-06-30": 0, "2006-03-31": "", "2005-12-31": -0.8, "2005-09-30": 0, "2005-06-30": 0, "2005-03-31": ""}, "Change In Accounts Payable": {"2020-09-30": 0, "2020-06-30": 0, "2020-03-31": "", "2019-12-31": 25.3, "2019-09-30": 0, "2019-06-30": 0, "2019-03-31": "", "2018-12-31": 0.4, "2018-09-30": 0, "2018-06-30": 0, "2018-03-31": "", "2017-12-31": 12.6, "2017-09-30": 0, "2017-06-30": 0, "2017-03-31": "", "2016-12-31": 6.1, "2016-09-30": 0, "2016-06-30": 0, "2016-03-31": "", "2015-12-31": 17.2, "2015-09-30": 0, "2015-06-30": 0, "2015-03-31": "", "2014-12-31": -3.5, "2014-09-30": 0, "2014-06-30": 0, "2014-03-31": "", "2013-12-31": 4.6, "2013-09-30": 0, "2013-06-30": 0, "2013-03-31": "", "2012-12-31": 5.8, "2012-09-30": 0, "2012-06-30": 0, "2012-03-31": "", "2011-12-31": 24.6, "2011-09-30": 0, "2011-06-30": 0, "2011-03-31": "", "2010-12-31": -0.3, "2010-09-30": 0, "2010-06-30": 0, "2010-03-31": "", "2009-12-31": -0.7, "2009-09-30": 0, "2009-06-30": 0, "2009-03-31": "", "2008-12-31": -3.3, "2008-09-30": 0, "2008-06-30": 0, "2008-03-31": "", "2007-12-31": 16, "2007-09-30": 0, "2007-06-30": 0, "2007-03-31": "", "2006-12-31": 15.8, "2006-09-30": 0, "2006-06-30": 0, "2006-03-31": "", "2005-12-31": 7.1, "2005-09-30": 0, "2005-06-30": 0, "2005-03-31": ""}, "Change In Assets/Liabilities": {"2020-09-30": 6.8, "2020-06-30": 13.4, "2020-03-31": "-45.60000", "2019-12-31": 28.5, "2019-09-30": 17.8, "2019-06-30": 4.7, "2019-03-31": "-38.80000", "2018-12-31": 54.7, "2018-09-30": 1.3, "2018-06-30": -5.6, "2018-03-31": "-28.30000", "2017-12-31": 54.7, "2017-09-30": -4.8, "2017-06-30": 6.4, "2017-03-31": "-67.00000", "2016-12-31": 34.5, "2016-09-30": 5.7, "2016-06-30": -0.5, "2016-03-31": "-60.00000", "2015-12-31": 52.6, "2015-09-30": -6.6, "2015-06-30": 12.6, "2015-03-31": "-61.10000", "2014-12-31": 31.6, "2014-09-30": 7.4, "2014-06-30": -0.4, "2014-03-31": "-43.20000", "2013-12-31": 26.6, "2013-09-30": 0.7, "2013-06-30": 25.2, "2013-03-31": "-37.80000", "2012-12-31": 49.6, "2012-09-30": 12.2, "2012-06-30": 0, "2012-03-31": "-36.30000", "2011-12-31": 16.4, "2011-09-30": 5.4, "2011-06-30": -1, "2011-03-31": "-31.70000", "2010-12-31": 22.4, "2010-09-30": 11.6, "2010-06-30": -7.5, "2010-03-31": "-27.40000", "2009-12-31": 20, "2009-09-30": 1.3, "2009-06-30": 15.4, "2009-03-31": "-39.20000", "2008-12-31": 20, "2008-09-30": 8.9, "2008-06-30": 8.2, "2008-03-31": "-52.40000", "2007-12-31": 44.1, "2007-09-30": -5.5, "2007-06-30": -1.7, "2007-03-31": "-38.40000", "2006-12-31": 8.5, "2006-09-30": 8.6, "2006-06-30": 12.1, "2006-03-31": "-30.20000", "2005-12-31": 7.4, "2005-09-30": 3.3, "2005-06-30": -0.4, "2005-03-31": "-23.90000"}, "Total Change In Assets/Liabilities": {"2020-09-30": 6.8, "2020-06-30": 13.4, "2020-03-31": "-45.60000", "2019-12-31": 1.9, "2019-09-30": 17.8, "2019-06-30": 4.7, "2019-03-31": "-38.80000", "2018-12-31": 4.3, "2018-09-30": 1.3, "2018-06-30": -5.6, "2018-03-31": "-28.30000", "2017-12-31": 24, "2017-09-30": -4.8, "2017-06-30": 6.4, "2017-03-31": "-67.00000", "2016-12-31": -3.9, "2016-09-30": 5.7, "2016-06-30": -0.5, "2016-03-31": "-60.00000", "2015-12-31": 44.3, "2015-09-30": -6.6, "2015-06-30": 12.6, "2015-03-31": "-61.10000", "2014-12-31": 5.6, "2014-09-30": 7.4, "2014-06-30": -0.4, "2014-03-31": "-43.20000", "2013-12-31": 8.2, "2013-09-30": 0.7, "2013-06-30": 25.2, "2013-03-31": "-37.80000", "2012-12-31": 20.8, "2012-09-30": 12.2, "2012-06-30": 0, "2012-03-31": "-36.30000", "2011-12-31": 6.2, "2011-09-30": 5.4, "2011-06-30": -1, "2011-03-31": "-31.70000", "2010-12-31": 10.8, "2010-09-30": 11.6, "2010-06-30": -7.5, "2010-03-31": "-27.40000", "2009-12-31": 6.9, "2009-09-30": 1.3, "2009-06-30": 15.4, "2009-03-31": "-39.20000", "2008-12-31": 5.2, "2008-09-30": 8.9, "2008-06-30": 8.2, "2008-03-31": "-52.40000", "2007-12-31": 30.6, "2007-09-30": -5.5, "2007-06-30": -1.7, "2007-03-31": "-38.40000", "2006-12-31": 4.3, "2006-09-30": 8.6, "2006-06-30": 12.1, "2006-03-31": "-30.20000", "2005-12-31": 0.4, "2005-09-30": 3.3, "2005-06-30": -0.4, "2005-03-31": "-23.90000"}, "Cash Flow From Operating Activities": {"2020-09-30": 118.6, "2020-06-30": 148.1, "2020-03-31": "57.10000", "2019-12-31": 106.4, "2019-09-30": 108.1, "2019-06-30": 105.1, "2019-03-31": "47.60000", "2018-12-31": 73.2, "2018-09-30": 88.4, "2018-06-30": 82, "2018-03-31": "45.00000", "2017-12-31": 81.5, "2017-09-30": 75.8, "2017-06-30": 85.3, "2017-03-31": "20.70000", "2016-12-31": 71.8, "2016-09-30": 68.4, "2016-06-30": 76.2, "2016-03-31": "3.00000", "2015-12-31": 68, "2015-09-30": 68.8, "2015-06-30": 77.5, "2015-03-31": "-1.90000", "2014-12-31": 46, "2014-09-30": 63.9, "2014-06-30": 64.2, "2014-03-31": "8.80000", "2013-12-31": 68.8, "2013-09-30": 53.3, "2013-06-30": 79.5, "2013-03-31": "18.90000", "2012-12-31": 69.8, "2012-09-30": 51.6, "2012-06-30": 52.2, "2012-03-31": "13.80000", "2011-12-31": 41.8, "2011-09-30": 39.7, "2011-06-30": 39.7, "2011-03-31": "9.50000", "2010-12-31": 47.2, "2010-09-30": 48, "2010-06-30": 31.6, "2010-03-31": "11.50000", "2009-12-31": 52.6, "2009-09-30": 39, "2009-06-30": 49.4, "2009-03-31": "-3.30000", "2008-12-31": 44, "2008-09-30": 42.1, "2008-06-30": 55.8, "2008-03-31": "-6.90000", "2007-12-31": 59.3, "2007-09-30": 24.2, "2007-06-30": 42.4, "2007-03-31": "3.30000", "2006-12-31": 47.2, "2006-09-30": 38.7, "2006-06-30": 50.5, "2006-03-31": "3.00000", "2005-12-31": 32.3, "2005-09-30": 24.3, "2005-06-30": 27.3, "2005-03-31": "1.70000"}, "Net Change In Property, Plant, And Equipment": {"2020-09-30": -47.5, "2020-06-30": -37.1, "2020-03-31": "-32.10000", "2019-12-31": -37.6, "2019-09-30": -31.7, "2019-06-30": -28.3, "2019-03-31": "-28.80000", "2018-12-31": -30, "2018-09-30": -26.5, "2018-06-30": -20.2, "2018-03-31": "-28.00000", "2017-12-31": -29.5, "2017-09-30": -34.3, "2017-06-30": -29.5, "2017-03-31": "-37.50000", "2016-12-31": -47.5, "2016-09-30": -48.7, "2016-06-30": -35, "2016-03-31": "-39.00000", "2015-12-31": -44.8, "2015-09-30": -29.7, "2015-06-30": -26.7, "2015-03-31": "-30.40000", "2014-12-31": -27.1, "2014-09-30": -28.6, "2014-06-30": -24.5, "2014-03-31": "-31.70000", "2013-12-31": -38.8, "2013-09-30": -29.3, "2013-06-30": -22.1, "2013-03-31": "-61.70000", "2012-12-31": -32.9, "2012-09-30": -29, "2012-06-30": -37, "2012-03-31": "-32.40000", "2011-12-31": -33.4, "2011-09-30": -24.2, "2011-06-30": -18.4, "2011-03-31": "-19.40000", "2010-12-31": -21.3, "2010-09-30": -17.2, "2010-06-30": -14.9, "2010-03-31": "-17.70000", "2009-12-31": -28.5, "2009-09-30": -27.6, "2009-06-30": -24.6, "2009-03-31": "-24.20000", "2008-12-31": -50.4, "2008-09-30": -35, "2008-06-30": -30.4, "2008-03-31": "-22.80000", "2007-12-31": -60.4, "2007-09-30": -23.9, "2007-06-30": -24.2, "2007-03-31": "-20.90000", "2006-12-31": -43.1, "2006-09-30": -20.4, "2006-06-30": -15.4, "2006-03-31": "-11.40000", "2005-12-31": -21.5, "2005-09-30": -14, "2005-06-30": -10.5, "2005-03-31": "-8.10000"}, "Net Change In Intangible Assets": {"2020-09-30": 0, "2020-06-30": -3.8, "2020-03-31": "", "2019-12-31": 0, "2019-09-30": 0, "2019-06-30": 0, "2019-03-31": "", "2018-12-31": 0, "2018-09-30": 0, "2018-06-30": 0, "2018-03-31": "", "2017-12-31": 0, "2017-09-30": 0, "2017-06-30": 0, "2017-03-31": "", "2016-12-31": 0, "2016-09-30": 0, "2016-06-30": 0, "2016-03-31": "", "2015-12-31": 0, "2015-09-30": 0, "2015-06-30": 0, "2015-03-31": "", "2014-12-31": -0.2, "2014-09-30": 0, "2014-06-30": 0, "2014-03-31": "", "2013-12-31": 0, "2013-09-30": 0, "2013-06-30": 0, "2013-03-31": "", "2012-12-31": -0.7, "2012-09-30": 0, "2012-06-30": 0, "2012-03-31": "0.00000", "2011-12-31": -1.4, "2011-09-30": 0.4, "2011-06-30": 0, "2011-03-31": "-0.40000", "2010-12-31": -2.7, "2010-09-30": 0, "2010-06-30": 0, "2010-03-31": "0.00000", "2009-12-31": -0.1, "2009-09-30": 0.1, "2009-06-30": -0.4, "2009-03-31": "-2.50000", "2008-12-31": -0.1, "2008-09-30": 0, "2008-06-30": -0.4, "2008-03-31": "", "2007-12-31": -0.5, "2007-09-30": 0, "2007-06-30": 0, "2007-03-31": "-4.20000", "2006-12-31": 0, "2006-09-30": 0, "2006-06-30": 0, "2006-03-31": "", "2005-12-31": 0, "2005-09-30": 0, "2005-06-30": 0, "2005-03-31": ""}, "Net Acquisitions/Divestitures": {"2020-09-30": 0, "2020-06-30": 0, "2020-03-31": "", "2019-12-31": 0, "2019-09-30": 0, "2019-06-30": -18.9, "2019-03-31": "", "2018-12-31": 0, "2018-09-30": 0, "2018-06-30": 0, "2018-03-31": "", "2017-12-31": 0, "2017-09-30": 0, "2017-06-30": -6, "2017-03-31": "", "2016-12-31": 0, "2016-09-30": 0, "2016-06-30": 0, "2016-03-31": "", "2015-12-31": 0, "2015-09-30": 0, "2015-06-30": 0, "2015-03-31": "", "2014-12-31": 0, "2014-09-30": 0, "2014-06-30": 0, "2014-03-31": "", "2013-12-31": -3.9, "2013-09-30": 0, "2013-06-30": 0, "2013-03-31": "", "2012-12-31": 0, "2012-09-30": 0, "2012-06-30": 0, "2012-03-31": "", "2011-12-31": 0, "2011-09-30": 0, "2011-06-30": 0, "2011-03-31": "", "2010-12-31": 0, "2010-09-30": -2.4, "2010-06-30": 0, "2010-03-31": "-1.30000", "2009-12-31": 0, "2009-09-30": -16.9, "2009-06-30": 0, "2009-03-31": "", "2008-12-31": 0, "2008-09-30": 0, "2008-06-30": 0, "2008-03-31": "", "2007-12-31": 0, "2007-09-30": 0, "2007-06-30": 0, "2007-03-31": "", "2006-12-31": 0, "2006-09-30": 0, "2006-06-30": 0, "2006-03-31": "", "2005-12-31": 0.3, "2005-09-30": -34.1, "2005-06-30": -137.6, "2005-03-31": "-3.40000"}, "Net Change In Short-term Investments": {"2020-09-30": 0, "2020-06-30": 0, "2020-03-31": "", "2019-12-31": 0, "2019-09-30": 0, "2019-06-30": 0, "2019-03-31": "", "2018-12-31": 0, "2018-09-30": 0, "2018-06-30": 0, "2018-03-31": "", "2017-12-31": 0, "2017-09-30": 0, "2017-06-30": 0, "2017-03-31": "", "2016-12-31": 0, "2016-09-30": 0, "2016-06-30": 0, "2016-03-31": "", "2015-12-31": 0, "2015-09-30": 0, "2015-06-30": 0, "2015-03-31": "", "2014-12-31": 0, "2014-09-30": 8.5, "2014-06-30": 3.2, "2014-03-31": "-4.20000", "2013-12-31": -0.1, "2013-09-30": 0.1, "2013-06-30": 0.7, "2013-03-31": "4.20000", "2012-12-31": 9.6, "2012-09-30": 3.5, "2012-06-30": 1.1, "2012-03-31": "0.20000", "2011-12-31": -2.8, "2011-09-30": -8.2, "2011-06-30": -5, "2011-03-31": "-9.60000", "2010-12-31": 2.8, "2010-09-30": -2.8, "2010-06-30": 0, "2010-03-31": "", "2009-12-31": 0, "2009-09-30": 0, "2009-06-30": 0, "2009-03-31": "", "2008-12-31": 0, "2008-09-30": 0, "2008-06-30": 0, "2008-03-31": "", "2007-12-31": 0, "2007-09-30": 0, "2007-06-30": 0, "2007-03-31": "", "2006-12-31": 0, "2006-09-30": 0, "2006-06-30": 0, "2006-03-31": "", "2005-12-31": 0, "2005-09-30": 0, "2005-06-30": 0, "2005-03-31": ""}, "Net Change In Long-Term Investments": {"2020-09-30": 0, "2020-06-30": 0, "2020-03-31": "", "2019-12-31": -85.1, "2019-09-30": 0, "2019-06-30": 0, "2019-03-31": "", "2018-12-31": 0, "2018-09-30": 0, "2018-06-30": 0, "2018-03-31": "", "2017-12-31": 0, "2017-09-30": 0, "2017-06-30": 0, "2017-03-31": "", "2016-12-31": 0, "2016-09-30": 0, "2016-06-30": -8.4, "2016-03-31": "", "2015-12-31": -1.5, "2015-09-30": 0, "2015-06-30": 0, "2015-03-31": "", "2014-12-31": -0.5, "2014-09-30": 0, "2014-06-30": 0, "2014-03-31": "", "2013-12-31": 0, "2013-09-30": 0, "2013-06-30": 0, "2013-03-31": "", "2012-12-31": 0, "2012-09-30": 0, "2012-06-30": 0, "2012-03-31": "", "2011-12-31": 0, "2011-09-30": 0, "2011-06-30": 0, "2011-03-31": "", "2010-12-31": -7.2, "2010-09-30": 2.8, "2010-06-30": -2.1, "2010-03-31": "-0.70000", "2009-12-31": -1.6, "2009-09-30": 2.3, "2009-06-30": 0.4, "2009-03-31": "1.50000", "2008-12-31": 2.2, "2008-09-30": 3.5, "2008-06-30": 3.3, "2008-03-31": "7.80000", "2007-12-31": -22.7, "2007-09-30": 0, "2007-06-30": 0, "2007-03-31": "", "2006-12-31": 0, "2006-09-30": 0, "2006-06-30": 0, "2006-03-31": "", "2005-12-31": 0, "2005-09-30": 0, "2005-06-30": 0, "2005-03-31": ""}, "Net Change In Investments - Total": {"2020-09-30": 0, "2020-06-30": 0, "2020-03-31": "", "2019-12-31": -85.1, "2019-09-30": 0, "2019-06-30": 0, "2019-03-31": "", "2018-12-31": 0, "2018-09-30": 0, "2018-06-30": 0, "2018-03-31": "", "2017-12-31": 0, "2017-09-30": 0, "2017-06-30": 0, "2017-03-31": "", "2016-12-31": 0, "2016-09-30": 0, "2016-06-30": -8.4, "2016-03-31": "", "2015-12-31": -1.5, "2015-09-30": 0, "2015-06-30": 0, "2015-03-31": "", "2014-12-31": -0.5, "2014-09-30": 8.5, "2014-06-30": 3.2, "2014-03-31": "-4.20000", "2013-12-31": -0.1, "2013-09-30": 0.1, "2013-06-30": 0.7, "2013-03-31": "4.20000", "2012-12-31": 9.6, "2012-09-30": 3.5, "2012-06-30": 1.1, "2012-03-31": "0.20000", "2011-12-31": -2.8, "2011-09-30": -8.2, "2011-06-30": -5, "2011-03-31": "-9.60000", "2010-12-31": -4.4, "2010-09-30": 0, "2010-06-30": -2.1, "2010-03-31": "-0.70000", "2009-12-31": -1.6, "2009-09-30": 2.3, "2009-06-30": 0.4, "2009-03-31": "1.50000", "2008-12-31": 2.2, "2008-09-30": 3.5, "2008-06-30": 3.3, "2008-03-31": "7.80000", "2007-12-31": -22.7, "2007-09-30": 0, "2007-06-30": 0, "2007-03-31": "", "2006-12-31": 0, "2006-09-30": 0, "2006-06-30": 0, "2006-03-31": "", "2005-12-31": 0, "2005-09-30": 0, "2005-06-30": 0, "2005-03-31": ""}, "Investing Activities - Other": {"2020-09-30": -1.6, "2020-06-30": 0, "2020-03-31": "0.20000", "2019-12-31": 2.1, "2019-09-30": 0.1, "2019-06-30": 0.1, "2019-03-31": "0.10000", "2018-12-31": 1.4, "2018-09-30": 0, "2018-06-30": 3.2, "2018-03-31": "-0.70000", "2017-12-31": 0.1, "2017-09-30": 0.3, "2017-06-30": 0, "2017-03-31": "2.80000", "2016-12-31": 0.8, "2016-09-30": 0.8, "2016-06-30": 0.8, "2016-03-31": "0.40000", "2015-12-31": 2.4, "2015-09-30": 0.2, "2015-06-30": 1.2, "2015-03-31": "-0.20000", "2014-12-31": 1.5, "2014-09-30": -0.6, "2014-06-30": -0.1, "2014-03-31": "0.30000", "2013-12-31": 3.9, "2013-09-30": 0.1, "2013-06-30": -2.8, "2013-03-31": "-0.20000", "2012-12-31": 1.3, "2012-09-30": 0, "2012-06-30": 0, "2012-03-31": "0.30000", "2011-12-31": 1.3, "2011-09-30": 0, "2011-06-30": 0.3, "2011-03-31": "0.30000", "2010-12-31": 9.8, "2010-09-30": 0.8, "2010-06-30": 0.1, "2010-03-31": "", "2009-12-31": 0.1, "2009-09-30": 0, "2009-06-30": 0.1, "2009-03-31": "", "2008-12-31": 1.8, "2008-09-30": 0.7, "2008-06-30": 0, "2008-03-31": "0.10000", "2007-12-31": 0.1, "2007-09-30": 0.1, "2007-06-30": 0.7, "2007-03-31": "", "2006-12-31": 0.1, "2006-09-30": 0, "2006-06-30": 0.1, "2006-03-31": "0.20000", "2005-12-31": 0.1, "2005-09-30": 0.3, "2005-06-30": 1, "2005-03-31": "0.10000"}, "Cash Flow From Investing Activities": {"2020-09-30": -49.1, "2020-06-30": -40.9, "2020-03-31": "-31.90000", "2019-12-31": -120.6, "2019-09-30": -31.6, "2019-06-30": -47.1, "2019-03-31": "-28.70000", "2018-12-31": -28.6, "2018-09-30": -26.5, "2018-06-30": -17, "2018-03-31": "-28.70000", "2017-12-31": -29.4, "2017-09-30": -34, "2017-06-30": -35.5, "2017-03-31": "-34.70000", "2016-12-31": -46.7, "2016-09-30": -47.9, "2016-06-30": -42.6, "2016-03-31": "-38.60000", "2015-12-31": -43.9, "2015-09-30": -29.5, "2015-06-30": -25.5, "2015-03-31": "-30.60000", "2014-12-31": -26.3, "2014-09-30": -20.7, "2014-06-30": -21.4, "2014-03-31": "-35.60000", "2013-12-31": -38.9, "2013-09-30": -29.1, "2013-06-30": -24.2, "2013-03-31": "-57.70000", "2012-12-31": -22.7, "2012-09-30": -25.5, "2012-06-30": -35.9, "2012-03-31": "-31.90000", "2011-12-31": -36.3, "2011-09-30": -32, "2011-06-30": -23.1, "2011-03-31": "-29.10000", "2010-12-31": -18.6, "2010-09-30": -18.8, "2010-06-30": -16.9, "2010-03-31": "-19.70000", "2009-12-31": -30.1, "2009-09-30": -42.1, "2009-06-30": -24.5, "2009-03-31": "-25.20000", "2008-12-31": -46.5, "2008-09-30": -30.8, "2008-06-30": -27.5, "2008-03-31": "-14.90000", "2007-12-31": -83.5, "2007-09-30": -23.8, "2007-06-30": -23.5, "2007-03-31": "-25.10000", "2006-12-31": -43, "2006-09-30": -20.4, "2006-06-30": -15.3, "2006-03-31": "-11.20000", "2005-12-31": -21.1, "2005-09-30": -47.8, "2005-06-30": -147.1, "2005-03-31": "-11.40000"}, "Net Long-Term Debt": {"2020-09-30": -0.6, "2020-06-30": -0.5, "2020-03-31": "-0.60000", "2019-12-31": 34.1, "2019-09-30": 0, "2019-06-30": 28, "2019-03-31": "", "2018-12-31": -0.1, "2018-09-30": 0, "2018-06-30": 0, "2018-03-31": "", "2017-12-31": -33.1, "2017-09-30": -0.6, "2017-06-30": -0.6, "2017-03-31": "-0.60000", "2016-12-31": -0.6, "2016-09-30": -0.6, "2016-06-30": -0.6, "2016-03-31": "-68.00000", "2015-12-31": 70.7, "2015-09-30": -69.1, "2015-06-30": 36.7, "2015-03-31": "5.70000", "2014-12-31": -243, "2014-09-30": 38.9, "2014-06-30": 57.1, "2014-03-31": "124.70000", "2013-12-31": 42.2, "2013-09-30": 70.9, "2013-06-30": 58.9, "2013-03-31": "133.40000", "2012-12-31": 93.6, "2012-09-30": 394, "2012-06-30": 3.7, "2012-03-31": "29.20000", "2011-12-31": 176.4, "2011-09-30": 10.5, "2011-06-30": 0, "2011-03-31": "6.00000", "2010-12-31": 31.3, "2010-09-30": 0, "2010-06-30": -2.5, "2010-03-31": "-2.20000", "2009-12-31": 11.5, "2009-09-30": -1.5, "2009-06-30": -5.1, "2009-03-31": "11.50000", "2008-12-31": 20.8, "2008-09-30": -3.4, "2008-06-30": -17.4, "2008-03-31": "9.50000", "2007-12-31": -4.5, "2007-09-30": 0.3, "2007-06-30": 6.8, "2007-03-31": "134.60000", "2006-12-31": -9.9, "2006-09-30": -20, "2006-06-30": -18.8, "2006-03-31": "-8.90000", "2005-12-31": 21.8, "2005-09-30": -17.5, "2005-06-30": 124.7, "2005-03-31": "2.60000"}, "Net Current Debt": {"2020-09-30": 0, "2020-06-30": 0, "2020-03-31": "", "2019-12-31": 0, "2019-09-30": 0, "2019-06-30": 0, "2019-03-31": "", "2018-12-31": 0, "2018-09-30": 0, "2018-06-30": 0, "2018-03-31": "", "2017-12-31": 0, "2017-09-30": 0, "2017-06-30": 0, "2017-03-31": "", "2016-12-31": 0, "2016-09-30": 0, "2016-06-30": 0, "2016-03-31": "", "2015-12-31": 0, "2015-09-30": 0, "2015-06-30": 0, "2015-03-31": "", "2014-12-31": 0, "2014-09-30": 0, "2014-06-30": 0, "2014-03-31": "", "2013-12-31": 0, "2013-09-30": 0, "2013-06-30": 0, "2013-03-31": "", "2012-12-31": 0, "2012-09-30": 0, "2012-06-30": 0, "2012-03-31": "", "2011-12-31": 0.6, "2011-09-30": -0.1, "2011-06-30": -0.2, "2011-03-31": "-0.30000", "2010-12-31": -1.2, "2010-09-30": 0.6, "2010-06-30": -0.2, "2010-03-31": "-0.30000", "2009-12-31": -3.8, "2009-09-30": -0.3, "2009-06-30": -0.2, "2009-03-31": "", "2008-12-31": 3.4, "2008-09-30": -0.1, "2008-06-30": -0.1, "2008-03-31": "-0.10000", "2007-12-31": -0.1, "2007-09-30": 0.8, "2007-06-30": -2.1, "2007-03-31": "1.70000", "2006-12-31": -0.9, "2006-09-30": -1.3, "2006-06-30": 1.7, "2006-03-31": "-1.50000", "2005-12-31": 0, "2005-09-30": 0, "2005-06-30": 0, "2005-03-31": "-10.00000"}, "Debt Issuance/Retirement Net - Total": {"2020-09-30": -0.6, "2020-06-30": -0.5, "2020-03-31": "-0.60000", "2019-12-31": 34.1, "2019-09-30": 0, "2019-06-30": 28, "2019-03-31": "", "2018-12-31": -0.1, "2018-09-30": 0, "2018-06-30": 0, "2018-03-31": "", "2017-12-31": -33.1, "2017-09-30": -0.6, "2017-06-30": -0.6, "2017-03-31": "-0.60000", "2016-12-31": -0.6, "2016-09-30": -0.6, "2016-06-30": -0.6, "2016-03-31": "-68.00000", "2015-12-31": 70.7, "2015-09-30": -69.1, "2015-06-30": 36.7, "2015-03-31": "5.70000", "2014-12-31": -243, "2014-09-30": 38.9, "2014-06-30": 57.1, "2014-03-31": "124.70000", "2013-12-31": 42.2, "2013-09-30": 70.9, "2013-06-30": 58.9, "2013-03-31": "133.40000", "2012-12-31": 93.6, "2012-09-30": 394, "2012-06-30": 3.7, "2012-03-31": "29.20000", "2011-12-31": 177, "2011-09-30": 10.4, "2011-06-30": -0.2, "2011-03-31": "5.70000", "2010-12-31": 30.1, "2010-09-30": 0.6, "2010-06-30": -2.7, "2010-03-31": "-2.50000", "2009-12-31": 7.7, "2009-09-30": -1.8, "2009-06-30": -5.3, "2009-03-31": "11.50000", "2008-12-31": 24.2, "2008-09-30": -3.5, "2008-06-30": -17.5, "2008-03-31": "9.40000", "2007-12-31": -4.6, "2007-09-30": 1.1, "2007-06-30": 4.7, "2007-03-31": "136.30000", "2006-12-31": -10.8, "2006-09-30": -21.3, "2006-06-30": -17.1, "2006-03-31": "-10.40000", "2005-12-31": 21.8, "2005-09-30": -17.5, "2005-06-30": 124.7, "2005-03-31": "-7.40000"}, "Net Common Equity Issued/Repurchased": {"2020-09-30": 5.3, "2020-06-30": 11.4, "2020-03-31": "-107.90000", "2019-12-31": 1, "2019-09-30": 10.7, "2019-06-30": 14.3, "2019-03-31": "-78.60000", "2018-12-31": 3, "2018-09-30": 20.4, "2018-06-30": -15.4, "2018-03-31": "-46.50000", "2017-12-31": -42.8, "2017-09-30": 7.5, "2017-06-30": 12.6, "2017-03-31": "-11.60000", "2016-12-31": -20.3, "2016-09-30": -6.4, "2016-06-30": -0.1, "2016-03-31": "0.60000", "2015-12-31": 3.9, "2015-09-30": 2.3, "2015-06-30": 2.5, "2015-03-31": "1.60000", "2014-12-31": 4.4, "2014-09-30": 6, "2014-06-30": 3.5, "2014-03-31": "-0.90000", "2013-12-31": 7.2, "2013-09-30": 5.2, "2013-06-30": 3.4, "2013-03-31": "3.20000", "2012-12-31": 1.8, "2012-09-30": 2.6, "2012-06-30": 1, "2012-03-31": "0.80000", "2011-12-31": 0.6, "2011-09-30": 1.3, "2011-06-30": 1.8, "2011-03-31": "-1.40000", "2010-12-31": 0.7, "2010-09-30": 0.6, "2010-06-30": 0.4, "2010-03-31": "-0.10000", "2009-12-31": 0.5, "2009-09-30": 1.3, "2009-06-30": 2, "2009-03-31": "-0.10000", "2008-12-31": 0.6, "2008-09-30": 0.6, "2008-06-30": 1.1, "2008-03-31": "-1.30000", "2007-12-31": -10.4, "2007-09-30": -27.1, "2007-06-30": 0.2, "2007-03-31": "-1.30000", "2006-12-31": 0.4, "2006-09-30": 0.9, "2006-06-30": -1.1, "2006-03-31": "4.20000", "2005-12-31": -1.1, "2005-09-30": 0.8, "2005-06-30": 8.7, "2005-03-31": "3.00000"}, "Net Total Equity Issued/Repurchased": {"2020-09-30": 5.3, "2020-06-30": 11.4, "2020-03-31": "-107.90000", "2019-12-31": 1, "2019-09-30": 10.7, "2019-06-30": 14.3, "2019-03-31": "-78.60000", "2018-12-31": 3, "2018-09-30": 20.4, "2018-06-30": -15.4, "2018-03-31": "-46.50000", "2017-12-31": -42.8, "2017-09-30": 7.5, "2017-06-30": 12.6, "2017-03-31": "-11.60000", "2016-12-31": -20.3, "2016-09-30": -6.4, "2016-06-30": -0.1, "2016-03-31": "0.60000", "2015-12-31": 3.9, "2015-09-30": 2.3, "2015-06-30": 2.5, "2015-03-31": "1.60000", "2014-12-31": 4.4, "2014-09-30": 6, "2014-06-30": 3.5, "2014-03-31": "-0.90000", "2013-12-31": 7.2, "2013-09-30": 5.2, "2013-06-30": 3.4, "2013-03-31": "3.20000", "2012-12-31": 1.8, "2012-09-30": 2.6, "2012-06-30": 1, "2012-03-31": "0.80000", "2011-12-31": 0.6, "2011-09-30": 1.3, "2011-06-30": 1.8, "2011-03-31": "-1.40000", "2010-12-31": 0.7, "2010-09-30": 0.6, "2010-06-30": 0.4, "2010-03-31": "-0.10000", "2009-12-31": 0.5, "2009-09-30": 1.3, "2009-06-30": 2, "2009-03-31": "-0.10000", "2008-12-31": 0.6, "2008-09-30": 0.6, "2008-06-30": 1.1, "2008-03-31": "-1.30000", "2007-12-31": -10.4, "2007-09-30": -27.1, "2007-06-30": 0.2, "2007-03-31": "-1.30000", "2006-12-31": 0.4, "2006-09-30": 0.9, "2006-06-30": -1.1, "2006-03-31": "4.20000", "2005-12-31": -1.1, "2005-09-30": 0.8, "2005-06-30": 8.7, "2005-03-31": "3.00000"}, "Total Common And Preferred Stock Dividends Paid": {"2020-09-30": -11.9, "2020-06-30": -11.8, "2020-03-31": "-11.80000", "2019-12-31": -11.8, "2019-09-30": -11.1, "2019-06-30": -11.1, "2019-03-31": "-11.10000", "2018-12-31": -11.1, "2018-09-30": -10.3, "2018-06-30": -10.3, "2018-03-31": "-10.40000", "2017-12-31": -10.4, "2017-09-30": -9.6, "2017-06-30": -9.6, "2017-03-31": "-9.50000", "2016-12-31": -9.6, "2016-09-30": -8.7, "2016-06-30": -8.8, "2016-03-31": "-8.70000", "2015-12-31": -8.7, "2015-09-30": -7.9, "2015-06-30": -7.9, "2015-03-31": "-7.90000", "2014-12-31": -7.9, "2014-09-30": -7.1, "2014-06-30": -7, "2014-03-31": "-7.10000", "2013-12-31": -7, "2013-09-30": -6.6, "2013-06-30": -6.6, "2013-03-31": "-6.50000", "2012-12-31": -6.6, "2012-09-30": -6.1, "2012-06-30": -6.1, "2012-03-31": "-6.10000", "2011-12-31": -6.1, "2011-09-30": -5.7, "2011-06-30": -6, "2011-03-31": "-5.40000", "2010-12-31": -5.7, "2010-09-30": -5.3, "2010-06-30": -5.4, "2010-03-31": "-5.30000", "2009-12-31": -5.3, "2009-09-30": -4.9, "2009-06-30": -4.9, "2009-03-31": "-5.00000", "2008-12-31": -5, "2008-09-30": -4.5, "2008-06-30": -4.6, "2008-03-31": "-4.50000", "2007-12-31": -4.7, "2007-09-30": -4.2, "2007-06-30": -4.3, "2007-03-31": "-4.30000", "2006-12-31": -4.3, "2006-09-30": -3.8, "2006-06-30": -4, "2006-03-31": "-3.80000", "2005-12-31": -3.8, "2005-09-30": -3.5, "2005-06-30": -3.5, "2005-03-31": "-3.30000"}, "Financial Activities - Other": {"2020-09-30": 0, "2020-06-30": 0, "2020-03-31": "", "2019-12-31": 27.7, "2019-09-30": 0, "2019-06-30": -28.1, "2019-03-31": "-0.80000", "2018-12-31": 0, "2018-09-30": 0, "2018-06-30": 0, "2018-03-31": "", "2017-12-31": -0.2, "2017-09-30": -0.3, "2017-06-30": -0.1, "2017-03-31": "-0.10000", "2016-12-31": 4.1, "2016-09-30": 0.7, "2016-06-30": 2.1, "2016-03-31": "11.00000", "2015-12-31": -67.5, "2015-09-30": 44.3, "2015-06-30": -42, "2015-03-31": "1.80000", "2014-12-31": 244.7, "2014-09-30": -47.8, "2014-06-30": -98.8, "2014-03-31": "-90.50000", "2013-12-31": -65.9, "2013-09-30": -66.4, "2013-06-30": -95.9, "2013-03-31": "-74.60000", "2012-12-31": -118.3, "2012-09-30": -382.8, "2012-06-30": -4.4, "2012-03-31": "0.30000", "2011-12-31": -199.6, "2011-09-30": 0.1, "2011-06-30": 1.6, "2011-03-31": "1.20000", "2010-12-31": -39.7, "2010-09-30": -0.1, "2010-06-30": -1.6, "2010-03-31": "2.00000", "2009-12-31": -20.4, "2009-09-30": 1, "2009-06-30": 0.9, "2009-03-31": "0.20000", "2008-12-31": -30.4, "2008-09-30": 2.9, "2008-06-30": 0.9, "2008-03-31": "2.20000", "2007-12-31": 0, "2007-09-30": 2.5, "2007-06-30": 0.7, "2007-03-31": "", "2006-12-31": 10.9, "2006-09-30": 0, "2006-06-30": 0, "2006-03-31": "", "2005-12-31": 1.6, "2005-09-30": 0, "2005-06-30": 0, "2005-03-31": ""}, "Cash Flow From Financial Activities": {"2020-09-30": -7.2, "2020-06-30": -0.9, "2020-03-31": "-120.30000", "2019-12-31": 51, "2019-09-30": -0.4, "2019-06-30": 3.1, "2019-03-31": "-90.50000", "2018-12-31": -8.2, "2018-09-30": 10.1, "2018-06-30": -25.7, "2018-03-31": "-56.90000", "2017-12-31": -86.5, "2017-09-30": -3, "2017-06-30": 2.3, "2017-03-31": "-21.80000", "2016-12-31": -26.4, "2016-09-30": -15, "2016-06-30": -7.4, "2016-03-31": "-65.10000", "2015-12-31": -1.6, "2015-09-30": -30.4, "2015-06-30": -10.7, "2015-03-31": "1.20000", "2014-12-31": -1.8, "2014-09-30": -10, "2014-06-30": -45.2, "2014-03-31": "26.20000", "2013-12-31": -23.5, "2013-09-30": 3.1, "2013-06-30": -40.2, "2013-03-31": "55.50000", "2012-12-31": -29.5, "2012-09-30": 7.7, "2012-06-30": -5.8, "2012-03-31": "24.20000", "2011-12-31": -28.1, "2011-09-30": 6.1, "2011-06-30": -2.8, "2011-03-31": "0.10000", "2010-12-31": -14.6, "2010-09-30": -4.2, "2010-06-30": -9.3, "2010-03-31": "-5.90000", "2009-12-31": -17.5, "2009-09-30": -4.4, "2009-06-30": -7.3, "2009-03-31": "6.60000", "2008-12-31": -10.6, "2008-09-30": -4.5, "2008-06-30": -20.1, "2008-03-31": "5.80000", "2007-12-31": -19.7, "2007-09-30": -27.7, "2007-06-30": 1.3, "2007-03-31": "130.70000", "2006-12-31": -3.8, "2006-09-30": -24.2, "2006-06-30": -22.2, "2006-03-31": "-10.00000", "2005-12-31": 18.5, "2005-09-30": -20.2, "2005-06-30": 129.9, "2005-03-31": "-7.70000"}, "Net Cash Flow": {"2020-09-30": 73.5, "2020-06-30": 110.6, "2020-03-31": "-103.80000", "2019-12-31": 43.1, "2019-09-30": 69.3, "2019-06-30": 61.2, "2019-03-31": "-71.90000", "2018-12-31": 40.1, "2018-09-30": 71.8, "2018-06-30": 25.7, "2018-03-31": "-36.10000", "2017-12-31": -33.4, "2017-09-30": 42.7, "2017-06-30": 57.2, "2017-03-31": "-33.60000", "2016-12-31": -2.9, "2016-09-30": 3.2, "2016-06-30": 24.6, "2016-03-31": "-96.50000", "2015-12-31": 17.8, "2015-09-30": 4.8, "2015-06-30": 44.9, "2015-03-31": "-48.20000", "2014-12-31": 8.5, "2014-09-30": 20.1, "2014-06-30": -3.3, "2014-03-31": "0.00000", "2013-12-31": 8.3, "2013-09-30": 31.1, "2013-06-30": 15.6, "2013-03-31": "13.10000", "2012-12-31": 18.7, "2012-09-30": 36.2, "2012-06-30": 6.8, "2012-03-31": "8.40000", "2011-12-31": -27.4, "2011-09-30": 8.8, "2011-06-30": 15.8, "2011-03-31": "-15.60000", "2010-12-31": 13.1, "2010-09-30": 29.6, "2010-06-30": 1.6, "2010-03-31": "-17.20000", "2009-12-31": 3.6, "2009-09-30": -4.8, "2009-06-30": 21.6, "2009-03-31": "-24.50000", "2008-12-31": -15.3, "2008-09-30": 0.2, "2008-06-30": 8.7, "2008-03-31": "-14.80000", "2007-12-31": -43, "2007-09-30": -25.9, "2007-06-30": 20.7, "2007-03-31": "109.50000", "2006-12-31": 2.3, "2006-09-30": -1.3, "2006-06-30": 14.8, "2006-03-31": "-17.50000", "2005-12-31": 27.9, "2005-09-30": -40.6, "2005-06-30": 7.5, "2005-03-31": "-14.80000"}, "Stock-Based Compensation": {"2020-09-30": 9.9, "2020-06-30": 12.3, "2020-03-31": "5.40000", "2019-12-31": 5.6, "2019-09-30": 5.4, "2019-06-30": 7.2, "2019-03-31": "6.20000", "2018-12-31": 0.4, "2018-09-30": 5.3, "2018-06-30": 6, "2018-03-31": "3.40000", "2017-12-31": 2.5, "2017-09-30": 4.6, "2017-06-30": 5.5, "2017-03-31": "3.50000", "2016-12-31": 5.4, "2016-09-30": 4.6, "2016-06-30": 4.9, "2016-03-31": "4.60000", "2015-12-31": 5.2, "2015-09-30": 3.6, "2015-06-30": 15.5, "2015-03-31": "5.30000", "2014-12-31": 6.1, "2014-09-30": 3.6, "2014-06-30": 4.6, "2014-03-31": "4.30000", "2013-12-31": 5.6, "2013-09-30": 5.2, "2013-06-30": 5, "2013-03-31": "5.40000", "2012-12-31": 3.7, "2012-09-30": 11.8, "2012-06-30": 0, "2012-03-31": "", "2011-12-31": 8.4, "2011-09-30": 0, "2011-06-30": 0, "2011-03-31": "", "2010-12-31": 7.8, "2010-09-30": 0, "2010-06-30": 0, "2010-03-31": "", "2009-12-31": 7.5, "2009-09-30": 0, "2009-06-30": 0, "2009-03-31": "", "2008-12-31": 6.4, "2008-09-30": 0, "2008-06-30": 0, "2008-03-31": "", "2007-12-31": 5.1, "2007-09-30": 0, "2007-06-30": 0, "2007-03-31": "", "2006-12-31": 14.5, "2006-09-30": 0, "2006-06-30": 0, "2006-03-31": "", "2005-12-31": 8.1, "2005-09-30": 0, "2005-06-30": 0, "2005-03-31": ""}, "Common Stock Dividends Paid": {"2020-09-30": -11.9, "2020-06-30": -11.8, "2020-03-31": "-11.80000", "2019-12-31": -11.8, "2019-09-30": -11.1, "2019-06-30": -11.1, "2019-03-31": "-11.10000", "2018-12-31": -11.1, "2018-09-30": -10.3, "2018-06-30": -10.3, "2018-03-31": "-10.40000", "2017-12-31": -10.4, "2017-09-30": -9.6, "2017-06-30": -9.6, "2017-03-31": "-9.50000", "2016-12-31": -9.6, "2016-09-30": -8.7, "2016-06-30": -8.8, "2016-03-31": "-8.70000", "2015-12-31": -8.7, "2015-09-30": -7.9, "2015-06-30": -7.9, "2015-03-31": "-7.90000", "2014-12-31": -7.9, "2014-09-30": -7.1, "2014-06-30": -7, "2014-03-31": "-7.10000", "2013-12-31": -7, "2013-09-30": -6.6, "2013-06-30": -6.6, "2013-03-31": "-6.50000", "2012-12-31": -6.6, "2012-09-30": -6.1, "2012-06-30": -6.1, "2012-03-31": "-6.10000", "2011-12-31": -6.1, "2011-09-30": -5.7, "2011-06-30": -6, "2011-03-31": "-5.40000", "2010-12-31": -5.7, "2010-09-30": -5.3, "2010-06-30": -5.4, "2010-03-31": "-5.30000", "2009-12-31": -5.3, "2009-09-30": -4.9, "2009-06-30": -4.9, "2009-03-31": "-5.00000", "2008-12-31": -5, "2008-09-30": -4.5, "2008-06-30": -4.6, "2008-03-31": "-4.50000", "2007-12-31": -4.7, "2007-09-30": -4.2, "2007-06-30": -4.3, "2007-03-31": "-4.30000", "2006-12-31": -4.3, "2006-09-30": -3.8, "2006-06-30": -4, "2006-03-31": "-3.80000", "2005-12-31": -3.8, "2005-09-30": -3.5, "2005-06-30": -3.5, "2005-03-31": "-3.30000"}}, "financial ratios": {"Current Ratio": {"2019-12-31": "3.09920", "2018-12-31": "3.15260", "2017-12-31": "2.66010", "2016-12-31": "2.66350", "2015-12-31": "2.14350", "2014-12-31": "2.61030", "2013-12-31": "2.74670", "2012-12-31": "2.12870", "2011-12-31": "1.94080", "2010-12-31": "2.57280", "2009-12-31": "2.32150", "2008-12-31": "2.30170", "2007-12-31": "2.25420", "2006-12-31": "1.79540", "2005-12-31": "1.92600"}, "Long-term Debt / Capital": {"2019-12-31": "0.13950", "2018-12-31": "0.12310", "2017-12-31": "0.13340", "2016-12-31": "0.16830", "2015-12-31": "0.18270", "2014-12-31": "0.24370", "2013-12-31": "0.29060", "2012-12-31": "0.34200", "2011-12-31": "0.31370", "2010-12-31": "0.36400", "2009-12-31": "0.39560", "2008-12-31": "0.43960", "2007-12-31": "0.44850", "2006-12-31": "0.36260", "2005-12-31": "0.45230"}, "Debt/Equity Ratio": {"2019-12-31": "0.16360", "2018-12-31": "0.14040", "2017-12-31": "0.15390", "2016-12-31": "0.20460", "2015-12-31": "0.29120", "2014-12-31": "0.35060", "2013-12-31": "0.41210", "2012-12-31": "0.56450", "2011-12-31": "0.53350", "2010-12-31": "0.57280", "2009-12-31": "0.65550", "2008-12-31": "0.79240", "2007-12-31": "0.81410", "2006-12-31": "0.57010", "2005-12-31": "0.82670"}, "Gross Margin": {"2019-12-31": "32.92030", "2018-12-31": "31.75730", "2017-12-31": "32.07430", "2016-12-31": "33.22510", "2015-12-31": "32.56180", "2014-12-31": "31.50420", "2013-12-31": "31.76700", "2012-12-31": "30.61430", "2011-12-31": "28.45760", "2010-12-31": "28.79520", "2009-12-31": "28.75820", "2008-12-31": "28.78890", "2007-12-31": "28.60500", "2006-12-31": "28.99380", "2005-12-31": "28.08350"}, "Operating Margin": {"2019-12-31": "16.12040", "2018-12-31": "13.99210", "2017-12-31": "14.12050", "2016-12-31": "12.93490", "2015-12-31": "9.18700", "2014-12-31": "12.80430", "2013-12-31": "11.86790", "2012-12-31": "10.66800", "2011-12-31": "9.19230", "2010-12-31": "8.21040", "2009-12-31": "9.23560", "2008-12-31": "11.80670", "2007-12-31": "9.30300", "2006-12-31": "11.05880", "2005-12-31": "10.49020"}, "EBIT Margin": {"2019-12-31": "16.12040", "2018-12-31": "13.99210", "2017-12-31": "14.12050", "2016-12-31": "12.93490", "2015-12-31": "9.18700", "2014-12-31": "12.80430", "2013-12-31": "11.86790", "2012-12-31": "10.66800", "2011-12-31": "9.19230", "2010-12-31": "8.21040", "2009-12-31": "9.23560", "2008-12-31": "11.80670", "2007-12-31": "9.30300", "2006-12-31": "11.05880", "2005-12-31": "10.49020"}, "EBITDA Margin": {"2019-12-31": "21.74030", "2018-12-31": "20.07100", "2017-12-31": "20.16760", "2016-12-31": "18.94510", "2015-12-31": "15.60940", "2014-12-31": "19.13610", "2013-12-31": "18.09410", "2012-12-31": "16.74040", "2011-12-31": "15.54140", "2010-12-31": "14.83660", "2009-12-31": "15.68630", "2008-12-31": "17.57210", "2007-12-31": "14.85150", "2006-12-31": "16.82910", "2005-12-31": "17.26460"}, "Pre-Tax Profit Margin": {"2019-12-31": "15.85960", "2018-12-31": "14.01540", "2017-12-31": "13.90780", "2016-12-31": "12.57700", "2015-12-31": "8.29400", "2014-12-31": "11.88970", "2013-12-31": "10.74980", "2012-12-31": "8.57550", "2011-12-31": "7.77490", "2010-12-31": "6.74390", "2009-12-31": "7.87160", "2008-12-31": "10.41770", "2007-12-31": "8.46980", "2006-12-31": "9.25220", "2005-12-31": "8.77520"}, "Net Profit Margin": {"2019-12-31": "13.13660", "2018-12-31": "12.04730", "2017-12-31": "9.42410", "2016-12-31": "9.51560", "2015-12-31": "6.82950", "2014-12-31": "8.94190", "2013-12-31": "8.20670", "2012-12-31": "6.37240", "2011-12-31": "6.33230", "2010-12-31": "5.91110", "2009-12-31": "6.87700", "2008-12-31": "8.18190", "2007-12-31": "6.93070", "2006-12-31": "7.34700", "2005-12-31": "6.63140"}, "Asset Turnover": {"2019-12-31": "0.78580", "2018-12-31": "0.86790", "2017-12-31": "0.85840", "2016-12-31": "0.87910", "2015-12-31": "0.82580", "2014-12-31": "0.85130", "2013-12-31": "0.81860", "2012-12-31": "0.80970", "2011-12-31": "0.85220", "2010-12-31": "0.85350", "2009-12-31": "0.83060", "2008-12-31": "0.89940", "2007-12-31": "0.86040", "2006-12-31": "0.99470", "2005-12-31": "0.83950"}, "Inventory Turnover Ratio": {"2019-12-31": "5.23630", "2018-12-31": "5.46390", "2017-12-31": "5.04740", "2016-12-31": "5.05620", "2015-12-31": "5.21260", "2014-12-31": "5.36420", "2013-12-31": "5.27810", "2012-12-31": "5.41740", "2011-12-31": "5.61920", "2010-12-31": "5.35100", "2009-12-31": "5.82120", "2008-12-31": "6.46930", "2007-12-31": "6.51430", "2006-12-31": "6.65130", "2005-12-31": "7.07740"}, "Receiveable Turnover": {"2019-12-31": "5.76230", "2018-12-31": "5.95910", "2017-12-31": "6.31560", "2016-12-31": "7.52670", "2015-12-31": "7.71660", "2014-12-31": "7.94080", "2013-12-31": "7.36890", "2012-12-31": "7.23660", "2011-12-31": "8.09990", "2010-12-31": "8.73970", "2009-12-31": "7.61140", "2008-12-31": "8.17340", "2007-12-31": "7.49520", "2006-12-31": "8.34060", "2005-12-31": "6.33210"}, "Days Sales In Receivables": {"2019-12-31": "63.34280", "2018-12-31": "61.25130", "2017-12-31": "57.79380", "2016-12-31": "48.49410", "2015-12-31": "47.30030", "2014-12-31": "45.96520", "2013-12-31": "49.53270", "2012-12-31": "50.43830", "2011-12-31": "45.06250", "2010-12-31": "41.76340", "2009-12-31": "47.95440", "2008-12-31": "44.65700", "2007-12-31": "48.69770", "2006-12-31": "43.76160", "2005-12-31": "57.64260"}, "ROE - Return On Equity": {"2019-12-31": "15.36360", "2018-12-31": "14.81770", "2017-12-31": "11.77440", "2016-12-31": "12.85010", "2015-12-31": "9.33690", "2014-12-31": "13.28250", "2013-12-31": "12.38970", "2012-12-31": "11.07150", "2011-12-31": "11.52850", "2010-12-31": "10.43630", "2009-12-31": "12.53670", "2008-12-31": "17.77870", "2007-12-31": "14.77440", "2006-12-31": "14.83720", "2005-12-31": "13.53340"}, "Return On Tangible Equity": {"2019-12-31": "16.83620", "2018-12-31": "16.28880", "2017-12-31": "13.09870", "2016-12-31": "14.48750", "2015-12-31": "10.84270", "2014-12-31": "15.76340", "2013-12-31": "15.09610", "2012-12-31": "14.26300", "2011-12-31": "15.36430", "2010-12-31": "14.25450", "2009-12-31": "17.73760", "2008-12-31": "26.10010", "2007-12-31": "22.32950", "2006-12-31": "25.06110", "2005-12-31": "25.45660"}, "ROA - Return On Assets": {"2019-12-31": "10.32290", "2018-12-31": "10.45530", "2017-12-31": "8.09000", "2016-12-31": "8.36490", "2015-12-31": "5.63980", "2014-12-31": "7.61210", "2013-12-31": "6.71810", "2012-12-31": "5.15980", "2011-12-31": "5.39630", "2010-12-31": "5.04520", "2009-12-31": "5.71200", "2008-12-31": "7.40990", "2007-12-31": "6.04760", "2006-12-31": "6.69790", "2005-12-31": "5.51890"}, "ROI - Return On Investment": {"2019-12-31": "13.22070", "2018-12-31": "12.99380", "2017-12-31": "10.20380", "2016-12-31": "10.68690", "2015-12-31": "7.63090", "2014-12-31": "10.04580", "2013-12-31": "8.78920", "2012-12-31": "7.28540", "2011-12-31": "7.91240", "2010-12-31": "6.63750", "2009-12-31": "7.57670", "2008-12-31": "9.96320", "2007-12-31": "8.14870", "2006-12-31": "9.45720", "2005-12-31": "7.41220"}, "Book Value Per Share": {"2019-12-31": "21.23080", "2018-12-31": "18.84350", "2017-12-31": "17.31940", "2016-12-31": "15.28730", "2015-12-31": "14.16180", "2014-12-31": "13.42080", "2013-12-31": "12.91170", "2012-12-31": "10.62540", "2011-12-31": "9.71660", "2010-12-31": "9.39490", "2009-12-31": "8.77420", "2008-12-31": "7.44800", "2007-12-31": "7.51240", "2006-12-31": "6.29940", "2005-12-31": "5.34430"}, "Operating Cash Flow Per Share": {"2019-12-31": 1.0424, "2018-12-31": 0.354, "2017-12-31": 0.5483, "2016-12-31": 0.0473, "2015-12-31": 0.3656, "2014-12-31": -0.5758, "2013-12-31": 0.4782, "2012-12-31": 0.8438, "2011-12-31": -0.118, "2010-12-31": -0.0125, "2009-12-31": 0.0269, "2008-12-31": 0.0853, "2007-12-31": -0.2899, "2006-12-31": 0.7575, "2005-12-31": 1.3169}, "Free Cash Flow Per Share": {"2019-12-31": 0.7546, "2018-12-31": 0.691, "2017-12-31": 1.092, "2016-12-31": -0.4389, "2015-12-31": 0.1196, "2014-12-31": 0.0145, "2013-12-31": 0.1795, "2012-12-31": 0.3043, "2011-12-31": -0.4385, "2010-12-31": 0.4637, "2009-12-31": 0.5017, "2008-12-31": -0.0471, "2007-12-31": -0.7335, "2006-12-31": 0.2461, "2005-12-31": 0.4846}}, "financial ratios, quarterly": {"Current Ratio": {"2020-09-30": "2.76590", "2020-06-30": "2.96000", "2020-03-31": "2.83830", "2019-12-31": "3.09920", "2019-09-30": "2.99730", "2019-06-30": "3.01500", "2019-03-31": "2.88140", "2018-12-31": "3.15260", "2018-09-30": "2.94360", "2018-06-30": "2.66660", "2018-03-31": "2.82270", "2017-12-31": "2.66010", "2017-09-30": "2.58970", "2017-06-30": "2.48370", "2017-03-31": "2.54430", "2016-12-31": "2.66350", "2016-09-30": "2.77910", "2016-06-30": "2.75360", "2016-03-31": "2.61590", "2015-12-31": "2.14350", "2015-09-30": "2.27040", "2015-06-30": "2.16740", "2015-03-31": "2.10760", "2014-12-31": "2.61030", "2014-09-30": "2.80210", "2014-06-30": "3.09860", "2014-03-31": "3.01670", "2013-12-31": "2.74670", "2013-09-30": "2.60740", "2013-06-30": "2.80430", "2013-03-31": "2.83370", "2012-12-31": "2.12870", "2012-09-30": "2.02210", "2012-06-30": "1.61460", "2012-03-31": "1.66270", "2011-12-31": "1.94080", "2011-09-30": "2.19580", "2011-06-30": "2.64870", "2011-03-31": "2.63180", "2010-12-31": "2.57280", "2010-09-30": "2.78890", "2010-06-30": "2.54670", "2010-03-31": "2.20290", "2009-12-31": "2.32150", "2009-09-30": "2.45150", "2009-06-30": "2.45330", "2009-03-31": "2.56810", "2008-12-31": "2.30170", "2008-09-30": "2.48040", "2008-06-30": "2.48400", "2008-03-31": "2.69620", "2007-12-31": "2.25420", "2007-09-30": "2.69170", "2007-06-30": "3.03350", "2007-03-31": "2.81930", "2006-12-31": "1.79540", "2006-09-30": "1.80320", "2006-06-30": "1.93180", "2006-03-31": "1.97300", "2005-12-31": "1.92600", "2005-09-30": "1.77650", "2005-06-30": "2.25880", "2005-03-31": "2.25250"}, "Long-term Debt / Capital": {"2020-09-30": "0.12850", "2020-06-30": "0.13650", "2020-03-31": "0.14580", "2019-12-31": "0.13950", "2019-09-30": "0.11590", "2019-06-30": "0.11940", "2019-03-31": "0.12490", "2018-12-31": "0.12310", "2018-09-30": "0.12670", "2018-06-30": "0.13290", "2018-03-31": "0.13170", "2017-12-31": "0.13340", "2017-09-30": "0.12990", "2017-06-30": "0.13610", "2017-03-31": "0.14250", "2016-12-31": "0.16830", "2016-09-30": "0.16680", "2016-06-30": "0.17100", "2016-03-31": "0.17610", "2015-12-31": "0.18270", "2015-09-30": "0.18870", "2015-06-30": "0.18970", "2015-03-31": "0.19770", "2014-12-31": "0.24370", "2014-09-30": "0.24540", "2014-06-30": "0.26980", "2014-03-31": "0.29480", "2013-12-31": "0.29060", "2013-09-30": "0.31290", "2013-06-30": "0.33480", "2013-03-31": "0.36480", "2012-12-31": "0.34200", "2012-09-30": "0.33550", "2012-06-30": "0.30370", "2012-03-31": "0.29800", "2011-12-31": "0.31370", "2011-09-30": "0.31860", "2011-06-30": "0.34540", "2011-03-31": "0.35480", "2010-12-31": "0.36400", "2010-09-30": "0.36880", "2010-06-30": "0.38460", "2010-03-31": "0.37530", "2009-12-31": "0.39560", "2009-09-30": "0.40990", "2009-06-30": "0.42020", "2009-03-31": "0.44010", "2008-12-31": "0.43960", "2008-09-30": "0.41770", "2008-06-30": "0.42120", "2008-03-31": "0.44980", "2007-12-31": "0.44850", "2007-09-30": "0.44940", "2007-06-30": "0.43740", "2007-03-31": "0.45040", "2006-12-31": "0.36260", "2006-09-30": "0.37350", "2006-06-30": "0.40030", "2006-03-31": "0.42790", "2005-12-31": "0.45230", "2005-09-30": "0.44430", "2005-06-30": "0.46790", "2005-03-31": "0.33170"}, "Debt/Equity Ratio": {"2020-09-30": "0.14880", "2020-06-30": "0.15950", "2020-03-31": "0.17230", "2019-12-31": "0.16360", "2019-09-30": "0.13120", "2019-06-30": "0.13560", "2019-03-31": "0.14280", "2018-12-31": "0.14040", "2018-09-30": "0.14510", "2018-06-30": "0.15320", "2018-03-31": "0.15170", "2017-12-31": "0.15390", "2017-09-30": "0.17450", "2017-06-30": "0.18470", "2017-03-31": "0.19560", "2016-12-31": "0.20460", "2016-09-30": "0.20240", "2016-06-30": "0.20860", "2016-03-31": "0.21600", "2015-12-31": "0.29120", "2015-09-30": "0.30390", "2015-06-30": "0.33020", "2015-03-31": "0.35140", "2014-12-31": "0.35060", "2014-09-30": "0.35330", "2014-06-30": "0.37170", "2014-03-31": "0.43320", "2013-12-31": "0.41210", "2013-09-30": "0.47810", "2013-06-30": "0.50340", "2013-03-31": "0.57660", "2012-12-31": "0.56450", "2012-09-30": "0.55980", "2012-06-30": "0.56730", "2012-03-31": "0.54900", "2011-12-31": "0.53350", "2011-09-30": "0.54680", "2011-06-30": "0.53660", "2011-03-31": "0.55950", "2010-12-31": "0.57280", "2010-09-30": "0.58650", "2010-06-30": "0.62560", "2010-03-31": "0.63720", "2009-12-31": "0.65550", "2009-09-30": "0.70180", "2009-06-30": "0.73210", "2009-03-31": "0.79390", "2008-12-31": "0.79240", "2008-09-30": "0.71820", "2008-06-30": "0.72850", "2008-03-31": "0.81860", "2007-12-31": "0.81410", "2007-09-30": "0.81710", "2007-06-30": "0.77840", "2007-03-31": "0.82070", "2006-12-31": "0.57010", "2006-09-30": "0.59750", "2006-06-30": "0.66900", "2006-03-31": "0.74900", "2005-12-31": "0.82670", "2005-09-30": "0.80090", "2005-06-30": "0.88140", "2005-03-31": "0.49630"}, "Gross Margin": {"2020-09-30": "35.51100", "2020-06-30": "37.00680", "2020-03-31": "33.97760", "2019-12-31": "32.55420", "2019-09-30": "32.40520", "2019-06-30": "33.61720", "2019-03-31": "33.10030", "2018-12-31": "31.52660", "2018-09-30": "31.41070", "2018-06-30": "31.77650", "2018-03-31": "32.33100", "2017-12-31": "30.94320", "2017-09-30": "31.41640", "2017-06-30": "31.43860", "2017-03-31": "34.61440", "2016-12-31": "32.35680", "2016-09-30": "32.14760", "2016-06-30": "34.35570", "2016-03-31": "34.05140", "2015-12-31": "33.24990", "2015-09-30": "31.43690", "2015-06-30": "32.86070", "2015-03-31": "32.65850", "2014-12-31": "31.36080", "2014-09-30": "30.87950", "2014-06-30": "33.01710", "2014-03-31": "30.68050", "2013-12-31": "31.10590", "2013-09-30": "30.86600", "2013-06-30": "32.19160", "2013-03-31": "32.91100", "2012-12-31": "30.32660", "2012-09-30": "29.75640", "2012-06-30": "30.38790", "2012-03-31": "31.96330", "2011-12-31": "28.87610", "2011-09-30": "27.72480", "2011-06-30": "27.47650", "2011-03-31": "29.79010", "2010-12-31": "28.17920", "2010-09-30": "27.52400", "2010-06-30": "29.52450", "2010-03-31": "29.92360", "2009-12-31": "28.59580", "2009-09-30": "27.69410", "2009-06-30": "30.15330", "2009-03-31": "28.58910", "2008-12-31": "28.37890", "2008-09-30": "25.76110", "2008-06-30": "29.93200", "2008-03-31": "30.84600", "2007-12-31": "27.48930", "2007-09-30": "26.49360", "2007-06-30": "29.08610", "2007-03-31": "31.21120", "2006-12-31": "28.71930", "2006-09-30": "27.24360", "2006-06-30": "29.60030", "2006-03-31": "30.34110", "2005-12-31": "28.47650", "2005-09-30": "24.11890", "2005-06-30": "29.24860", "2005-03-31": "31.03680"}, "Operating Margin": {"2020-09-30": "18.10220", "2020-06-30": "19.65100", "2020-03-31": "17.90440", "2019-12-31": "16.59580", "2019-09-30": "14.75560", "2019-06-30": "17.13860", "2019-03-31": "15.94140", "2018-12-31": "15.57390", "2018-09-30": "14.08390", "2018-06-30": "13.47490", "2018-03-31": "12.84580", "2017-12-31": "14.53320", "2017-09-30": "15.79610", "2017-06-30": "10.56340", "2017-03-31": "15.60490", "2016-12-31": "13.78500", "2016-09-30": "13.61830", "2016-06-30": "15.77320", "2016-03-31": "8.28500", "2015-12-31": "12.56610", "2015-09-30": "-1.01600", "2015-06-30": "10.87020", "2015-03-31": "14.23040", "2014-12-31": "12.75010", "2014-09-30": "12.36300", "2014-06-30": "14.66520", "2014-03-31": "11.33220", "2013-12-31": "10.76750", "2013-09-30": "11.61500", "2013-06-30": "12.33670", "2013-03-31": "12.75780", "2012-12-31": "9.79780", "2012-09-30": "8.65700", "2012-06-30": "10.96060", "2012-03-31": "13.18370", "2011-12-31": "9.10630", "2011-09-30": "8.88960", "2011-06-30": "9.02890", "2011-03-31": "9.74950", "2010-12-31": "2.16760", "2010-09-30": "9.32200", "2010-06-30": "10.82330", "2010-03-31": "10.52060", "2009-12-31": "7.39600", "2009-09-30": "10.00390", "2009-06-30": "10.99620", "2009-03-31": "8.74590", "2008-12-31": "10.41240", "2008-09-30": "6.98670", "2008-06-30": "15.25240", "2008-03-31": "14.07460", "2007-12-31": "2.92850", "2007-09-30": "5.31520", "2007-06-30": "13.23470", "2007-03-31": "15.37270", "2006-12-31": "9.05560", "2006-09-30": "9.02020", "2006-06-30": "13.36390", "2006-03-31": "12.65710", "2005-12-31": "10.32720", "2005-09-30": "7.26870", "2005-06-30": "11.50290", "2005-03-31": "13.44480"}, "EBIT Margin": {"2020-09-30": "18.10220", "2020-06-30": "19.65100", "2020-03-31": "17.90440", "2019-12-31": "16.59580", "2019-09-30": "14.75560", "2019-06-30": "17.13860", "2019-03-31": "15.94140", "2018-12-31": "15.57390", "2018-09-30": "14.08390", "2018-06-30": "13.47490", "2018-03-31": "12.84580", "2017-12-31": "14.53320", "2017-09-30": "15.79610", "2017-06-30": "10.56340", "2017-03-31": "15.60490", "2016-12-31": "13.78500", "2016-09-30": "13.61830", "2016-06-30": "15.77320", "2016-03-31": "8.28500", "2015-12-31": "12.56610", "2015-09-30": "-1.01600", "2015-06-30": "10.87020", "2015-03-31": "14.23040", "2014-12-31": "12.75020", "2014-09-30": "12.36300", "2014-06-30": "14.66520", "2014-03-31": "11.33220", "2013-12-31": "10.76750", "2013-09-30": "11.61500", "2013-06-30": "12.33670", "2013-03-31": "12.75780", "2012-12-31": "9.79780", "2012-09-30": "8.65700", "2012-06-30": "10.96060", "2012-03-31": "13.18370", "2011-12-31": "9.10630", "2011-09-30": "8.88960", "2011-06-30": "9.02890", "2011-03-31": "9.74950", "2010-12-31": "2.16760", "2010-09-30": "9.32200", "2010-06-30": "10.82330", "2010-03-31": "10.52060", "2009-12-31": "7.39600", "2009-09-30": "10.00390", "2009-06-30": "10.99620", "2009-03-31": "8.74590", "2008-12-31": "10.41240", "2008-09-30": "6.98670", "2008-06-30": "15.25240", "2008-03-31": "14.07460", "2007-12-31": "2.92860", "2007-09-30": "5.31520", "2007-06-30": "13.23470", "2007-03-31": "15.37270", "2006-12-31": "9.05560", "2006-09-30": "9.02020", "2006-06-30": "13.36390", "2006-03-31": "12.65710", "2005-12-31": "10.32720", "2005-09-30": "7.26870", "2005-06-30": "11.50290", "2005-03-31": "13.44480"}, "EBITDA Margin": {"2020-09-30": "", "2020-06-30": "", "2020-03-31": "", "2019-12-31": "", "2019-09-30": "", "2019-06-30": "", "2019-03-31": "", "2018-12-31": "", "2018-09-30": "", "2018-06-30": "", "2018-03-31": "", "2017-12-31": "", "2017-09-30": "", "2017-06-30": "", "2017-03-31": "", "2016-12-31": "", "2016-09-30": "", "2016-06-30": "", "2016-03-31": "", "2015-12-31": "", "2015-09-30": "", "2015-06-30": "", "2015-03-31": "", "2014-12-31": "", "2014-09-30": "", "2014-06-30": "", "2014-03-31": "", "2013-12-31": "", "2013-09-30": "", "2013-06-30": "", "2013-03-31": "", "2012-12-31": "", "2012-09-30": "", "2012-06-30": "", "2012-03-31": "", "2011-12-31": "", "2011-09-30": "", "2011-06-30": "", "2011-03-31": "", "2010-12-31": "", "2010-09-30": "", "2010-06-30": "", "2010-03-31": "", "2009-12-31": "", "2009-09-30": "", "2009-06-30": "", "2009-03-31": "", "2008-12-31": "", "2008-09-30": "", "2008-06-30": "", "2008-03-31": "", "2007-12-31": "", "2007-09-30": "", "2007-06-30": "", "2007-03-31": "", "2006-12-31": "", "2006-09-30": "", "2006-06-30": "", "2006-03-31": "", "2005-12-31": "", "2005-09-30": "", "2005-06-30": "", "2005-03-31": ""}, "Pre-Tax Profit Margin": {"2020-09-30": "17.82850", "2020-06-30": "19.34750", "2020-03-31": "17.59920", "2019-12-31": "16.44710", "2019-09-30": "14.22930", "2019-06-30": "16.94700", "2019-03-31": "15.76100", "2018-12-31": "15.57400", "2018-09-30": "14.15340", "2018-06-30": "13.43020", "2018-03-31": "12.91800", "2017-12-31": "14.26850", "2017-09-30": "15.79610", "2017-06-30": "10.23640", "2017-03-31": "15.34690", "2016-12-31": "13.91580", "2016-09-30": "13.08730", "2016-06-30": "15.33510", "2016-03-31": "7.67740", "2015-12-31": "11.84320", "2015-09-30": "-1.94480", "2015-06-30": "10.03610", "2015-03-31": "13.12890", "2014-12-31": "11.89250", "2014-09-30": "11.60440", "2014-06-30": "13.66220", "2014-03-31": "10.29410", "2013-12-31": "9.77530", "2013-09-30": "10.44470", "2013-06-30": "11.26270", "2013-03-31": "11.52030", "2012-12-31": "8.83360", "2012-09-30": "7.37330", "2012-06-30": "6.15760", "2012-03-31": "11.95070", "2011-12-31": "7.75220", "2011-09-30": "7.49320", "2011-06-30": "7.63230", "2011-03-31": "8.22610", "2010-12-31": "0.57800", "2010-09-30": "7.81130", "2010-06-30": "9.47480", "2010-03-31": "9.10080", "2009-12-31": "6.06680", "2009-09-30": "8.65200", "2009-06-30": "9.69350", "2009-03-31": "7.26070", "2008-12-31": "8.73830", "2008-09-30": "5.46450", "2008-06-30": "13.99930", "2008-03-31": "12.92940", "2007-12-31": "1.95240", "2007-09-30": "4.49110", "2007-06-30": "12.59010", "2007-03-31": "14.47980", "2006-12-31": "8.15010", "2006-09-30": "7.78390", "2006-06-30": "12.19820", "2006-03-31": "8.66250", "2005-12-31": "8.58900", "2005-09-30": "5.23130", "2005-06-30": "9.82660", "2005-03-31": "12.10700"}, "Net Profit Margin": {"2020-09-30": "15.01830", "2020-06-30": "17.29890", "2020-03-31": "15.11700", "2019-12-31": "13.57840", "2019-09-30": "12.34380", "2019-06-30": "14.07280", "2019-03-31": "12.49150", "2018-12-31": "12.30770", "2018-09-30": "12.78670", "2018-06-30": "12.53630", "2018-03-31": "10.48830", "2017-12-31": "0.00000", "2017-09-30": "12.80760", "2017-06-30": "9.75860", "2017-03-31": "15.70800", "2016-12-31": "10.25370", "2016-09-30": "9.98140", "2016-06-30": "11.52060", "2016-03-31": "6.10330", "2015-12-31": "9.28550", "2015-09-30": "0.43540", "2015-06-30": "7.72870", "2015-03-31": "9.79460", "2014-12-31": "8.97660", "2014-09-30": "8.71030", "2014-06-30": "10.19250", "2014-03-31": "7.81430", "2013-12-31": "6.88650", "2013-09-30": "7.84080", "2013-06-30": "8.76630", "2013-03-31": "9.34000", "2012-12-31": "6.56300", "2012-09-30": "4.87160", "2012-06-30": "4.80300", "2012-03-31": "9.23170", "2011-12-31": "6.39810", "2011-09-30": "5.75610", "2011-06-30": "6.52810", "2011-03-31": "6.63510", "2010-12-31": "2.16760", "2010-09-30": "6.55860", "2010-06-30": "7.70050", "2010-03-31": "7.20790", "2009-12-31": "6.91890", "2009-09-30": "6.64350", "2009-06-30": "7.54790", "2009-03-31": "6.35310", "2008-12-31": "7.26830", "2008-09-30": "5.19130", "2008-06-30": "10.27570", "2008-03-31": "9.67860", "2007-12-31": "2.34280", "2007-09-30": "5.02680", "2007-06-30": "9.85970", "2007-03-31": "10.28730", "2006-12-31": "6.46830", "2006-09-30": "6.08970", "2006-06-30": "8.61780", "2006-03-31": "8.12390", "2005-12-31": "6.39060", "2005-09-30": "4.29520", "2005-06-30": "7.39880", "2005-03-31": "8.89630"}, "Asset Turnover": {"2020-09-30": "0.21220", "2020-06-30": "0.22040", "2020-03-31": "0.21880", "2019-12-31": "0.20100", "2019-09-30": "0.20980", "2019-06-30": "0.22120", "2019-03-31": "0.21780", "2018-12-31": "0.21350", "2018-09-30": "0.22180", "2018-06-30": "0.23880", "2018-03-31": "0.22230", "2017-12-31": "0.22310", "2017-09-30": "0.20630", "2017-06-30": "0.21570", "2017-03-31": "0.22370", "2016-12-31": "0.22270", "2016-09-30": "0.21710", "2016-06-30": "0.22760", "2016-03-31": "0.21710", "2015-12-31": "0.21220", "2015-09-30": "0.20670", "2015-06-30": "0.21620", "2015-03-31": "0.21050", "2014-12-31": "0.20950", "2014-09-30": "0.21270", "2014-06-30": "0.21640", "2014-03-31": "0.20300", "2013-12-31": "0.20500", "2013-09-30": "0.20530", "2013-06-30": "0.21360", "2013-03-31": "0.21520", "2012-12-31": "0.20560", "2012-09-30": "0.19890", "2012-06-30": "0.22200", "2012-03-31": "0.21700", "2011-12-31": "0.21110", "2011-09-30": "0.21000", "2011-06-30": "0.21760", "2011-03-31": "0.21620", "2010-12-31": "0.21390", "2010-09-30": "0.20880", "2010-06-30": "0.23060", "2010-03-31": "0.21910", "2009-12-31": "0.23080", "2009-09-30": "0.20480", "2009-06-30": "0.21440", "2009-03-31": "0.21240", "2008-12-31": "0.20950", "2008-09-30": "0.21170", "2008-06-30": "0.22280", "2008-03-31": "0.22360", "2007-12-31": "0.21600", "2007-09-30": "0.21010", "2007-06-30": "0.23080", "2007-03-31": "0.23290", "2006-12-31": "0.25260", "2006-09-30": "0.24400", "2006-06-30": "0.27180", "2006-03-31": "0.26170", "2005-12-31": "0.23470", "2005-09-30": "0.22710", "2005-06-30": "0.21680", "2005-03-31": "0.23000"}, "Inventory Turnover Ratio": {"2020-09-30": "1.19840", "2020-06-30": "1.20850", "2020-03-31": "1.29280", "2019-12-31": "1.34660", "2019-09-30": "1.33810", "2019-06-30": "1.34220", "2019-03-31": "1.31230", "2018-12-31": "1.34870", "2018-09-30": "1.43180", "2018-06-30": "1.46640", "2018-03-31": "1.30410", "2017-12-31": "1.33360", "2017-09-30": "1.26550", "2017-06-30": "1.29010", "2017-03-31": "1.19410", "2016-12-31": "1.29750", "2016-09-30": "1.27100", "2016-06-30": "1.28830", "2016-03-31": "1.23030", "2015-12-31": "1.32580", "2015-09-30": "1.25840", "2015-06-30": "1.29010", "2015-03-31": "1.23340", "2014-12-31": "1.32290", "2014-09-30": "1.32470", "2014-06-30": "1.31510", "2014-03-31": "1.28210", "2013-12-31": "1.33470", "2013-09-30": "1.33730", "2013-06-30": "1.32350", "2013-03-31": "1.31240", "2012-12-31": "1.38100", "2012-09-30": "1.28630", "2012-06-30": "1.42020", "2012-03-31": "1.36030", "2011-12-31": "1.38410", "2011-09-30": "1.36460", "2011-06-30": "1.38520", "2011-03-31": "1.32020", "2010-12-31": "1.35240", "2010-09-30": "1.32550", "2010-06-30": "1.38590", "2010-03-31": "1.32940", "2009-12-31": "1.62150", "2009-09-30": "1.37750", "2009-06-30": "1.40230", "2009-03-31": "1.44250", "2008-12-31": "1.51600", "2008-09-30": "1.52530", "2008-06-30": "1.53730", "2008-03-31": "1.56920", "2007-12-31": "1.66100", "2007-09-30": "1.49040", "2007-06-30": "1.67410", "2007-03-31": "1.64530", "2006-12-31": "1.69540", "2006-09-30": "1.68330", "2006-06-30": "1.93920", "2006-03-31": "1.79840", "2005-12-31": "1.96770", "2005-09-30": "2.12980", "2005-06-30": "1.89470", "2005-03-31": "1.64960"}, "Receiveable Turnover": {"2020-09-30": "1.46920", "2020-06-30": "1.54790", "2020-03-31": "1.47600", "2019-12-31": "1.47380", "2019-09-30": "1.44290", "2019-06-30": "1.41990", "2019-03-31": "1.39380", "2018-12-31": "1.46600", "2018-09-30": "1.42520", "2018-06-30": "1.50830", "2018-03-31": "1.43150", "2017-12-31": "1.64140", "2017-09-30": "1.58140", "2017-06-30": "1.64030", "2017-03-31": "1.72460", "2016-12-31": "1.90670", "2016-09-30": "1.79810", "2016-06-30": "1.77170", "2016-03-31": "1.72760", "2015-12-31": "1.98290", "2015-09-30": "1.77030", "2015-06-30": "1.80940", "2015-03-31": "1.77260", "2014-12-31": "1.95420", "2014-09-30": "1.81670", "2014-06-30": "1.76000", "2014-03-31": "1.66170", "2013-12-31": "1.84550", "2013-09-30": "1.72450", "2013-06-30": "1.76400", "2013-03-31": "1.79580", "2012-12-31": "1.83710", "2012-09-30": "1.66100", "2012-06-30": "1.75570", "2012-03-31": "1.79720", "2011-12-31": "2.00680", "2011-09-30": "1.91770", "2011-06-30": "1.85820", "2011-03-31": "1.83250", "2010-12-31": "2.18990", "2010-09-30": "1.90060", "2010-06-30": "1.93410", "2010-03-31": "1.87380", "2009-12-31": "2.11540", "2009-09-30": "1.81680", "2009-06-30": "1.82010", "2009-03-31": "1.76680", "2008-12-31": "1.90440", "2008-09-30": "1.82220", "2008-06-30": "1.75440", "2008-03-31": "1.78210", "2007-12-31": "1.88170", "2007-09-30": "1.77410", "2007-06-30": "1.92900", "2007-03-31": "1.79760", "2006-12-31": "2.11780", "2006-09-30": "1.79160", "2006-06-30": "1.91390", "2006-03-31": "1.75990", "2005-12-31": "1.77010", "2005-09-30": "1.73280", "2005-06-30": "1.67470", "2005-03-31": "1.77340"}, "Days Sales In Receivables": {"2020-09-30": "61.25910", "2020-06-30": "58.14490", "2020-03-31": "60.97660", "2019-12-31": "61.06460", "2019-09-30": "62.37450", "2019-06-30": "63.38510", "2019-03-31": "64.57270", "2018-12-31": "61.39170", "2018-09-30": "63.14800", "2018-06-30": "59.67150", "2018-03-31": "62.87230", "2017-12-31": "54.83160", "2017-09-30": "56.91110", "2017-06-30": "54.86920", "2017-03-31": "52.18470", "2016-12-31": "47.20120", "2016-09-30": "50.05310", "2016-06-30": "50.79900", "2016-03-31": "52.09610", "2015-12-31": "45.38780", "2015-09-30": "50.83890", "2015-06-30": "49.74150", "2015-03-31": "50.77400", "2014-12-31": "46.05490", "2014-09-30": "49.53920", "2014-06-30": "51.13580", "2014-03-31": "54.16090", "2013-12-31": "48.76860", "2013-09-30": "52.18840", "2013-06-30": "51.02180", "2013-03-31": "50.11790", "2012-12-31": "48.98910", "2012-09-30": "54.18370", "2012-06-30": "51.26230", "2012-03-31": "50.07900", "2011-12-31": "44.84770", "2011-09-30": "46.93120", "2011-06-30": "48.43460", "2011-03-31": "49.11310", "2010-12-31": "41.09830", "2010-09-30": "47.35450", "2010-06-30": "46.53300", "2010-03-31": "48.03060", "2009-12-31": "42.54600", "2009-09-30": "49.53650", "2009-06-30": "49.44830", "2009-03-31": "50.94060", "2008-12-31": "47.26010", "2008-09-30": "49.39110", "2008-06-30": "51.29970", "2008-03-31": "50.50240", "2007-12-31": "47.82900", "2007-09-30": "50.72930", "2007-06-30": "46.65530", "2007-03-31": "50.06600", "2006-12-31": "42.49680", "2006-09-30": "50.23350", "2006-06-30": "47.02330", "2006-03-31": "51.14000", "2005-12-31": "50.84360", "2005-09-30": "51.93830", "2005-06-30": "53.73990", "2005-03-31": "50.74920"}, "ROE - Return On Equity": {"2020-09-30": "4.78790", "2020-06-30": "5.67760", "2020-03-31": "4.98590", "2019-12-31": "4.06180", "2019-09-30": "3.78460", "2019-06-30": "4.57410", "2019-03-31": "4.04530", "2018-12-31": "3.72410", "2018-09-30": "4.08340", "2018-06-30": "4.37630", "2018-03-31": "3.34020", "2017-12-31": "", "2017-09-30": "3.87270", "2017-06-30": "3.12300", "2017-03-31": "5.21140", "2016-12-31": "3.50780", "2016-09-30": "3.29160", "2016-06-30": "4.02920", "2016-03-31": "2.05770", "2015-12-31": "3.26200", "2015-09-30": "0.15070", "2015-06-30": "2.80980", "2015-03-31": "3.49590", "2014-12-31": "3.28140", "2014-09-30": "3.19550", "2014-06-30": "3.86590", "2014-03-31": "2.89960", "2013-12-31": "2.60370", "2013-09-30": "3.20310", "2013-06-30": "3.85110", "2013-03-31": "4.24990", "2012-12-31": "2.89480", "2012-09-30": "2.06390", "2012-06-30": "2.29580", "2012-03-31": "4.20330", "2011-12-31": "2.88590", "2011-09-30": "2.44470", "2011-06-30": "2.88790", "2011-03-31": "2.95580", "2010-12-31": "0.95890", "2010-09-30": "2.81600", "2010-06-30": "3.80040", "2010-03-31": "3.41560", "2009-12-31": "3.50540", "2009-09-30": "3.04050", "2009-06-30": "3.69610", "2009-03-31": "3.15190", "2008-12-31": "3.65430", "2008-09-30": "2.53470", "2008-06-30": "5.28720", "2008-03-31": "5.17650", "2007-12-31": "1.33940", "2007-09-30": "2.53270", "2007-06-30": "5.36220", "2007-03-31": "5.76710", "2006-12-31": "3.54640", "2006-09-30": "2.92440", "2006-06-30": "5.32820", "2006-03-31": "3.95250", "2005-12-31": "4.03060", "2005-09-30": "2.18190", "2005-06-30": "3.86810", "2005-03-31": "4.22490"}, "Return On Tangible Equity": {"2020-09-30": "5.21220", "2020-06-30": "6.21470", "2020-03-31": "5.48260", "2019-12-31": "4.45110", "2019-09-30": "4.16330", "2019-06-30": "5.05660", "2019-03-31": "4.45050", "2018-12-31": "4.09380", "2018-09-30": "4.50800", "2018-06-30": "4.86300", "2018-03-31": "3.71470", "2017-12-31": "", "2017-09-30": "4.29550", "2017-06-30": "3.48390", "2017-03-31": "5.84450", "2016-12-31": "3.95480", "2016-09-30": "3.71280", "2016-06-30": "4.56310", "2016-03-31": "2.34480", "2015-12-31": "3.78810", "2015-09-30": "0.17630", "2015-06-30": "3.29110", "2015-03-31": "4.13060", "2014-12-31": "3.89430", "2014-09-30": "3.79760", "2014-06-30": "4.62770", "2014-03-31": "3.50450", "2013-12-31": "3.17250", "2013-09-30": "3.97150", "2013-06-30": "4.84440", "2013-03-31": "5.41880", "2012-12-31": "3.72920", "2012-09-30": "2.66810", "2012-06-30": "3.00000", "2012-03-31": "5.50110", "2011-12-31": "3.84620", "2011-09-30": "3.21840", "2011-06-30": "3.82350", "2011-03-31": "3.97730", "2010-12-31": "1.30980", "2010-09-30": "3.84950", "2010-06-30": "5.28490", "2010-03-31": "4.78960", "2009-12-31": "4.95970", "2009-09-30": "4.36550", "2009-06-30": "5.20060", "2009-03-31": "4.57520", "2008-12-31": "5.36470", "2008-09-30": "3.57240", "2008-06-30": "7.46770", "2008-03-31": "7.54290", "2007-12-31": "2.02430", "2007-09-30": "3.97650", "2007-06-30": "8.21710", "2007-03-31": "9.23990", "2006-12-31": "5.99020", "2006-09-30": "5.02340", "2006-06-30": "9.07100", "2006-03-31": "7.03050", "2005-12-31": "7.58160", "2005-09-30": "4.36650", "2005-06-30": "5.87100", "2005-03-31": "4.95620"}, "ROA - Return On Assets": {"2020-09-30": "3.18650", "2020-06-30": "3.81220", "2020-03-31": "3.30740", "2019-12-31": "2.72910", "2019-09-30": "2.58970", "2019-06-30": "3.11320", "2019-03-31": "2.72080", "2018-12-31": "2.62770", "2018-09-30": "2.83640", "2018-06-30": "2.99410", "2018-03-31": "2.33210", "2017-12-31": "", "2017-09-30": "2.64190", "2017-06-30": "2.10530", "2017-03-31": "3.51310", "2016-12-31": "2.28350", "2016-09-30": "2.16680", "2016-06-30": "2.62150", "2016-03-31": "1.32480", "2015-12-31": "1.97040", "2015-09-30": "0.09000", "2015-06-30": "1.67100", "2015-03-31": "2.06140", "2014-12-31": "1.88060", "2014-09-30": "1.85260", "2014-06-30": "2.20570", "2014-03-31": "1.58650", "2013-12-31": "1.41180", "2013-09-30": "1.61010", "2013-06-30": "1.87260", "2013-03-31": "2.01000", "2012-12-31": "1.34910", "2012-09-30": "0.96900", "2012-06-30": "1.06640", "2012-03-31": "2.00370", "2011-12-31": "1.35090", "2011-09-30": "1.20860", "2011-06-30": "1.42020", "2011-03-31": "1.43470", "2010-12-31": "0.46360", "2010-09-30": "1.36970", "2010-06-30": "1.77560", "2010-03-31": "1.57950", "2009-12-31": "1.59720", "2009-09-30": "1.36090", "2009-06-30": "1.61810", "2009-03-31": "1.34910", "2008-12-31": "1.52310", "2008-09-30": "1.11570", "2008-06-30": "2.30570", "2008-03-31": "2.18040", "2007-12-31": "0.54820", "2007-09-30": "1.05600", "2007-06-30": "2.31910", "2007-03-31": "2.39560", "2006-12-31": "1.60100", "2006-09-30": "1.31840", "2006-06-30": "2.34270", "2006-03-31": "1.67940", "2005-12-31": "1.64370", "2005-09-30": "0.88810", "2005-06-30": "1.52920", "2005-03-31": "2.00000"}, "ROI - Return On Investment": {"2020-09-30": "4.17280", "2020-06-30": "4.90270", "2020-03-31": "4.25890", "2019-12-31": "3.49520", "2019-09-30": "3.34580", "2019-06-30": "4.02780", "2019-03-31": "3.53990", "2018-12-31": "3.26570", "2018-09-30": "3.56590", "2018-06-30": "3.79490", "2018-03-31": "2.90030", "2017-12-31": "", "2017-09-30": "3.36970", "2017-06-30": "2.69800", "2017-03-31": "4.46870", "2016-12-31": "2.91730", "2016-09-30": "2.74270", "2016-06-30": "3.34010", "2016-03-31": "1.69540", "2015-12-31": "2.66600", "2015-09-30": "0.12230", "2015-06-30": "2.27660", "2015-03-31": "2.80480", "2014-12-31": "2.48180", "2014-09-30": "2.41130", "2014-06-30": "2.82300", "2014-03-31": "2.04480", "2013-12-31": "1.84710", "2013-09-30": "2.20070", "2013-06-30": "2.56170", "2013-03-31": "2.69950", "2012-12-31": "1.90480", "2012-09-30": "1.37140", "2012-06-30": "1.59850", "2012-03-31": "2.95070", "2011-12-31": "1.98070", "2011-09-30": "1.66570", "2011-06-30": "1.89050", "2011-03-31": "1.90700", "2010-12-31": "0.60990", "2010-09-30": "1.77750", "2010-06-30": "2.33890", "2010-03-31": "2.13360", "2009-12-31": "2.11860", "2009-09-30": "1.79410", "2009-06-30": "2.14290", "2009-03-31": "1.76480", "2008-12-31": "2.04790", "2008-09-30": "1.47610", "2008-06-30": "3.06050", "2008-03-31": "2.84790", "2007-12-31": "0.73870", "2007-09-30": "1.39460", "2007-06-30": "3.01680", "2007-03-31": "3.16950", "2006-12-31": "2.26050", "2006-09-30": "1.83200", "2006-06-30": "3.19540", "2006-03-31": "2.26120", "2005-12-31": "2.20750", "2005-09-30": "1.21240", "2005-06-30": "2.05840", "2005-03-31": "2.82360"}, "Book Value Per Share": {"2020-09-30": "23.25980", "2020-06-30": "21.76560", "2020-03-31": "20.24730", "2019-12-31": "21.23080", "2019-09-30": "20.10270", "2019-06-30": "19.60790", "2019-03-31": "18.63270", "2018-12-31": "18.84350", "2018-09-30": "18.24290", "2018-06-30": "17.44080", "2018-03-31": "17.73510", "2017-12-31": "17.31940", "2017-09-30": "17.72410", "2017-06-30": "16.78920", "2017-03-31": "15.87770", "2016-12-31": "15.28730", "2016-09-30": "15.60520", "2016-06-30": "15.15570", "2016-03-31": "14.69220", "2015-12-31": "14.16180", "2015-09-30": "13.80440", "2015-06-30": "13.74170", "2015-03-31": "13.08900", "2014-12-31": "13.42080", "2014-09-30": "13.64420", "2014-06-30": "13.73730", "2014-03-31": "13.23800", "2013-12-31": "12.91170", "2013-09-30": "12.00430", "2013-06-30": "11.26720", "2013-03-31": "10.74780", "2012-12-31": "10.62540", "2012-09-30": "10.45340", "2012-06-30": "9.99260", "2012-03-31": "10.12680", "2011-12-31": "9.71660", "2011-09-30": "10.07730", "2011-06-30": "10.14580", "2011-03-31": "9.92660", "2010-12-31": "9.39490", "2010-09-30": "9.21430", "2010-06-30": "8.32360", "2010-03-31": "8.45040", "2009-12-31": "8.77420", "2009-09-30": "8.24640", "2009-06-30": "7.76970", "2009-03-31": "7.12240", "2008-12-31": "7.44800", "2008-09-30": "7.76380", "2008-06-30": "7.96790", "2008-03-31": "7.87040", "2007-12-31": "7.51240", "2007-09-30": "7.41080", "2007-06-30": "7.46530", "2007-03-31": "6.96210", "2006-12-31": "6.29940", "2006-09-30": "6.17800", "2006-06-30": "5.99370", "2006-03-31": "5.60030", "2005-12-31": "5.34430", "2005-09-30": "5.12940", "2005-06-30": "4.99570", "2005-03-31": "4.94840"}, "Operating Cash Flow Per Share": {"2020-09-30": 1.5539, "2020-06-30": 1.9616, "2020-03-31": "0.75630", "2019-12-31": 1.4157, "2019-09-30": 1.421, "2019-06-30": 1.4012, "2019-03-31": "0.63210", "2018-12-31": 0.9822, "2018-09-30": 1.1521, "2018-06-30": 1.0973, "2018-03-31": "0.59600", "2017-12-31": 1.0783, "2017-09-30": 0.9969, "2017-06-30": 1.122, "2017-03-31": "0.27640", "2016-12-31": 0.9573, "2016-09-30": 0.9092, "2016-06-30": 1.0183, "2016-03-31": "0.04050", "2015-12-31": 0.924, "2015-09-30": 0.9282, "2015-06-30": 1.0517, "2015-03-31": "-0.02590", "2014-12-31": 0.6267, "2014-09-30": 0.8774, "2014-06-30": 0.8866, "2014-03-31": "0.12170", "2013-12-31": 0.9635, "2013-09-30": 0.7349, "2013-06-30": 1.121, "2013-03-31": "0.26880", "2012-12-31": 0.9155, "2012-09-30": 0.7929, "2012-06-30": 0.7156, "2012-03-31": "0.18600", "2011-12-31": 0.5648, "2011-09-30": 0.5365, "2011-06-30": 0.5358, "2011-03-31": "0.12910", "2010-12-31": 0.6431, "2010-09-30": 0.6539, "2010-06-30": 0.4297, "2010-03-31": "0.15750", "2009-12-31": 0.7277, "2009-09-30": 0.5323, "2009-06-30": 0.6824, "2009-03-31": "-0.04570", "2008-12-31": 0.6129, "2008-09-30": 0.5833, "2008-06-30": 0.7692, "2008-03-31": "-0.09560", "2007-12-31": 0.8348, "2007-09-30": 0.3338, "2007-06-30": 0.5681, "2007-03-31": "0.04780", "2006-12-31": 0.7105, "2006-09-30": 0.5678, "2006-06-30": 0.7508, "2006-03-31": "0.04530", "2005-12-31": 0.5038, "2005-09-30": 0.3622, "2005-06-30": 0.4241, "2005-03-31": "0.02680"}, "Free Cash Flow Per Share": {"2020-09-30": 0.9309, "2020-06-30": 1.4702, "2020-03-31": "0.33110", "2019-12-31": 0.9155, "2019-09-30": 1.0051, "2019-06-30": 1.0233, "2019-03-31": "0.24970", "2018-12-31": 0.5803, "2018-09-30": 0.808, "2018-06-30": 0.8255, "2018-03-31": "0.22520", "2017-12-31": 0.6874, "2017-09-30": 0.5461, "2017-06-30": 0.7388, "2017-03-31": "-0.22430", "2016-12-31": 0.324, "2016-09-30": 0.2625, "2016-06-30": 0.5553, "2016-03-31": "-0.48580", "2015-12-31": 0.3155, "2015-09-30": 0.5284, "2015-06-30": 0.6917, "2015-03-31": "-0.44070", "2014-12-31": 0.2577, "2014-09-30": 0.4856, "2014-06-30": 0.5487, "2014-03-31": "-0.31670", "2013-12-31": 0.4202, "2013-09-30": 0.3344, "2013-06-30": 0.815, "2013-03-31": "-0.60880", "2012-12-31": 0.5046, "2012-09-30": 0.3231, "2012-06-30": 0.2043, "2012-03-31": "-0.25070", "2011-12-31": 0.1135, "2011-09-30": 0.2094, "2011-06-30": 0.2886, "2011-03-31": "-0.13450", "2010-12-31": 0.3528, "2010-09-30": 0.4196, "2010-06-30": 0.228, "2010-03-31": "-0.08490", "2009-12-31": 0.3323, "2009-09-30": 0.1568, "2009-06-30": 0.3436, "2009-03-31": "-0.38090", "2008-12-31": -0.0886, "2008-09-30": 0.0979, "2008-06-30": 0.3522, "2008-03-31": "-0.41140", "2007-12-31": -0.015, "2007-09-30": 0.0041, "2007-06-30": 0.2632, "2007-03-31": "-0.25510", "2006-12-31": 0.065, "2006-09-30": 0.2684, "2006-06-30": 0.5242, "2006-03-31": "-0.12690", "2005-12-31": 0.1688, "2005-09-30": 0.1541, "2005-06-30": 0.2624, "2005-03-31": "-0.10070"}}, "revenue": {"West Pharmaceutical Services Annual Revenue (Millions of US $)": {"2019": "$1,840", "2018": "$1,717", "2017": "$1,599", "2016": "$1,509", "2015": "$1,400", "2014": "$1,421", "2013": "$1,368", "2012": "$1,266", "2011": "$1,192", "2010": "$1,105", "2009": "$1,056", "2008": "$1,051", "2007": "$1,020", "2006": "$913", "2005": "$700"}, "West Pharmaceutical Services Quarterly Revenue (Millions of US $)": {"2020-09-30": "$548", "2020-06-30": "$527", "2020-03-31": "$492", "2019-12-31": "$471", "2019-09-30": "$456", "2019-06-30": "$470", "2019-03-31": "$444", "2018-12-31": "$423", "2018-09-30": "$432", "2018-06-30": "$448", "2018-03-31": "$416", "2017-12-31": "$416", "2017-09-30": "$398", "2017-06-30": "$398", "2017-03-31": "$388", "2016-12-31": "$382", "2016-09-30": "$377", "2016-06-30": "$388", "2016-03-31": "$362", "2015-12-31": "$360", "2015-09-30": "$345", "2015-06-30": "$360", "2015-03-31": "$336", "2014-12-31": "$350", "2014-09-30": "$356", "2014-06-30": "$369", "2014-03-31": "$347", "2013-12-31": "$343", "2013-09-30": "$342", "2013-06-30": "$345", "2013-03-31": "$339", "2012-12-31": "$322", "2012-09-30": "$304", "2012-06-30": "$325", "2012-03-31": "$316", "2011-12-31": "$295", "2011-09-30": "$294", "2011-06-30": "$308", "2011-03-31": "$295", "2010-12-31": "$277", "2010-09-30": "$271", "2010-06-30": "$282", "2010-03-31": "$275", "2009-12-31": "$293", "2009-09-30": "$259", "2009-06-30": "$261", "2009-03-31": "$242", "2008-12-31": "$245", "2008-09-30": "$256", "2008-06-30": "$279", "2008-03-31": "$271", "2007-12-31": "$256", "2007-09-30": "$243", "2007-06-30": "$264", "2007-03-31": "$258", "2006-12-31": "$232", "2006-09-30": "$218", "2006-06-30": "$240", "2006-03-31": "$223", "2005-12-31": "$196", "2005-09-30": "$182", "2005-06-30": "$173", "2005-03-31": "$150"}}, "gross-profit": {"West Pharmaceutical Services Annual Gross Profit (Millions of US $)": {"2019": "$606", "2018": "$545", "2017": "$513", "2016": "$501", "2015": "$456", "2014": "$448", "2013": "$435", "2012": "$388", "2011": "$339", "2010": "$318", "2009": "$304", "2008": "$303", "2007": "$292", "2006": "$265", "2005": "$197"}, "West Pharmaceutical Services Quarterly Gross Profit (Millions of US $)": {"2020-09-30": "$195", "2020-06-30": "$195", "2020-03-31": "$167", "2019-12-31": "$153", "2019-09-30": "$148", "2019-06-30": "$158", "2019-03-31": "$147", "2018-12-31": "$133", "2018-09-30": "$136", "2018-06-30": "$142", "2018-03-31": "$134", "2017-12-31": "$129", "2017-09-30": "$125", "2017-06-30": "$125", "2017-03-31": "$134", "2016-12-31": "$124", "2016-09-30": "$121", "2016-06-30": "$133", "2016-03-31": "$123", "2015-12-31": "$120", "2015-09-30": "$108", "2015-06-30": "$118", "2015-03-31": "$110", "2014-12-31": "$110", "2014-09-30": "$110", "2014-06-30": "$122", "2014-03-31": "$106", "2013-12-31": "$107", "2013-09-30": "$106", "2013-06-30": "$111", "2013-03-31": "$112", "2012-12-31": "$98", "2012-09-30": "$90", "2012-06-30": "$99", "2012-03-31": "$101", "2011-12-31": "$85", "2011-09-30": "$81", "2011-06-30": "$85", "2011-03-31": "$88", "2010-12-31": "$78", "2010-09-30": "$75", "2010-06-30": "$83", "2010-03-31": "$82", "2009-12-31": "$84", "2009-09-30": "$72", "2009-06-30": "$79", "2009-03-31": "$69", "2008-12-31": "$70", "2008-09-30": "$66", "2008-06-30": "$84", "2008-03-31": "$84", "2007-12-31": "$70", "2007-09-30": "$64", "2007-06-30": "$77", "2007-03-31": "$80", "2006-12-31": "$67", "2006-09-30": "$60", "2006-06-30": "$71", "2006-03-31": "$68", "2005-12-31": "$56", "2005-09-30": "$44", "2005-06-30": "$51", "2005-03-31": "$46"}}, "operating-income": {"West Pharmaceutical Services Annual Operating Income (Millions of US $)": {"2019": "$297", "2018": "$240", "2017": "$226", "2016": "$195", "2015": "$129", "2014": "$182", "2013": "$162", "2012": "$135", "2011": "$110", "2010": "$91", "2009": "$98", "2008": "$124", "2007": "$95", "2006": "$101", "2005": "$73"}, "West Pharmaceutical Services Quarterly Operating Income (Millions of US $)": {"2020-09-30": "$99", "2020-06-30": "$104", "2020-03-31": "$88", "2019-12-31": "$78", "2019-09-30": "$67", "2019-06-30": "$81", "2019-03-31": "$71", "2018-12-31": "$66", "2018-09-30": "$61", "2018-06-30": "$60", "2018-03-31": "$53", "2017-12-31": "$60", "2017-09-30": "$63", "2017-06-30": "$42", "2017-03-31": "$61", "2016-12-31": "$53", "2016-09-30": "$51", "2016-06-30": "$61", "2016-03-31": "$30", "2015-12-31": "$45", "2015-09-30": "$-4", "2015-06-30": "$39", "2015-03-31": "$48", "2014-12-31": "$45", "2014-09-30": "$44", "2014-06-30": "$54", "2014-03-31": "$39", "2013-12-31": "$37", "2013-09-30": "$40", "2013-06-30": "$43", "2013-03-31": "$43", "2012-12-31": "$32", "2012-09-30": "$26", "2012-06-30": "$36", "2012-03-31": "$42", "2011-12-31": "$27", "2011-09-30": "$26", "2011-06-30": "$28", "2011-03-31": "$29", "2010-12-31": "$6", "2010-09-30": "$25", "2010-06-30": "$31", "2010-03-31": "$29", "2009-12-31": "$22", "2009-09-30": "$26", "2009-06-30": "$29", "2009-03-31": "$21", "2008-12-31": "$26", "2008-09-30": "$18", "2008-06-30": "$43", "2008-03-31": "$38", "2007-12-31": "$8", "2007-09-30": "$13", "2007-06-30": "$35", "2007-03-31": "$40", "2006-12-31": "$21", "2006-09-30": "$20", "2006-06-30": "$32", "2006-03-31": "$28", "2005-12-31": "$20", "2005-09-30": "$13", "2005-06-30": "$20", "2005-03-31": "$20"}}, "ebitda": {"West Pharmaceutical Services Annual EBITDA (Millions of US $)": {"2019": "$400", "2018": "$345", "2017": "$323", "2016": "$286", "2015": "$219", "2014": "$272", "2013": "$248", "2012": "$212", "2011": "$185", "2010": "$164", "2009": "$166", "2008": "$185", "2007": "$152", "2006": "$154", "2005": "$121"}, "West Pharmaceutical Services Quarterly EBITDA (Millions of US $)": {"2020-09-30": "$128", "2020-06-30": "$130", "2020-03-31": "$114", "2019-12-31": "$104", "2019-09-30": "$93", "2019-06-30": "$107", "2019-03-31": "$96", "2018-12-31": "$92", "2018-09-30": "$87", "2018-06-30": "$86", "2018-03-31": "$80", "2017-12-31": "$85", "2017-09-30": "$88", "2017-06-30": "$66", "2017-03-31": "$84", "2016-12-31": "$76", "2016-09-30": "$74", "2016-06-30": "$84", "2016-03-31": "$52", "2015-12-31": "$69", "2015-09-30": "$19", "2015-06-30": "$61", "2015-03-31": "$70", "2014-12-31": "$67", "2014-09-30": "$67", "2014-06-30": "$77", "2014-03-31": "$61", "2013-12-31": "$59", "2013-09-30": "$62", "2013-06-30": "$63", "2013-03-31": "$64", "2012-12-31": "$52", "2012-09-30": "$46", "2012-06-30": "$54", "2012-03-31": "$60", "2011-12-31": "$45", "2011-09-30": "$45", "2011-06-30": "$47", "2011-03-31": "$48", "2010-12-31": "$26", "2010-09-30": "$44", "2010-06-30": "$48", "2010-03-31": "$47", "2009-12-31": "$40", "2009-09-30": "$44", "2009-06-30": "$45", "2009-03-31": "$36", "2008-12-31": "$41", "2008-09-30": "$33", "2008-06-30": "$58", "2008-03-31": "$53", "2007-12-31": "$22", "2007-09-30": "$27", "2007-06-30": "$49", "2007-03-31": "$54", "2006-12-31": "$35", "2006-09-30": "$33", "2006-06-30": "$45", "2006-03-31": "$41", "2005-12-31": "$34", "2005-09-30": "$26", "2005-06-30": "$31", "2005-03-31": "$30"}}, "net-income": {"West Pharmaceutical Services Annual Net Income (Millions of US $)": {"2019": "$242", "2018": "$207", "2017": "$151", "2016": "$144", "2015": "$96", "2014": "$127", "2013": "$112", "2012": "$81", "2011": "$76", "2010": "$65", "2009": "$73", "2008": "$86", "2007": "$71", "2006": "$67", "2005": "$46"}, "West Pharmaceutical Services Quarterly Net Income (Millions of US $)": {"2020-09-30": "$82", "2020-06-30": "$91", "2020-03-31": "$74", "2019-12-31": "$64", "2019-09-30": "$56", "2019-06-30": "$66", "2019-03-31": "$55", "2018-12-31": "$52", "2018-09-30": "$55", "2018-06-30": "$56", "2018-03-31": "$44", "2017-12-31": "$0", "2017-09-30": "$51", "2017-06-30": "$39", "2017-03-31": "$61", "2016-12-31": "$39", "2016-09-30": "$38", "2016-06-30": "$45", "2016-03-31": "$22", "2015-12-31": "$33", "2015-09-30": "$2", "2015-06-30": "$28", "2015-03-31": "$33", "2014-12-31": "$31", "2014-09-30": "$31", "2014-06-30": "$38", "2014-03-31": "$27", "2013-12-31": "$24", "2013-09-30": "$27", "2013-06-30": "$30", "2013-03-31": "$32", "2012-12-31": "$21", "2012-09-30": "$15", "2012-06-30": "$16", "2012-03-31": "$29", "2011-12-31": "$19", "2011-09-30": "$17", "2011-06-30": "$20", "2011-03-31": "$20", "2010-12-31": "$6", "2010-09-30": "$18", "2010-06-30": "$22", "2010-03-31": "$20", "2009-12-31": "$20", "2009-09-30": "$17", "2009-06-30": "$20", "2009-03-31": "$15", "2008-12-31": "$18", "2008-09-30": "$13", "2008-06-30": "$29", "2008-03-31": "$26", "2007-12-31": "$6", "2007-09-30": "$12", "2007-06-30": "$26", "2007-03-31": "$27", "2006-12-31": "$15", "2006-09-30": "$13", "2006-06-30": "$21", "2006-03-31": "$18", "2005-12-31": "$13", "2005-09-30": "$8", "2005-06-30": "$13", "2005-03-31": "$13"}}, "eps-earnings-per-share-diluted": {"West Pharmaceutical Services Annual EPS": {"2019": "$3.21", "2018": "$2.74", "2017": "$1.99", "2016": "$1.91", "2015": "$1.30", "2014": "$1.75", "2013": "$1.57", "2012": "$1.15", "2011": "$1.08", "2010": "$0.95", "2009": "$1.06", "2008": "$1.25", "2007": "$1.03", "2006": "$1.00", "2005": "$0.71"}, "West Pharmaceutical Services Quarterly EPS": {"2020-09-30": "$1.09", "2020-06-30": "$1.21", "2020-03-31": "$0.99", "2019-12-31": "$0.85", "2019-09-30": "$0.75", "2019-06-30": "$0.88", "2019-03-31": "$0.73", "2018-12-31": "$0.68", "2018-09-30": "$0.73", "2018-06-30": "$0.75", "2018-03-31": "$0.58", "2017-12-31": "$0.00", "2017-09-30": "$0.67", "2017-06-30": "$0.51", "2017-03-31": "$0.81", "2016-12-31": "$0.51", "2016-09-30": "$0.50", "2016-06-30": "$0.60", "2016-03-31": "$0.30", "2015-12-31": "$0.45", "2015-09-30": "$0.02", "2015-06-30": "$0.38", "2015-03-31": "$0.45", "2014-12-31": "$0.42", "2014-09-30": "$0.43", "2014-06-30": "$0.52", "2014-03-31": "$0.38", "2013-12-31": "$0.32", "2013-09-30": "$0.37", "2013-06-30": "$0.43", "2013-03-31": "$0.45", "2012-12-31": "$0.31", "2012-09-30": "$0.21", "2012-06-30": "$0.23", "2012-03-31": "$0.41", "2011-12-31": "$0.27", "2011-09-30": "$0.25", "2011-06-30": "$0.29", "2011-03-31": "$0.28", "2010-12-31": "$0.10", "2010-09-30": "$0.26", "2010-06-30": "$0.31", "2010-03-31": "$0.29", "2009-12-31": "$0.30", "2009-09-30": "$0.25", "2009-06-30": "$0.29", "2009-03-31": "$0.23", "2008-12-31": "$0.26", "2008-09-30": "$0.20", "2008-06-30": "$0.41", "2008-03-31": "$0.38", "2007-12-31": "$0.10", "2007-09-30": "$0.18", "2007-06-30": "$0.37", "2007-03-31": "$0.39", "2006-12-31": "$0.22", "2006-09-30": "$0.20", "2006-06-30": "$0.31", "2006-03-31": "$0.28", "2005-12-31": "$0.18", "2005-09-30": "$0.12", "2005-06-30": "$0.20", "2005-03-31": "$0.21"}}, "shares-outstanding": {"West Pharmaceutical Services Annual Shares Outstanding (Millions of Shares)": {"2019": "75", "2018": "75", "2017": "76", "2016": "75", "2015": "74", "2014": "73", "2013": "71", "2012": "72", "2011": "74", "2010": "73", "2009": "73", "2008": "72", "2007": "72", "2006": "67", "2005": "65"}, "West Pharmaceutical Services Quarterly Shares Outstanding (Millions of Shares)": {"2020-09-30": "76", "2020-06-30": "76", "2020-03-31": "76", "2019-12-31": "75", "2019-09-30": "76", "2019-06-30": "75", "2019-03-31": "75", "2018-12-31": "75", "2018-09-30": "76", "2018-06-30": "75", "2018-03-31": "76", "2017-12-31": "76", "2017-09-30": "76", "2017-06-30": "76", "2017-03-31": "75", "2016-12-31": "75", "2016-09-30": "75", "2016-06-30": "75", "2016-03-31": "74", "2015-12-31": "74", "2015-09-30": "74", "2015-06-30": "74", "2015-03-31": "73", "2014-12-31": "73", "2014-09-30": "73", "2014-06-30": "72", "2014-03-31": "72", "2013-12-31": "71", "2013-09-30": "71", "2013-06-30": "71", "2013-03-31": "70", "2012-12-31": "72", "2012-09-30": "69", "2012-06-30": "73", "2012-03-31": "74", "2011-12-31": "74", "2011-09-30": "74", "2011-06-30": "74", "2011-03-31": "74", "2010-12-31": "73", "2010-09-30": "73", "2010-06-30": "73", "2010-03-31": "73", "2009-12-31": "73", "2009-09-30": "73", "2009-06-30": "72", "2009-03-31": "72", "2008-12-31": "72", "2008-09-30": "72", "2008-06-30": "73", "2008-03-31": "72", "2007-12-31": "72", "2007-09-30": "74", "2007-06-30": "74", "2007-03-31": "69", "2006-12-31": "67", "2006-09-30": "68", "2006-06-30": "67", "2006-03-31": "66", "2005-12-31": "65", "2005-09-30": "66", "2005-06-30": "64", "2005-03-31": "64"}}, "total-assets": {"West Pharmaceutical Services Annual Total Assets (Millions of US $)": {"2019": "$2,341", "2018": "$1,979", "2017": "$1,863", "2016": "$1,717", "2015": "$1,695", "2014": "$1,670", "2013": "$1,672", "2012": "$1,564", "2011": "$1,399", "2010": "$1,294", "2009": "$1,271", "2008": "$1,169", "2007": "$1,186", "2006": "$918", "2005": "$834"}, "West Pharmaceutical Services Quarterly Total Assets (Millions of US $)": {"2020-09-30": "$2,583", "2020-06-30": "$2,392", "2020-03-31": "$2,247", "2019-12-31": "$2,341", "2019-09-30": "$2,174", "2019-06-30": "$2,123", "2019-03-31": "$2,036", "2018-12-31": "$1,979", "2018-09-30": "$1,946", "2018-06-30": "$1,874", "2018-03-31": "$1,870", "2017-12-31": "$1,863", "2017-09-30": "$1,930", "2017-06-30": "$1,843", "2017-03-31": "$1,734", "2016-12-31": "$1,717", "2016-09-30": "$1,735", "2016-06-30": "$1,705", "2016-03-31": "$1,668", "2015-12-31": "$1,695", "2015-09-30": "$1,667", "2015-06-30": "$1,664", "2015-03-31": "$1,596", "2014-12-31": "$1,670", "2014-09-30": "$1,673", "2014-06-30": "$1,705", "2014-03-31": "$1,708", "2013-12-31": "$1,672", "2013-09-30": "$1,665", "2013-06-30": "$1,613", "2013-03-31": "$1,577", "2012-12-31": "$1,564", "2012-09-30": "$1,527", "2012-06-30": "$1,463", "2012-03-31": "$1,457", "2011-12-31": "$1,399", "2011-09-30": "$1,398", "2011-06-30": "$1,415", "2011-03-31": "$1,366", "2010-12-31": "$1,294", "2010-09-30": "$1,300", "2010-06-30": "$1,222", "2010-03-31": "$1,254", "2009-12-31": "$1,271", "2009-09-30": "$1,264", "2009-06-30": "$1,218", "2009-03-31": "$1,142", "2008-12-31": "$1,169", "2008-09-30": "$1,210", "2008-06-30": "$1,253", "2008-03-31": "$1,211", "2007-12-31": "$1,186", "2007-09-30": "$1,155", "2007-06-30": "$1,143", "2007-03-31": "$1,106", "2006-12-31": "$918", "2006-09-30": "$895", "2006-06-30": "$884", "2006-03-31": "$852", "2005-12-31": "$834", "2005-09-30": "$800", "2005-06-30": "$798", "2005-03-31": "$650"}}, "cash-on-hand": {"West Pharmaceutical Services Annual Cash on Hand (Millions of US $)": {"2019": "$439", "2018": "$337", "2017": "$236", "2016": "$203", "2015": "$275", "2014": "$255", "2013": "$230", "2012": "$174", "2011": "$118", "2010": "$110", "2009": "$83", "2008": "$87", "2007": "$129", "2006": "$47", "2005": "$49"}, "West Pharmaceutical Services Quarterly Cash on Hand (Millions of US $)": {"2020-09-30": "$519", "2020-06-30": "$446", "2020-03-31": "$335", "2019-12-31": "$439", "2019-09-30": "$396", "2019-06-30": "$327", "2019-03-31": "$266", "2018-12-31": "$337", "2018-09-30": "$297", "2018-06-30": "$226", "2018-03-31": "$200", "2017-12-31": "$236", "2017-09-30": "$269", "2017-06-30": "$227", "2017-03-31": "$169", "2016-12-31": "$203", "2016-09-30": "$206", "2016-06-30": "$203", "2016-03-31": "$178", "2015-12-31": "$275", "2015-09-30": "$257", "2015-06-30": "$252", "2015-03-31": "$207", "2014-12-31": "$255", "2014-09-30": "$247", "2014-06-30": "$227", "2014-03-31": "$230", "2013-12-31": "$230", "2013-09-30": "$229", "2013-06-30": "$198", "2013-03-31": "$183", "2012-12-31": "$174", "2012-09-30": "$165", "2012-06-30": "$133", "2012-03-31": "$127", "2011-12-31": "$118", "2011-09-30": "$119", "2011-06-30": "$110", "2011-03-31": "$95", "2010-12-31": "$110", "2010-09-30": "$97", "2010-06-30": "$68", "2010-03-31": "$66", "2009-12-31": "$83", "2009-09-30": "$80", "2009-06-30": "$87", "2009-03-31": "$66", "2008-12-31": "$87", "2008-09-30": "$109", "2008-06-30": "$112", "2008-03-31": "$107", "2007-12-31": "$129", "2007-09-30": "$151", "2007-06-30": "$177", "2007-03-31": "$157", "2006-12-31": "$47", "2006-09-30": "$45", "2006-06-30": "$46", "2006-03-31": "$31", "2005-12-31": "$49", "2005-09-30": "$21", "2005-06-30": "$62", "2005-03-31": "$54"}}, "long-term-debt": {"West Pharmaceutical Services Annual Long Term Debt (Millions of US $)": {"2019": "$255", "2018": "$196", "2017": "$197", "2016": "$226", "2015": "$229", "2014": "$308", "2013": "$371", "2012": "$379", "2011": "$299", "2010": "$358", "2009": "$379", "2008": "$382", "2007": "$395", "2006": "$236", "2005": "$281"}, "West Pharmaceutical Services Quarterly Long Term Debt (Millions of US $)": {"2020-09-30": "$253", "2020-06-30": "$254", "2020-03-31": "$254", "2019-12-31": "$255", "2019-09-30": "$195", "2019-06-30": "$196", "2019-03-31": "$196", "2018-12-31": "$196", "2018-09-30": "$196", "2018-06-30": "$196", "2018-03-31": "$198", "2017-12-31": "$197", "2017-09-30": "$197", "2017-06-30": "$196", "2017-03-31": "$194", "2016-12-31": "$226", "2016-09-30": "$229", "2016-06-30": "$229", "2016-03-31": "$230", "2015-12-31": "$229", "2015-09-30": "$232", "2015-06-30": "$232", "2015-03-31": "$232", "2014-12-31": "$308", "2014-09-30": "$316", "2014-06-30": "$359", "2014-03-31": "$391", "2013-12-31": "$371", "2013-09-30": "$381", "2013-06-30": "$395", "2013-03-31": "$428", "2012-12-31": "$379", "2012-09-30": "$362", "2012-06-30": "$296", "2012-03-31": "$295", "2011-12-31": "$299", "2011-09-30": "$323", "2011-06-30": "$367", "2011-03-31": "$365", "2010-12-31": "$358", "2010-09-30": "$369", "2010-06-30": "$357", "2010-03-31": "$348", "2009-12-31": "$379", "2009-09-30": "$393", "2009-06-30": "$386", "2009-03-31": "$384", "2008-12-31": "$382", "2008-09-30": "$382", "2008-06-30": "$398", "2008-03-31": "$417", "2007-12-31": "$395", "2007-09-30": "$393", "2007-06-30": "$384", "2007-03-31": "$377", "2006-12-31": "$236", "2006-09-30": "$241", "2006-06-30": "$259", "2006-03-31": "$271", "2005-12-31": "$281", "2005-09-30": "$260", "2005-06-30": "$277", "2005-03-31": "$153"}}, "total-liabilities": {"West Pharmaceutical Services Annual Total Liabilities (Millions of US $)": {"2019": "$768", "2018": "$583", "2017": "$583", "2016": "$599", "2015": "$671", "2014": "$713", "2013": "$765", "2012": "$835", "2011": "$744", "2010": "$669", "2009": "$692", "2008": "$682", "2007": "$700", "2006": "$504", "2005": "$494"}, "West Pharmaceutical Services Quarterly Total Liabilities (Millions of US $)": {"2020-09-30": "$864", "2020-06-30": "$786", "2020-03-31": "$756", "2019-12-31": "$768", "2019-09-30": "$686", "2019-06-30": "$678", "2019-03-31": "$667", "2018-12-31": "$583", "2018-09-30": "$594", "2018-06-30": "$592", "2018-03-31": "$564", "2017-12-31": "$583", "2017-09-30": "$614", "2017-06-30": "$601", "2017-03-31": "$565", "2016-12-31": "$599", "2016-09-30": "$593", "2016-06-30": "$596", "2016-03-31": "$594", "2015-12-31": "$671", "2015-09-30": "$671", "2015-06-30": "$674", "2015-03-31": "$655", "2014-12-31": "$713", "2014-09-30": "$703", "2014-06-30": "$732", "2014-03-31": "$774", "2013-12-31": "$765", "2013-09-30": "$828", "2013-06-30": "$829", "2013-03-31": "$831", "2012-12-31": "$835", "2012-09-30": "$810", "2012-06-30": "$783", "2012-03-31": "$763", "2011-12-31": "$744", "2011-09-30": "$707", "2011-06-30": "$719", "2011-03-31": "$703", "2010-12-31": "$669", "2010-09-30": "$668", "2010-06-30": "$651", "2010-03-31": "$674", "2009-12-31": "$692", "2009-09-30": "$698", "2009-06-30": "$685", "2009-03-31": "$653", "2008-12-31": "$682", "2008-09-30": "$677", "2008-06-30": "$707", "2008-03-31": "$701", "2007-12-31": "$700", "2007-09-30": "$674", "2007-06-30": "$649", "2007-03-31": "$647", "2006-12-31": "$504", "2006-09-30": "$492", "2006-06-30": "$495", "2006-03-31": "$490", "2005-12-31": "$494", "2005-09-30": "$474", "2005-06-30": "$482", "2005-03-31": "$342"}}, "total-share-holder-equity": {"West Pharmaceutical Services Annual Share Holder Equity (Millions of US $)": {"2019": "$1,573", "2018": "$1,396", "2017": "$1,280", "2016": "$1,118", "2015": "$1,024", "2014": "$957", "2013": "$906", "2012": "$729", "2011": "$655", "2010": "$626", "2009": "$579", "2008": "$487", "2007": "$485", "2006": "$415", "2005": "$340"}, "West Pharmaceutical Services Quarterly Share Holder Equity (Millions of US $)": {"2020-09-30": "$1,719", "2020-06-30": "$1,606", "2020-03-31": "$1,490", "2019-12-31": "$1,573", "2019-09-30": "$1,488", "2019-06-30": "$1,445", "2019-03-31": "$1,370", "2018-12-31": "$1,396", "2018-09-30": "$1,352", "2018-06-30": "$1,282", "2018-03-31": "$1,305", "2017-12-31": "$1,280", "2017-09-30": "$1,317", "2017-06-30": "$1,242", "2017-03-31": "$1,169", "2016-12-31": "$1,118", "2016-09-30": "$1,142", "2016-06-30": "$1,109", "2016-03-31": "$1,074", "2015-12-31": "$1,024", "2015-09-30": "$995", "2015-06-30": "$989", "2015-03-31": "$941", "2014-12-31": "$957", "2014-09-30": "$970", "2014-06-30": "$973", "2014-03-31": "$935", "2013-12-31": "$906", "2013-09-30": "$837", "2013-06-30": "$784", "2013-03-31": "$746", "2012-12-31": "$729", "2012-09-30": "$717", "2012-06-30": "$680", "2012-03-31": "$695", "2011-12-31": "$655", "2011-09-30": "$691", "2011-06-30": "$696", "2011-03-31": "$663", "2010-12-31": "$626", "2010-09-30": "$632", "2010-06-30": "$571", "2010-03-31": "$580", "2009-12-31": "$579", "2009-09-30": "$566", "2009-06-30": "$533", "2009-03-31": "$489", "2008-12-31": "$487", "2008-09-30": "$533", "2008-06-30": "$547", "2008-03-31": "$510", "2007-12-31": "$485", "2007-09-30": "$482", "2007-06-30": "$494", "2007-03-31": "$460", "2006-12-31": "$415", "2006-09-30": "$404", "2006-06-30": "$389", "2006-03-31": "$362", "2005-12-31": "$340", "2005-09-30": "$325", "2005-06-30": "$315", "2005-03-31": "$308"}}, "profit-margins": {"current": "15.3%"}, "gross margin": {"2020-09-30": "34.84%", "2020-06-30": "34.07%", "2020-03-31": "33.14%", "2019-12-31": "32.92%", "2019-09-30": "32.70%", "2019-06-30": "32.47%", "2019-03-31": "31.96%", "2018-12-31": "31.72%", "2018-09-30": "31.60%", "2018-06-30": "31.59%", "2018-03-31": "31.51%", "2017-12-31": "32.06%", "2017-09-30": "32.44%", "2017-06-30": "32.62%", "2017-03-31": "33.36%", "2016-12-31": "33.20%", "2016-09-30": "33.42%", "2016-06-30": "33.26%", "2016-03-31": "32.87%", "2015-12-31": "32.55%", "2015-09-30": "32.06%", "2015-06-30": "31.95%", "2015-03-31": "32.03%", "2014-12-31": "31.50%", "2014-09-30": "31.45%", "2014-06-30": "31.48%", "2014-03-31": "31.23%", "2013-12-31": "31.85%", "2013-09-30": "31.68%", "2013-06-30": "31.37%", "2013-03-31": "30.93%", "2012-12-31": "30.62%", "2012-09-30": "30.24%", "2012-06-30": "29.76%", "2012-03-31": "29.02%", "2011-12-31": "28.44%", "2011-09-30": "28.28%", "2011-06-30": "28.32%", "2011-03-31": "28.80%", "2010-12-31": "28.78%", "2010-09-30": "28.90%", "2010-06-30": "28.94%", "2010-03-31": "29.14%", "2009-12-31": "28.82%", "2009-09-30": "28.80%", "2009-06-30": "28.29%", "2009-03-31": "28.28%", "2008-12-31": "28.92%", "2008-09-30": "28.63%", "2008-06-30": "28.79%", "2008-03-31": "28.53%", "2007-12-31": "28.50%", "2007-09-30": "28.89%", "2007-06-30": "29.22%", "2007-03-31": "29.32%", "2006-12-31": "29.13%", "2006-09-30": "29.08%", "2006-06-30": "28.42%", "2006-03-31": "28.29%", "2005-12-31": "28.10%"}, "operating margin": {"2020-09-30": "18.11%", "2020-06-30": "17.32%", "2020-03-31": "16.62%", "2019-12-31": "16.13%", "2019-09-30": "15.90%", "2019-06-30": "15.78%", "2019-03-31": "14.78%", "2018-12-31": "13.97%", "2018-09-30": "13.67%", "2018-06-30": "14.06%", "2018-03-31": "13.39%", "2017-12-31": "14.13%", "2017-09-30": "13.98%", "2017-06-30": "13.40%", "2017-03-31": "14.72%", "2016-12-31": "12.92%", "2016-09-30": "12.58%", "2016-06-30": "9.07%", "2016-03-31": "7.71%", "2015-12-31": "9.14%", "2015-09-30": "9.20%", "2015-06-30": "12.55%", "2015-03-31": "13.54%", "2014-12-31": "12.80%", "2014-09-30": "12.30%", "2014-06-30": "12.13%", "2014-03-31": "11.55%", "2013-12-31": "11.91%", "2013-09-30": "11.72%", "2013-06-30": "10.99%", "2013-03-31": "10.62%", "2012-12-31": "10.73%", "2012-09-30": "10.56%", "2012-06-30": "10.65%", "2012-03-31": "10.14%", "2011-12-31": "9.23%", "2011-09-30": "7.58%", "2011-06-30": "7.65%", "2011-03-31": "8.09%", "2010-12-31": "8.24%", "2010-09-30": "9.55%", "2010-06-30": "9.74%", "2010-03-31": "9.74%", "2009-12-31": "9.29%", "2009-09-30": "10.03%", "2009-06-30": "9.26%", "2009-03-31": "10.47%", "2008-12-31": "11.80%", "2008-09-30": "10.08%", "2008-06-30": "9.72%", "2008-03-31": "9.09%", "2007-12-31": "9.40%", "2007-09-30": "10.93%", "2007-06-30": "11.93%", "2007-03-31": "11.92%", "2006-12-31": "11.06%", "2006-09-30": "11.40%", "2006-06-30": "11.06%", "2006-03-31": "10.47%", "2005-12-31": "10.41%"}, "ebitda margin": {"2020-09-30": "23.36%", "2020-06-30": "22.66%", "2020-03-31": "22.13%", "2019-12-31": "21.73%", "2019-09-30": "21.65%", "2019-06-30": "21.61%", "2019-03-31": "20.68%", "2018-12-31": "20.08%", "2018-09-30": "19.74%", "2018-06-30": "20.20%", "2018-03-31": "19.59%", "2017-12-31": "20.19%", "2017-09-30": "19.99%", "2017-06-30": "19.35%", "2017-03-31": "20.65%", "2016-12-31": "18.89%", "2016-09-30": "18.76%", "2016-06-30": "15.40%", "2016-03-31": "14.09%", "2015-12-31": "15.63%", "2015-09-30": "15.60%", "2015-06-30": "18.90%", "2015-03-31": "19.91%", "2014-12-31": "19.13%", "2014-09-30": "18.66%", "2014-06-30": "18.49%", "2014-03-31": "17.79%", "2013-12-31": "18.12%", "2013-09-30": "17.88%", "2013-06-30": "17.18%", "2013-03-31": "16.74%", "2012-12-31": "16.73%", "2012-09-30": "16.53%", "2012-06-30": "16.59%", "2012-03-31": "16.24%", "2011-12-31": "15.52%", "2011-09-30": "14.05%", "2011-06-30": "14.25%", "2011-03-31": "14.67%", "2010-12-31": "14.84%", "2010-09-30": "15.97%", "2010-06-30": "16.14%", "2010-03-31": "16.18%", "2009-12-31": "15.64%", "2009-09-30": "16.48%", "2009-06-30": "15.44%", "2009-03-31": "16.44%", "2008-12-31": "17.60%", "2008-09-30": "15.63%", "2008-06-30": "15.25%", "2008-03-31": "14.60%", "2007-12-31": "14.89%", "2007-09-30": "16.55%", "2007-06-30": "17.59%", "2007-03-31": "17.62%", "2006-12-31": "16.87%", "2006-09-30": "17.45%", "2006-06-30": "17.36%", "2006-03-31": "17.05%", "2005-12-31": "17.26%"}, "pre tax profit margin": {"2020-09-30": "17.86%", "2020-06-30": "17.01%", "2020-03-31": "16.36%", "2019-12-31": "15.86%", "2019-09-30": "15.68%", "2019-06-30": "15.67%", "2019-03-31": "14.72%", "2018-12-31": "14.03%", "2018-09-30": "13.67%", "2018-06-30": "14.06%", "2018-03-31": "13.33%", "2017-12-31": "13.94%", "2017-09-30": "13.86%", "2017-06-30": "13.14%", "2017-03-31": "14.46%", "2016-12-31": "12.59%", "2016-09-30": "12.10%", "2016-06-30": "8.52%", "2016-03-31": "7.01%", "2015-12-31": "8.28%", "2015-09-30": "8.27%", "2015-06-30": "11.63%", "2015-03-31": "12.54%", "2014-12-31": "11.88%", "2014-09-30": "11.38%", "2014-06-30": "11.13%", "2014-03-31": "10.53%", "2013-12-31": "10.81%", "2013-09-30": "10.53%", "2013-06-30": "9.77%", "2013-03-31": "8.45%", "2012-12-31": "8.52%", "2012-09-30": "8.31%", "2012-06-30": "8.37%", "2012-03-31": "8.82%", "2011-12-31": "7.80%", "2011-09-30": "6.13%", "2011-06-30": "6.17%", "2011-03-31": "6.58%", "2010-12-31": "6.79%", "2010-09-30": "8.12%", "2010-06-30": "8.30%", "2010-03-31": "8.27%", "2009-12-31": "7.87%", "2009-09-30": "8.54%", "2009-06-30": "7.77%", "2009-03-31": "9.00%", "2008-12-31": "10.37%", "2008-09-30": "8.76%", "2008-06-30": "8.58%", "2008-03-31": "8.12%", "2007-12-31": "8.42%", "2007-09-30": "10.03%", "2007-06-30": "10.91%", "2007-03-31": "10.76%", "2006-12-31": "9.20%", "2006-09-30": "9.35%", "2006-06-30": "8.92%", "2006-03-31": "8.14%", "2005-12-31": "8.84%"}, "net profit margin": {"2020-09-30": "15.26%", "2020-06-30": "14.65%", "2020-03-31": "13.76%", "2019-12-31": "13.09%", "2019-09-30": "12.78%", "2019-06-30": "12.90%", "2019-03-31": "12.49%", "2018-12-31": "12.05%", "2018-09-30": "9.05%", "2018-06-30": "9.00%", "2018-03-31": "8.23%", "2017-12-31": "9.44%", "2017-09-30": "12.13%", "2017-06-30": "11.46%", "2017-03-31": "11.92%", "2016-12-31": "9.54%", "2016-09-30": "9.28%", "2016-06-30": "7.01%", "2016-03-31": "5.96%", "2015-12-31": "6.85%", "2015-09-30": "6.76%", "2015-06-30": "8.77%", "2015-03-31": "9.43%", "2014-12-31": "8.93%", "2014-09-30": "8.48%", "2014-06-30": "8.28%", "2014-03-31": "7.84%", "2013-12-31": "8.25%", "2013-09-30": "8.16%", "2013-06-30": "7.48%", "2013-03-31": "6.51%", "2012-12-31": "6.39%", "2012-09-30": "6.37%", "2012-06-30": "6.59%", "2012-03-31": "7.01%", "2011-12-31": "6.38%", "2011-09-30": "5.37%", "2011-06-30": "5.56%", "2011-03-31": "5.87%", "2010-12-31": "5.97%", "2010-09-30": "7.14%", "2010-06-30": "7.12%", "2010-03-31": "7.08%", "2009-12-31": "6.82%", "2009-09-30": "6.95%", "2009-06-30": "6.57%", "2009-03-31": "7.34%", "2008-12-31": "8.18%", "2008-09-30": "6.97%", "2008-06-30": "6.96%", "2008-03-31": "6.77%", "2007-12-31": "6.95%", "2007-09-30": "8.02%", "2007-06-30": "8.33%", "2007-03-31": "8.02%", "2006-12-31": "7.34%", "2006-09-30": "7.41%", "2006-06-30": "7.13%", "2006-03-31": "6.72%", "2005-12-31": "6.70%"}, "pe ratio": {"current": "68.88", "2021-02-05": "70.54", "2020-09-30": "66.48", "2020-06-30": "59.83", "2020-03-31": "43.88", "2019-12-31": "46.80", "2019-09-30": "46.27", "2019-06-30": "41.05", "2019-03-31": "37.72", "2018-12-31": "35.33", "2018-09-30": "59.33", "2018-06-30": "49.07", "2018-03-31": "49.51", "2017-12-31": "48.87", "2017-09-30": "37.74", "2017-06-30": "39.70", "2017-03-31": "32.95", "2016-12-31": "43.28", "2016-09-30": "39.38", "2016-06-30": "54.08", "2016-03-31": "58.76", "2015-12-31": "45.06", "2015-09-30": "41.04", "2015-06-30": "33.30", "2015-03-31": "31.81", "2014-12-31": "29.19", "2014-09-30": "25.95", "2014-06-30": "25.31", "2014-03-31": "27.95", "2013-12-31": "29.69", "2013-09-30": "25.33", "2013-06-30": "23.96", "2013-03-31": "25.88", "2012-12-31": "22.60", "2012-09-30": "22.42", "2012-06-30": "20.70", "2012-03-31": "16.49", "2011-12-31": "16.34", "2011-09-30": "19.08", "2011-06-30": "22.17", "2011-03-31": "21.99", "2010-12-31": "20.05", "2010-09-30": "13.64", "2010-06-30": "14.51", "2010-03-31": "16.99", "2009-12-31": "16.63", "2009-09-30": "17.75", "2009-06-30": "15.94", "2009-03-31": "13.24", "2008-12-31": "13.36", "2008-09-30": "19.82", "2008-06-30": "17.84", "2008-03-31": "18.98", "2007-12-31": "17.27", "2007-09-30": "15.75", "2007-06-30": "17.55", "2007-03-31": "18.08", "2006-12-31": "22.09"}, "price sales": {"2021-02-05": "10.81", "2020-09-30": "10.18", "2020-06-30": "8.80", "2020-03-31": "6.06", "2019-12-31": "6.13", "2019-09-30": "5.93", "2019-06-30": "5.30", "2019-03-31": "4.72", "2018-12-31": "4.27", "2018-09-30": "5.39", "2018-06-30": "4.42", "2018-03-31": "4.06", "2017-12-31": "4.60", "2017-09-30": "4.56", "2017-06-30": "4.52", "2017-03-31": "3.91", "2016-12-31": "4.12", "2016-09-30": "3.65", "2016-06-30": "3.78", "2016-03-31": "3.50", "2015-12-31": "3.08", "2015-09-30": "2.77", "2015-06-30": "2.94", "2015-03-31": "3.00", "2014-12-31": "2.62", "2014-09-30": "2.20", "2014-06-30": "2.08", "2014-03-31": "2.19", "2013-12-31": "2.43", "2013-09-30": "2.07", "2013-06-30": "1.80", "2013-03-31": "1.70", "2012-12-31": "1.47", "2012-09-30": "1.46", "2012-06-30": "1.42", "2012-03-31": "1.21", "2011-12-31": "1.09", "2011-09-30": "1.08", "2011-06-30": "1.29", "2011-03-31": "1.34", "2010-12-31": "1.25", "2010-09-30": "1.02", "2010-06-30": "1.09", "2010-03-31": "1.27", "2009-12-31": "1.21", "2009-09-30": "1.31", "2009-06-30": "1.12", "2009-03-31": "1.03", "2008-12-31": "1.15", "2008-09-30": "1.47", "2008-06-30": "1.32", "2008-03-31": "1.37", "2007-12-31": "1.25", "2007-09-30": "1.29", "2007-06-30": "1.46", "2007-03-31": "1.43", "2006-12-31": "1.62"}, "price book": {"current": "12.53", "2021-02-05": "12.53", "2020-09-30": "11.80", "2020-06-30": "10.42", "2020-03-31": "7.50", "2019-12-31": "7.05", "2019-09-30": "7.02", "2019-06-30": "6.34", "2019-03-31": "5.87", "2018-12-31": "5.16", "2018-09-30": "6.70", "2018-06-30": "5.63", "2018-03-31": "4.91", "2017-12-31": "5.61", "2017-09-30": "5.34", "2017-06-30": "5.53", "2017-03-31": "5.04", "2016-12-31": "5.44", "2016-09-30": "4.67", "2016-06-30": "4.89", "2016-03-31": "4.60", "2015-12-31": "4.14", "2015-09-30": "3.81", "2015-06-30": "4.09", "2015-03-31": "4.45", "2014-12-31": "3.83", "2014-09-30": "3.16", "2014-06-30": "2.95", "2014-03-31": "3.19", "2013-12-31": "3.63", "2013-09-30": "3.27", "2013-06-30": "2.97", "2013-03-31": "2.87", "2012-12-31": "2.44", "2012-09-30": "2.39", "2012-06-30": "2.37", "2012-03-31": "1.96", "2011-12-31": "1.82", "2011-09-30": "1.70", "2011-06-30": "1.99", "2011-03-31": "2.07", "2010-12-31": "2.01", "2010-09-30": "1.70", "2010-06-30": "1.99", "2010-03-31": "2.24", "2009-12-31": "2.01", "2009-09-30": "2.21", "2009-06-30": "2.00", "2009-03-31": "2.05", "2008-12-31": "2.24", "2008-09-30": "2.77", "2008-06-30": "2.38", "2008-03-31": "2.46", "2007-12-31": "2.36", "2007-09-30": "2.44", "2007-06-30": "2.74", "2007-03-31": "2.88", "2006-12-31": "3.51", "2006-09-30": "2.73", "2006-06-30": "2.59", "2006-03-31": "2.65"}, "price fcf": {"2021-02-05": "", "2020-09-30": "$3.65", "2020-06-30": "$3.72", "2020-03-31": "$3.28", "2019-12-31": "$3.19", "2019-09-30": "$2.86", "2019-06-30": "$2.66", "2019-03-31": "$2.46", "2018-12-31": "$2.44", "2018-09-30": "$2.55", "2018-06-30": "$2.28", "2018-03-31": "$2.20", "2017-12-31": "$1.75", "2017-09-30": "$1.38", "2017-06-30": "$1.10", "2017-03-31": "$0.92", "2016-12-31": "$0.66", "2016-09-30": "$0.65", "2016-06-30": "$0.91", "2016-03-31": "$1.05", "2015-12-31": "$1.09", "2015-09-30": "$1.04", "2015-06-30": "$0.99", "2015-03-31": "$0.85", "2014-12-31": "$0.98", "2014-09-30": "$1.14", "2014-06-30": "$0.99", "2014-03-31": "$1.25", "2013-12-31": "$0.96", "2013-09-30": "$1.05", "2013-06-30": "$1.03", "2013-03-31": "$0.42", "2012-12-31": "$0.78", "2012-09-30": "$0.39", "2012-06-30": "$0.28", "2012-03-31": "$0.36", "2011-12-31": "$0.48", "2011-09-30": "$0.72", "2011-06-30": "$0.93", "2011-03-31": "$0.87", "2010-12-31": "$0.92", "2010-09-30": "$0.90", "2010-06-30": "$0.63", "2010-03-31": "$0.75", "2009-12-31": "$0.45", "2009-09-30": "$0.03", "2009-06-30": "$-0.03", "2009-03-31": "$-0.02", "2008-12-31": "$-0.05", "2008-09-30": "$0.02", "2008-06-30": "$-0.07", "2008-03-31": "$-0.16", "2007-12-31": "$-0.00", "2007-09-30": "$0.08", "2007-06-30": "$0.34", "2007-03-31": "$0.60", "2006-12-31": "$0.73"}, "net worth": {"value": "$21.54B"}, "current ratio": {"current": "2.77", "2020-09-30": "2.77", "2020-06-30": "2.96", "2020-03-31": "2.84", "2019-12-31": "3.10", "2019-09-30": "3.00", "2019-06-30": "3.02", "2019-03-31": "2.88", "2018-12-31": "3.15", "2018-09-30": "2.94", "2018-06-30": "2.67", "2018-03-31": "2.82", "2017-12-31": "2.66", "2017-09-30": "2.59", "2017-06-30": "2.48", "2017-03-31": "2.54", "2016-12-31": "2.66", "2016-09-30": "2.78", "2016-06-30": "2.75", "2016-03-31": "2.62", "2015-12-31": "2.14", "2015-09-30": "2.27", "2015-06-30": "2.17", "2015-03-31": "2.11", "2014-12-31": "2.61", "2014-09-30": "2.80", "2014-06-30": "3.10", "2014-03-31": "3.02", "2013-12-31": "2.75", "2013-09-30": "2.61", "2013-06-30": "2.80", "2013-03-31": "2.83", "2012-12-31": "2.13", "2012-09-30": "2.02", "2012-06-30": "1.62", "2012-03-31": "1.66", "2011-12-31": "1.94", "2011-09-30": "2.20", "2011-06-30": "2.65", "2011-03-31": "2.63", "2010-12-31": "2.57", "2010-09-30": "2.79", "2010-06-30": "2.55", "2010-03-31": "2.20", "2009-12-31": "2.32", "2009-09-30": "2.45", "2009-06-30": "2.45", "2009-03-31": "2.57", "2008-12-31": "2.30", "2008-09-30": "2.48", "2008-06-30": "2.48", "2008-03-31": "2.70", "2007-12-31": "2.25", "2007-09-30": "2.69", "2007-06-30": "3.03", "2007-03-31": "2.82", "2006-12-31": "1.80", "2006-09-30": "1.80", "2006-06-30": "1.93", "2006-03-31": "1.97", "2005-12-31": "1.93", "2005-09-30": "1.78", "2005-06-30": "2.26", "2005-03-31": "2.25"}, "quick ratio": {"2020-09-30": "2.11", "2020-06-30": "2.23", "2020-03-31": "2.11", "2019-12-31": "2.41", "2019-09-30": "2.31", "2019-06-30": "2.27", "2019-03-31": "2.13", "2018-12-31": "2.40", "2018-09-30": "2.23", "2018-06-30": "1.94", "2018-03-31": "2.00", "2017-12-31": "1.89", "2017-09-30": "1.87", "2017-06-30": "1.75", "2017-03-31": "1.72", "2016-12-31": "1.84", "2016-09-30": "1.93", "2016-06-30": "1.93", "2016-03-31": "1.81", "2015-12-31": "1.57", "2015-09-30": "1.65", "2015-06-30": "1.57", "2015-03-31": "1.49", "2014-12-31": "1.89", "2014-09-30": "2.04", "2014-06-30": "2.25", "2014-03-31": "2.19", "2013-12-31": "2.00", "2013-09-30": "1.89", "2013-06-30": "2.00", "2013-03-31": "2.00", "2012-12-31": "1.51", "2012-09-30": "1.42", "2012-06-30": "1.12", "2012-03-31": "1.14", "2011-12-31": "1.32", "2011-09-30": "1.52", "2011-06-30": "1.81", "2011-03-31": "1.77", "2010-12-31": "1.71", "2010-09-30": "1.85", "2010-06-30": "1.64", "2010-03-31": "1.42", "2009-12-31": "1.57", "2009-09-30": "1.62", "2009-06-30": "1.65", "2009-03-31": "1.70", "2008-12-31": "1.57", "2008-09-30": "1.73", "2008-06-30": "1.77", "2008-03-31": "1.93", "2007-12-31": "1.64", "2007-09-30": "1.95", "2007-06-30": "2.28", "2007-03-31": "2.12", "2006-12-31": "1.17", "2006-09-30": "1.21", "2006-06-30": "1.34", "2006-03-31": "1.33", "2005-12-31": "1.37", "2005-09-30": "1.25", "2005-06-30": "1.69", "2005-03-31": "1.62"}, "debt equity ratio": {"current": "0.15", "2020-09-30": "0.50", "2020-06-30": "0.49", "2020-03-31": "0.51", "2019-12-31": "0.49", "2019-09-30": "0.46", "2019-06-30": "0.47", "2019-03-31": "0.49", "2018-12-31": "0.42", "2018-09-30": "0.44", "2018-06-30": "0.46", "2018-03-31": "0.43", "2017-12-31": "0.46", "2017-09-30": "0.47", "2017-06-30": "0.48", "2017-03-31": "0.48", "2016-12-31": "0.54", "2016-09-30": "0.52", "2016-06-30": "0.54", "2016-03-31": "0.55", "2015-12-31": "0.66", "2015-09-30": "0.67", "2015-06-30": "0.68", "2015-03-31": "0.70", "2014-12-31": "0.75", "2014-09-30": "0.73", "2014-06-30": "0.75", "2014-03-31": "0.83", "2013-12-31": "0.84", "2013-09-30": "0.99", "2013-06-30": "1.06", "2013-03-31": "1.11", "2012-12-31": "1.15", "2012-09-30": "1.13", "2012-06-30": "1.15", "2012-03-31": "1.10", "2011-12-31": "1.14", "2011-09-30": "1.02", "2011-06-30": "1.03", "2011-03-31": "1.06", "2010-12-31": "1.07", "2010-09-30": "1.06", "2010-06-30": "1.14", "2010-03-31": "1.16", "2009-12-31": "1.20", "2009-09-30": "1.23", "2009-06-30": "1.28", "2009-03-31": "1.34", "2008-12-31": "1.40", "2008-09-30": "1.27", "2008-06-30": "1.29", "2008-03-31": "1.37", "2007-12-31": "1.44", "2007-09-30": "1.40", "2007-06-30": "1.31", "2007-03-31": "1.41", "2006-12-31": "1.22", "2006-09-30": "1.22", "2006-06-30": "1.27", "2006-03-31": "1.35", "2005-12-31": "1.45", "2005-09-30": "1.46", "2005-06-30": "1.53", "2005-03-31": "1.11"}, "return on equity": {"2020-09-30": "19.47%", "2020-06-30": "18.52%", "2020-03-31": "17.34%", "2019-12-31": "16.41%", "2019-09-30": "16.07%", "2019-06-30": "16.39%", "2019-03-31": "16.15%", "2018-12-31": "15.52%", "2018-09-30": "11.88%", "2018-06-30": "11.65%", "2018-03-31": "10.42%", "2017-12-31": "12.06%", "2017-09-30": "15.68%", "2017-06-30": "15.16%", "2017-03-31": "16.13%", "2016-12-31": "12.96%", "2016-09-30": "12.69%", "2016-06-30": "9.71%", "2016-03-31": "8.33%", "2015-12-31": "9.72%", "2015-09-30": "9.69%", "2015-06-30": "12.76%", "2015-03-31": "13.85%", "2014-12-31": "13.25%", "2014-09-30": "12.68%", "2014-06-30": "12.71%", "2014-03-31": "12.48%", "2013-12-31": "13.81%", "2013-09-30": "14.21%", "2013-06-30": "13.17%", "2013-03-31": "11.70%", "2012-12-31": "11.49%", "2012-09-30": "11.50%", "2012-06-30": "11.91%", "2012-03-31": "12.42%", "2011-12-31": "11.24%", "2011-09-30": "9.42%", "2011-06-30": "9.78%", "2011-03-31": "10.59%", "2010-12-31": "10.96%", "2010-09-30": "13.55%", "2010-06-30": "13.76%", "2010-03-31": "13.64%", "2009-12-31": "13.29%", "2009-09-30": "13.49%", "2009-06-30": "12.93%", "2009-03-31": "14.59%", "2008-12-31": "16.56%", "2008-09-30": "14.27%", "2008-06-30": "14.43%", "2008-03-31": "14.21%", "2007-12-31": "14.78%", "2007-09-30": "17.29%", "2007-06-30": "18.27%", "2007-03-31": "18.23%", "2006-12-31": "17.07%", "2006-09-30": "17.39%", "2006-06-30": "16.95%", "2006-03-31": "15.50%", "2005-12-31": "14.60%"}, "return on assets": {"2020-09-30": "13.01%", "2020-06-30": "12.45%", "2020-03-31": "11.71%", "2019-12-31": "11.11%", "2019-09-30": "11.02%", "2019-06-30": "11.28%", "2019-03-31": "11.13%", "2018-12-31": "10.80%", "2018-09-30": "8.21%", "2018-06-30": "8.01%", "2018-03-31": "7.14%", "2017-12-31": "8.20%", "2017-09-30": "10.52%", "2017-06-30": "10.07%", "2017-03-31": "10.62%", "2016-12-31": "8.44%", "2016-09-30": "8.11%", "2016-06-30": "6.06%", "2016-03-31": "5.08%", "2015-12-31": "5.80%", "2015-09-30": "5.70%", "2015-06-30": "7.45%", "2015-03-31": "8.01%", "2014-12-31": "7.52%", "2014-09-30": "7.10%", "2014-06-30": "6.87%", "2014-03-31": "6.49%", "2013-12-31": "6.93%", "2013-09-30": "6.85%", "2013-06-30": "6.24%", "2013-03-31": "5.48%", "2012-12-31": "5.39%", "2012-09-30": "5.41%", "2012-06-30": "5.67%", "2012-03-31": "6.00%", "2011-12-31": "5.45%", "2011-09-30": "4.60%", "2011-06-30": "4.76%", "2011-03-31": "5.09%", "2010-12-31": "5.21%", "2010-09-30": "6.34%", "2010-06-30": "6.31%", "2010-03-31": "6.15%", "2009-12-31": "5.88%", "2009-09-30": "5.84%", "2009-06-30": "5.57%", "2009-03-31": "6.28%", "2008-12-31": "7.10%", "2008-09-30": "6.09%", "2008-06-30": "6.08%", "2008-03-31": "5.96%", "2007-12-31": "6.19%", "2007-09-30": "7.40%", "2007-06-30": "7.98%", "2007-03-31": "7.99%", "2006-12-31": "7.55%", "2006-09-30": "7.50%", "2006-06-30": "7.12%", "2006-03-31": "6.33%", "2005-12-31": "6.10%"}, "return on investments": {"2020-09-30": "19.93%", "2020-06-30": "18.94%", "2020-03-31": "18.21%", "2019-12-31": "17.69%", "2019-09-30": "17.59%", "2019-06-30": "17.59%", "2019-03-31": "16.69%", "2018-12-31": "15.68%", "2018-09-30": "15.58%", "2018-06-30": "15.81%", "2018-03-31": "14.70%", "2017-12-31": "15.61%", "2017-09-30": "15.48%", "2017-06-30": "15.01%", "2017-03-31": "16.69%", "2016-12-31": "14.56%", "2016-09-30": "14.20%", "2016-06-30": "10.31%", "2016-03-31": "8.79%", "2015-12-31": "10.50%", "2015-09-30": "10.48%", "2015-06-30": "14.24%", "2015-03-31": "15.11%", "2014-12-31": "13.98%", "2014-09-30": "13.33%", "2014-06-30": "13.20%", "2014-03-31": "12.72%", "2013-12-31": "13.45%", "2013-09-30": "13.51%", "2013-06-30": "12.69%", "2013-03-31": "12.64%", "2012-12-31": "13.10%", "2012-09-30": "13.10%", "2012-06-30": "13.32%", "2012-03-31": "12.23%", "2011-12-31": "10.84%", "2011-09-30": "8.70%", "2011-06-30": "8.64%", "2011-03-31": "9.24%", "2010-12-31": "9.48%", "2010-09-30": "11.22%", "2010-06-30": "11.45%", "2010-03-31": "11.26%", "2009-12-31": "10.57%", "2009-09-30": "11.16%", "2009-06-30": "10.40%", "2009-03-31": "11.89%", "2008-12-31": "13.57%", "2008-09-30": "11.67%", "2008-06-30": "11.25%", "2008-03-31": "10.56%", "2007-12-31": "11.07%", "2007-09-30": "13.46%", "2007-06-30": "15.43%", "2007-03-31": "16.27%", "2006-12-31": "15.70%", "2006-09-30": "15.72%", "2006-06-30": "14.96%", "2006-03-31": "13.32%", "2005-12-31": "12.92%"}, "return on tangible equity": {"2020-09-30": "21.31%", "2020-06-30": "20.32%", "2020-03-31": "19.08%", "2019-12-31": "18.05%", "2019-09-30": "17.70%", "2019-06-30": "18.07%", "2019-03-31": "17.82%", "2018-12-31": "17.17%", "2018-09-30": "13.18%", "2018-06-30": "12.94%", "2018-03-31": "11.59%", "2017-12-31": "13.44%", "2017-09-30": "17.54%", "2017-06-30": "17.02%", "2017-03-31": "18.18%", "2016-12-31": "14.67%", "2016-09-30": "14.46%", "2016-06-30": "11.16%", "2016-03-31": "9.66%", "2015-12-31": "11.38%", "2015-09-30": "11.40%", "2015-06-30": "15.07%", "2015-03-31": "16.46%", "2014-12-31": "15.84%", "2014-09-30": "15.26%", "2014-06-30": "15.44%", "2014-03-31": "15.35%", "2013-12-31": "17.21%", "2013-09-30": "17.97%", "2013-06-30": "16.83%", "2013-03-31": "15.09%", "2012-12-31": "14.92%", "2012-09-30": "15.07%", "2012-06-30": "15.67%", "2012-03-31": "16.40%", "2011-12-31": "14.94%", "2011-09-30": "12.59%", "2011-06-30": "13.20%", "2011-03-31": "14.47%", "2010-12-31": "15.14%", "2010-09-30": "18.88%", "2010-06-30": "19.42%", "2010-03-31": "19.31%", "2009-12-31": "18.96%", "2009-09-30": "19.42%", "2009-06-30": "18.51%", "2009-03-31": "20.92%", "2008-12-31": "23.77%", "2008-09-30": "20.61%", "2008-06-30": "21.39%", "2008-03-31": "21.54%", "2007-12-31": "22.96%", "2007-09-30": "27.56%", "2007-06-30": "29.75%", "2007-03-31": "30.55%", "2006-12-31": "29.42%", "2006-09-30": "30.70%", "2006-06-30": "30.97%", "2006-03-31": "27.55%", "2005-12-31": "23.10%"}, "dividend yield history": {"last payout": "$0.68", "last yield": "0.23%"}}