{"ticker": "WLK", "price": {"title": "Westlake Chemical Historical Annual Stock Price Data", "value": 84.25, "historical": {"2020": {"Average Stock Price": "59.0777", "Year Open": "69.0700", "Year High": "84.0800", "Year Low": "29.8700", "Year Close": "81.6000", "Annual % Change": "16.32%"}, "2019": {"Average Stock Price": "67.5821", "Year Open": "67.4600", "Year High": "80.8800", "Year Low": "56.1000", "Year Close": "70.1500", "Annual % Change": "6.01%"}, "2018": {"Average Stock Price": "98.3068", "Year Open": "109.0900", "Year High": "123.6700", "Year Low": "60.8200", "Year Close": "66.1700", "Annual % Change": "-37.89%"}, "2017": {"Average Stock Price": "73.2579", "Year Open": "57.2900", "Year High": "106.5300", "Year Low": "57.2900", "Year Close": "106.5300", "Annual % Change": "90.27%"}, "2016": {"Average Stock Price": "48.4901", "Year Open": "53.6000", "Year High": "59.1700", "Year Low": "39.8800", "Year Close": "55.9900", "Annual % Change": "3.07%"}, "2015": {"Average Stock Price": "63.2427", "Year Open": "61.6900", "Year High": "78.5900", "Year Low": "49.8200", "Year Close": "54.3200", "Annual % Change": "-11.08%"}, "2014": {"Average Stock Price": "74.3713", "Year Open": "60.1300", "Year High": "97.9600", "Year Low": "53.6700", "Year Close": "61.0900", "Annual % Change": "0.09%"}, "2013": {"Average Stock Price": "49.3045", "Year Open": "41.6000", "Year High": "61.0350", "Year Low": "39.3100", "Year Close": "61.0350", "Annual % Change": "53.93%"}, "2012": {"Average Stock Price": "31.9308", "Year Open": "20.4300", "Year High": "40.0450", "Year Low": "20.4300", "Year Close": "39.6500", "Annual % Change": "97.07%"}, "2011": {"Average Stock Price": "23.3255", "Year Open": "21.9150", "Year High": "33.0900", "Year Low": "16.1550", "Year Close": "20.1200", "Annual % Change": "-7.43%"}, "2010": {"Average Stock Price": "13.6095", "Year Open": "12.7250", "Year High": "21.7950", "Year Low": "8.7800", "Year Close": "21.7350", "Annual % Change": "74.37%"}, "2009": {"Average Stock Price": "10.4738", "Year Open": "8.3400", "Year High": "14.0900", "Year Low": "5.2000", "Year Close": "12.4650", "Annual % Change": "53.04%"}, "2008": {"Average Stock Price": "8.4553", "Year Open": "9.5000", "Year High": "10.9700", "Year Low": "6.2250", "Year Close": "8.1450", "Annual % Change": "-14.22%"}, "2007": {"Average Stock Price": "13.4616", "Year Open": "16.0350", "Year High": "18.5550", "Year Low": "9.2500", "Year Close": "9.4950", "Annual % Change": "-39.48%"}, "2006": {"Average Stock Price": "15.7589", "Year Open": "14.5150", "Year High": "18.3750", "Year Low": "13.1900", "Year Close": "15.6900", "Annual % Change": "8.92%"}, "2005": {"Average Stock Price": "14.7271", "Year Open": "16.6750", "Year High": "18.5150", "Year Low": "11.1450", "Year Close": "14.4050", "Annual % Change": "-13.74%"}, "2004": {"Average Stock Price": "11.9659", "Year Open": "7.4050", "Year High": "17.0100", "Year Low": "7.4050", "Year Close": "16.7000", "Annual % Change": "0.00%"}}}, "market cap": {"value": "$10.76B"}, "income statement": {"Revenue": {"2019-12-31": "8118.00000", "2018-12-31": "8635.00000", "2017-12-31": "8041.00000", "2016-12-31": "5076.00000", "2015-12-31": "4463.00000", "2014-12-31": "4415.35000", "2013-12-31": "3759.48400", "2012-12-31": "3571.04100", "2011-12-31": "3619.84800", "2010-12-31": "3171.78700", "2009-12-31": "2325.72300", "2008-12-31": "3692.35300", "2007-12-31": "3192.17800", "2006-12-31": "2484.36600", "2005-12-31": "2441.10500"}, "Cost Of Goods Sold": {"2019-12-31": "6858.00000", "2018-12-31": "6648.00000", "2017-12-31": "6280.00000", "2016-12-31": "4093.00000", "2015-12-31": "3278.00000", "2014-12-31": "3098.00000", "2013-12-31": "2658.04600", "2012-12-31": "2834.08100", "2011-12-31": "3060.84200", "2010-12-31": "2689.10400", "2009-12-31": "2130.59500", "2008-12-31": "3622.98500", "2007-12-31": "2920.77800", "2006-12-31": "2087.88300", "2005-12-31": "1997.47400"}, "Gross Profit": {"2019-12-31": "1260.00000", "2018-12-31": "1987.00000", "2017-12-31": "1761.00000", "2016-12-31": "983.00000", "2015-12-31": "1185.00000", "2014-12-31": "1317.35000", "2013-12-31": "1101.43800", "2012-12-31": "736.96000", "2011-12-31": "559.00590", "2010-12-31": "482.68310", "2009-12-31": "195.12790", "2008-12-31": "69.36790", "2007-12-31": "271.39990", "2006-12-31": "396.48290", "2005-12-31": "443.63100"}, "Research And Development Expenses": {"2019-12-31": "", "2018-12-31": "", "2017-12-31": "", "2016-12-31": "", "2015-12-31": "", "2014-12-31": "", "2013-12-31": "", "2012-12-31": "", "2011-12-31": "", "2010-12-31": "", "2009-12-31": "", "2008-12-31": "", "2007-12-31": "", "2006-12-31": "", "2005-12-31": ""}, "SG&A Expenses": {"2019-12-31": "458.00000", "2018-12-31": "445.00000", "2017-12-31": "399.00000", "2016-12-31": "258.00000", "2015-12-31": "218.00000", "2014-12-31": "183.74500", "2013-12-31": "147.97400", "2012-12-31": "121.60900", "2011-12-31": "112.21000", "2010-12-31": "104.31900", "2009-12-31": "87.87100", "2008-12-31": "98.90800", "2007-12-31": "96.67900", "2006-12-31": "83.23200", "2005-12-31": "76.59800"}, "Other Operating Income Or Expenses": {"2019-12-31": "", "2018-12-31": "", "2017-12-31": "", "2016-12-31": "", "2015-12-31": "", "2014-12-31": "", "2013-12-31": "", "2012-12-31": "", "2011-12-31": "", "2010-12-31": "", "2009-12-31": "", "2008-12-31": "", "2007-12-31": "", "2006-12-31": "", "2005-12-31": ""}, "Operating Expenses": {"2019-12-31": "7462.00000", "2018-12-31": "7227.00000", "2017-12-31": "6816.00000", "2016-12-31": "4493.00000", "2015-12-31": "3503.00000", "2014-12-31": "3291.35900", "2013-12-31": "2806.02000", "2012-12-31": "2955.69000", "2011-12-31": "3173.05200", "2010-12-31": "2793.42300", "2009-12-31": "2218.46600", "2008-12-31": "3721.89300", "2007-12-31": "3017.45700", "2006-12-31": "2171.11500", "2005-12-31": "2074.07200"}, "Operating Income": {"2019-12-31": "656.00000", "2018-12-31": "1408.00000", "2017-12-31": "1225.00000", "2016-12-31": "583.00000", "2015-12-31": "960.00000", "2014-12-31": "1123.99100", "2013-12-31": "953.46390", "2012-12-31": "615.35110", "2011-12-31": "446.79590", "2010-12-31": "378.36400", "2009-12-31": "107.25680", "2008-12-31": "-29.54000", "2007-12-31": "174.72090", "2006-12-31": "313.25100", "2005-12-31": "367.03300"}, "Total Non-Operating Income/Expense": {"2019-12-31": "-86.00000", "2018-12-31": "-74.00000", "2017-12-31": "-144.00000", "2016-12-31": "-25.00000", "2015-12-31": "3.00000", "2014-12-31": "-40.07300", "2013-12-31": "-11.29200", "2012-12-31": "-30.18200", "2011-12-31": "-45.36400", "2010-12-31": "-35.40400", "2009-12-31": "-28.50400", "2008-12-31": "-28.48200", "2007-12-31": "-15.76400", "2006-12-31": "-30.70200", "2005-12-31": "-21.70500"}, "Pre-Tax Income": {"2019-12-31": "570.00000", "2018-12-31": "1334.00000", "2017-12-31": "1081.00000", "2016-12-31": "558.00000", "2015-12-31": "963.00000", "2014-12-31": "1083.91800", "2013-12-31": "942.17200", "2012-12-31": "585.16900", "2011-12-31": "401.43200", "2010-12-31": "342.96000", "2009-12-31": "78.75300", "2008-12-31": "-58.02200", "2007-12-31": "158.95700", "2006-12-31": "282.54900", "2005-12-31": "345.32800"}, "Income Taxes": {"2019-12-31": "108.00000", "2018-12-31": "300.00000", "2017-12-31": "-258.00000", "2016-12-31": "138.00000", "2015-12-31": "298.00000", "2014-12-31": "398.90200", "2013-12-31": "331.74700", "2012-12-31": "199.61400", "2011-12-31": "142.46600", "2010-12-31": "121.56700", "2009-12-31": "25.75800", "2008-12-31": "-28.47900", "2007-12-31": "44.22800", "2006-12-31": "87.99000", "2005-12-31": "118.51100"}, "Income After Taxes": {"2019-12-31": "462.00000", "2018-12-31": "1034.00000", "2017-12-31": "1339.00000", "2016-12-31": "420.00000", "2015-12-31": "665.00000", "2014-12-31": "685.01600", "2013-12-31": "610.42500", "2012-12-31": "385.55500", "2011-12-31": "258.96600", "2010-12-31": "221.39300", "2009-12-31": "52.99500", "2008-12-31": "-29.54300", "2007-12-31": "114.72900", "2006-12-31": "194.55900", "2005-12-31": "226.81700"}, "Other Income": {"2019-12-31": "", "2018-12-31": "", "2017-12-31": "", "2016-12-31": "", "2015-12-31": "", "2014-12-31": "", "2013-12-31": "", "2012-12-31": "", "2011-12-31": "", "2010-12-31": "", "2009-12-31": "", "2008-12-31": "", "2007-12-31": "", "2006-12-31": "", "2005-12-31": ""}, "Income From Continuous Operations": {"2019-12-31": "462.00000", "2018-12-31": "1034.00000", "2017-12-31": "1339.00000", "2016-12-31": "420.00000", "2015-12-31": "665.00000", "2014-12-31": "685.01600", "2013-12-31": "610.42500", "2012-12-31": "385.55500", "2011-12-31": "258.96600", "2010-12-31": "221.39300", "2009-12-31": "52.99500", "2008-12-31": "-29.54300", "2007-12-31": "114.72900", "2006-12-31": "194.55900", "2005-12-31": "226.81700"}, "Income From Discontinued Operations": {"2019-12-31": "", "2018-12-31": "", "2017-12-31": "", "2016-12-31": "", "2015-12-31": "", "2014-12-31": "", "2013-12-31": "", "2012-12-31": "", "2011-12-31": "", "2010-12-31": "", "2009-12-31": "", "2008-12-31": "", "2007-12-31": "", "2006-12-31": "", "2005-12-31": ""}, "Net Income": {"2019-12-31": "419.00000", "2018-12-31": "991.00000", "2017-12-31": "1297.00000", "2016-12-31": "397.00000", "2015-12-31": "643.00000", "2014-12-31": "677.02100", "2013-12-31": "607.86300", "2012-12-31": "385.55500", "2011-12-31": "256.65600", "2010-12-31": "219.16300", "2009-12-31": "52.99500", "2008-12-31": "-29.54300", "2007-12-31": "114.72900", "2006-12-31": "194.55900", "2005-12-31": "226.81700"}, "EBITDA": {"2019-12-31": "1369.00000", "2018-12-31": "2049.00000", "2017-12-31": "1826.00000", "2016-12-31": "961.00000", "2015-12-31": "1206.00000", "2014-12-31": "1334.15000", "2013-12-31": "1112.73100", "2012-12-31": "761.40610", "2011-12-31": "579.87590", "2010-12-31": "509.25000", "2009-12-31": "231.91680", "2008-12-31": "83.34000", "2007-12-31": "278.99490", "2006-12-31": "400.36300", "2005-12-31": "449.72990"}, "EBIT": {"2019-12-31": "656.00000", "2018-12-31": "1408.00000", "2017-12-31": "1225.00000", "2016-12-31": "583.00000", "2015-12-31": "960.00000", "2014-12-31": "1123.99100", "2013-12-31": "953.46390", "2012-12-31": "615.35110", "2011-12-31": "446.79590", "2010-12-31": "378.36400", "2009-12-31": "107.25680", "2008-12-31": "-29.54000", "2007-12-31": "174.72090", "2006-12-31": "313.25100", "2005-12-31": "367.03300"}, "Basic Shares Outstanding": {"2019-12-31": "128.39520", "2018-12-31": "129.40180", "2017-12-31": "129.08700", "2016-12-31": "129.36800", "2015-12-31": "131.82400", "2014-12-31": "133.11100", "2013-12-31": "133.22400", "2012-12-31": "132.57900", "2011-12-31": "131.85400", "2010-12-31": "130.94600", "2009-12-31": "130.64600", "2008-12-31": "131.24800", "2007-12-31": "130.89200", "2006-12-31": "130.26800", "2005-12-31": "130.01600"}, "Shares Outstanding": {"2019-12-31": "128.75730", "2018-12-31": "129.98570", "2017-12-31": "129.54000", "2016-12-31": "129.97500", "2015-12-31": "132.30200", "2014-12-31": "133.64300", "2013-12-31": "133.77900", "2012-12-31": "133.28300", "2011-12-31": "132.60000", "2010-12-31": "131.35400", "2009-12-31": "130.84200", "2008-12-31": "131.24800", "2007-12-31": "131.05000", "2006-12-31": "130.51000", "2005-12-31": "130.50200"}, "Basic EPS": {"2019-12-31": "3.26000", "2018-12-31": "7.66000", "2017-12-31": "10.05000", "2016-12-31": "3.07000", "2015-12-31": "4.88000", "2014-12-31": "5.09000", "2013-12-31": "4.57000", "2012-12-31": "2.89000", "2011-12-31": "1.94500", "2010-12-31": "1.67500", "2009-12-31": "0.40000", "2008-12-31": "-0.22500", "2007-12-31": "0.87500", "2006-12-31": "1.49500", "2005-12-31": "1.74500"}, "EPS - Earnings Per Share": {"2019-12-31": "3.25000", "2018-12-31": "7.62000", "2017-12-31": "10.00000", "2016-12-31": "3.06000", "2015-12-31": "4.86000", "2014-12-31": "5.07000", "2013-12-31": "4.55000", "2012-12-31": "2.88000", "2011-12-31": "1.93500", "2010-12-31": "1.67000", "2009-12-31": "0.40000", "2008-12-31": "-0.22500", "2007-12-31": "0.87500", "2006-12-31": "1.49000", "2005-12-31": "1.74000"}}, "income statement, quarterly": {"Revenue": {"2020-09-30": "1898.00000", "2020-06-30": "1709.00000", "2020-03-31": "1932.00000", "2019-12-31": "1883.00000", "2019-09-30": "2066.00000", "2019-06-30": "2144.00000", "2019-03-31": "2025.00000", "2018-12-31": "1995.00000", "2018-09-30": "2255.00000", "2018-06-30": "2235.00000", "2018-03-31": "2150.00000", "2017-12-31": "2010.00000", "2017-09-30": "2109.00000", "2017-06-30": "1979.00000", "2017-03-31": "1943.00000", "2016-12-31": "1735.72400", "2016-09-30": "1279.02800", "2016-06-30": "1086.06100", "2016-03-31": "975.18700", "2015-12-31": "986.42990", "2015-09-30": "1188.03700", "2015-06-30": "1185.00200", "2015-03-31": "1103.53100", "2014-12-31": "1135.87100", "2014-09-30": "1253.22700", "2014-06-30": "998.57600", "2014-03-31": "1027.67600", "2013-12-31": "951.62490", "2013-09-30": "1004.16500", "2013-06-30": "939.04700", "2013-03-31": "864.64700", "2012-12-31": "801.04100", "2012-09-30": "821.17500", "2012-06-30": "913.95800", "2012-03-31": "1034.86700", "2011-12-31": "859.17470", "2011-09-30": "968.37200", "2011-06-30": "925.04900", "2011-03-31": "867.25200", "2010-12-31": "795.38720", "2010-09-30": "779.67700", "2010-06-30": "818.38900", "2010-03-31": "778.33400", "2009-12-31": "630.03590", "2009-09-30": "632.57100", "2009-06-30": "574.86500", "2009-03-31": "488.25100", "2008-12-31": "597.10820", "2008-09-30": "1073.73500", "2008-06-30": "1106.44900", "2008-03-31": "915.06100", "2007-12-31": "850.55200", "2007-09-30": "840.16000", "2007-06-30": "782.66400", "2007-03-31": "718.80200", "2006-12-31": "523.90290", "2006-09-30": "672.41700", "2006-06-30": "669.26700", "2006-03-31": "618.77900", "2005-12-31": "636.43890", "2005-09-30": "605.39100", "2005-06-30": "580.65900", "2005-03-31": "618.61600"}, "Cost Of Goods Sold": {"2020-09-30": "1650.00000", "2020-06-30": "1540.00000", "2020-03-31": "1649.00000", "2019-12-31": "1633.00000", "2019-09-30": "1695.00000", "2019-06-30": "1804.00000", "2019-03-31": "1726.00000", "2018-12-31": "1641.00000", "2018-09-30": "1716.00000", "2018-06-30": "1683.00000", "2018-03-31": "1608.00000", "2017-12-31": "1514.00000", "2017-09-30": "1613.00000", "2017-06-30": "1576.00000", "2017-03-31": "1577.00000", "2016-12-31": "1451.80800", "2016-09-30": "1076.89500", "2016-06-30": "844.69500", "2016-03-31": "719.60200", "2015-12-31": "750.43300", "2015-09-30": "876.76100", "2015-06-30": "831.82100", "2015-03-31": "818.98500", "2014-12-31": "773.02200", "2014-09-30": "891.70700", "2014-06-30": "692.60500", "2014-03-31": "740.66600", "2013-12-31": "655.95400", "2013-09-30": "699.69400", "2013-06-30": "665.56000", "2013-03-31": "636.83800", "2012-12-31": "610.79300", "2012-09-30": "648.99600", "2012-06-30": "712.06200", "2012-03-31": "862.23000", "2011-12-31": "781.91510", "2011-09-30": "821.30500", "2011-06-30": "757.95400", "2011-03-31": "699.66800", "2010-12-31": "631.26300", "2010-09-30": "644.82200", "2010-06-30": "692.36500", "2010-03-31": "720.65400", "2009-12-31": "583.17200", "2009-09-30": "560.03300", "2009-06-30": "519.20300", "2009-03-31": "468.18700", "2008-12-31": "732.69110", "2008-09-30": "1001.94800", "2008-06-30": "1009.98900", "2008-03-31": "878.35700", "2007-12-31": "807.53230", "2007-09-30": "754.10000", "2007-06-30": "698.23300", "2007-03-31": "660.91300", "2006-12-31": "492.86610", "2006-09-30": "563.24100", "2006-06-30": "544.05500", "2006-03-31": "487.72100", "2005-12-31": "501.33500", "2005-09-30": "516.12700", "2005-06-30": "481.17900", "2005-03-31": "498.83300"}, "Gross Profit": {"2020-09-30": "248.00000", "2020-06-30": "169.00000", "2020-03-31": "283.00000", "2019-12-31": "250.00000", "2019-09-30": "371.00000", "2019-06-30": "340.00000", "2019-03-31": "299.00000", "2018-12-31": "354.00000", "2018-09-30": "539.00000", "2018-06-30": "552.00000", "2018-03-31": "542.00000", "2017-12-31": "496.00000", "2017-09-30": "496.00000", "2017-06-30": "403.00000", "2017-03-31": "366.00000", "2016-12-31": "283.91630", "2016-09-30": "202.13290", "2016-06-30": "241.36600", "2016-03-31": "255.58500", "2015-12-31": "235.99690", "2015-09-30": "311.27600", "2015-06-30": "353.18100", "2015-03-31": "284.54600", "2014-12-31": "362.84910", "2014-09-30": "361.52010", "2014-06-30": "305.97100", "2014-03-31": "287.01000", "2013-12-31": "295.67090", "2013-09-30": "304.47100", "2013-06-30": "273.48700", "2013-03-31": "227.80900", "2012-12-31": "190.24800", "2012-09-30": "172.17900", "2012-06-30": "201.89600", "2012-03-31": "172.63700", "2011-12-31": "77.25960", "2011-09-30": "147.06700", "2011-06-30": "167.09500", "2011-03-31": "167.58400", "2010-12-31": "164.12420", "2010-09-30": "134.85500", "2010-06-30": "126.02400", "2010-03-31": "57.68000", "2009-12-31": "46.86390", "2009-09-30": "72.53800", "2009-06-30": "55.66200", "2009-03-31": "20.06400", "2008-12-31": "-135.58290", "2008-09-30": "71.78700", "2008-06-30": "96.46000", "2008-03-31": "36.70400", "2007-12-31": "43.01970", "2007-09-30": "86.06000", "2007-06-30": "84.43100", "2007-03-31": "57.88900", "2006-12-31": "31.03680", "2006-09-30": "109.17600", "2006-06-30": "125.21200", "2006-03-31": "131.05800", "2005-12-31": "135.10390", "2005-09-30": "89.26400", "2005-06-30": "99.48000", "2005-03-31": "119.78300"}, "Research And Development Expenses": {"2020-09-30": "", "2020-06-30": "", "2020-03-31": "", "2019-12-31": "", "2019-09-30": "", "2019-06-30": "", "2019-03-31": "", "2018-12-31": "", "2018-09-30": "", "2018-06-30": "", "2018-03-31": "", "2017-12-31": "", "2017-09-30": "", "2017-06-30": "", "2017-03-31": "", "2016-12-31": "", "2016-09-30": "", "2016-06-30": "", "2016-03-31": "", "2015-12-31": "", "2015-09-30": "", "2015-06-30": "", "2015-03-31": "", "2014-12-31": "", "2014-09-30": "", "2014-06-30": "", "2014-03-31": "", "2013-12-31": "", "2013-09-30": "", "2013-06-30": "", "2013-03-31": "", "2012-12-31": "", "2012-09-30": "", "2012-06-30": "", "2012-03-31": "", "2011-12-31": "", "2011-09-30": "", "2011-06-30": "", "2011-03-31": "", "2010-12-31": "", "2010-09-30": "", "2010-06-30": "", "2010-03-31": "", "2009-12-31": "", "2009-09-30": "", "2009-06-30": "", "2009-03-31": "", "2008-12-31": "", "2008-09-30": "", "2008-06-30": "", "2008-03-31": "", "2007-12-31": "", "2007-09-30": "", "2007-06-30": "", "2007-03-31": "", "2006-12-31": "", "2006-09-30": "", "2006-06-30": "", "2006-03-31": "", "2005-12-31": "", "2005-09-30": "", "2005-06-30": "", "2005-03-31": ""}, "SG&A Expenses": {"2020-09-30": "108.00000", "2020-06-30": "104.00000", "2020-03-31": "120.00000", "2019-12-31": "115.00000", "2019-09-30": "110.00000", "2019-06-30": "117.00000", "2019-03-31": "116.00000", "2018-12-31": "108.00000", "2018-09-30": "114.00000", "2018-06-30": "115.00000", "2018-03-31": "108.00000", "2017-12-31": "101.00000", "2017-09-30": "98.00000", "2017-06-30": "101.00000", "2017-03-31": "99.00000", "2016-12-31": "78.24300", "2016-09-30": "72.72900", "2016-06-30": "53.71900", "2016-03-31": "53.30900", "2015-12-31": "47.67900", "2015-09-30": "57.24800", "2015-06-30": "57.80700", "2015-03-31": "55.26600", "2014-12-31": "50.84800", "2014-09-30": "54.75900", "2014-06-30": "39.18300", "2014-03-31": "38.95500", "2013-12-31": "38.09100", "2013-09-30": "37.86900", "2013-06-30": "38.26000", "2013-03-31": "33.75400", "2012-12-31": "34.01700", "2012-09-30": "29.66200", "2012-06-30": "30.91800", "2012-03-31": "27.01200", "2011-12-31": "26.80100", "2011-09-30": "29.73600", "2011-06-30": "28.72600", "2011-03-31": "26.94700", "2010-12-31": "27.07200", "2010-09-30": "27.50900", "2010-06-30": "26.48700", "2010-03-31": "23.25100", "2009-12-31": "23.90200", "2009-09-30": "23.51500", "2009-06-30": "19.48700", "2009-03-31": "20.96700", "2008-12-31": "30.18000", "2008-09-30": "22.99900", "2008-06-30": "22.88400", "2008-03-31": "22.84500", "2007-12-31": "22.99900", "2007-09-30": "26.30500", "2007-06-30": "22.15200", "2007-03-31": "25.22300", "2006-12-31": "22.52900", "2006-09-30": "22.16500", "2006-06-30": "18.35900", "2006-03-31": "20.17900", "2005-12-31": "22.60400", "2005-09-30": "19.20200", "2005-06-30": "16.71700", "2005-03-31": "18.07500"}, "Other Operating Income Or Expenses": {"2020-09-30": "", "2020-06-30": "", "2020-03-31": "", "2019-12-31": "", "2019-09-30": "", "2019-06-30": "", "2019-03-31": "", "2018-12-31": "", "2018-09-30": "", "2018-06-30": "", "2018-03-31": "", "2017-12-31": "", "2017-09-30": "", "2017-06-30": "", "2017-03-31": "", "2016-12-31": "", "2016-09-30": "", "2016-06-30": "", "2016-03-31": "", "2015-12-31": "", "2015-09-30": "", "2015-06-30": "", "2015-03-31": "", "2014-12-31": "", "2014-09-30": "", "2014-06-30": "", "2014-03-31": "", "2013-12-31": "", "2013-09-30": "", "2013-06-30": "", "2013-03-31": "", "2012-12-31": "", "2012-09-30": "", "2012-06-30": "", "2012-03-31": "", "2011-12-31": "", "2011-09-30": "", "2011-06-30": "", "2011-03-31": "", "2010-12-31": "", "2010-09-30": "", "2010-06-30": "", "2010-03-31": "", "2009-12-31": "", "2009-09-30": "", "2009-06-30": "", "2009-03-31": "", "2008-12-31": "", "2008-09-30": "", "2008-06-30": "", "2008-03-31": "", "2007-12-31": "", "2007-09-30": "", "2007-06-30": "", "2007-03-31": "", "2006-12-31": "", "2006-09-30": "", "2006-06-30": "", "2006-03-31": "", "2005-12-31": "", "2005-09-30": "", "2005-06-30": "", "2005-03-31": ""}, "Operating Expenses": {"2020-09-30": "1819.00000", "2020-06-30": "1673.00000", "2020-03-31": "1796.00000", "2019-12-31": "1781.00000", "2019-09-30": "1840.00000", "2019-06-30": "1950.00000", "2019-03-31": "1891.00000", "2018-12-31": "1788.00000", "2018-09-30": "1859.00000", "2018-06-30": "1831.00000", "2018-03-31": "1749.00000", "2017-12-31": "1647.00000", "2017-09-30": "1745.00000", "2017-06-30": "1715.00000", "2017-03-31": "1709.00000", "2016-12-31": "1581.50100", "2016-09-30": "1232.46500", "2016-06-30": "906.12300", "2016-03-31": "772.91100", "2015-12-31": "805.11210", "2015-09-30": "934.00900", "2015-06-30": "889.62800", "2015-03-31": "874.25100", "2014-12-31": "833.48410", "2014-09-30": "946.46590", "2014-06-30": "731.78800", "2014-03-31": "779.62100", "2013-12-31": "694.04490", "2013-09-30": "737.56300", "2013-06-30": "703.82000", "2013-03-31": "670.59200", "2012-12-31": "644.81000", "2012-09-30": "678.65800", "2012-06-30": "742.98000", "2012-03-31": "889.24200", "2011-12-31": "808.71600", "2011-09-30": "851.04100", "2011-06-30": "786.68000", "2011-03-31": "726.61510", "2010-12-31": "658.33500", "2010-09-30": "672.33100", "2010-06-30": "718.85200", "2010-03-31": "743.90500", "2009-12-31": "607.07400", "2009-09-30": "583.54800", "2009-06-30": "538.69000", "2009-03-31": "489.15400", "2008-12-31": "762.87100", "2008-09-30": "1024.94700", "2008-06-30": "1032.87300", "2008-03-31": "901.20200", "2007-12-31": "830.53090", "2007-09-30": "780.40500", "2007-06-30": "720.38490", "2007-03-31": "686.13600", "2006-12-31": "515.39500", "2006-09-30": "585.40600", "2006-06-30": "562.41400", "2006-03-31": "507.90000", "2005-12-31": "523.93890", "2005-09-30": "535.32900", "2005-06-30": "497.89600", "2005-03-31": "516.90800"}, "Operating Income": {"2020-09-30": "79.00000", "2020-06-30": "36.00000", "2020-03-31": "136.00000", "2019-12-31": "102.00000", "2019-09-30": "226.00000", "2019-06-30": "194.00000", "2019-03-31": "134.00000", "2018-12-31": "207.00000", "2018-09-30": "396.00000", "2018-06-30": "404.00000", "2018-03-31": "401.00000", "2017-12-31": "363.00000", "2017-09-30": "364.00000", "2017-06-30": "264.00000", "2017-03-31": "234.00000", "2016-12-31": "154.22330", "2016-09-30": "46.56290", "2016-06-30": "179.93800", "2016-03-31": "202.27600", "2015-12-31": "181.31790", "2015-09-30": "254.02800", "2015-06-30": "295.37400", "2015-03-31": "229.28000", "2014-12-31": "302.38700", "2014-09-30": "306.76110", "2014-06-30": "266.78800", "2014-03-31": "248.05500", "2013-12-31": "257.58000", "2013-09-30": "266.60200", "2013-06-30": "235.22700", "2013-03-31": "194.05490", "2012-12-31": "156.23100", "2012-09-30": "142.51700", "2012-06-30": "170.97800", "2012-03-31": "145.62490", "2011-12-31": "50.45870", "2011-09-30": "117.33100", "2011-06-30": "138.36900", "2011-03-31": "140.63700", "2010-12-31": "137.05220", "2010-09-30": "107.34600", "2010-06-30": "99.53700", "2010-03-31": "34.42900", "2009-12-31": "22.96190", "2009-09-30": "49.02300", "2009-06-30": "36.17500", "2009-03-31": "-0.90300", "2008-12-31": "-165.76280", "2008-09-30": "48.78800", "2008-06-30": "73.57590", "2008-03-31": "13.85900", "2007-12-31": "20.02110", "2007-09-30": "59.75500", "2007-06-30": "62.27910", "2007-03-31": "32.66600", "2006-12-31": "8.50790", "2006-09-30": "87.01100", "2006-06-30": "106.85300", "2006-03-31": "110.87900", "2005-12-31": "112.50000", "2005-09-30": "70.06200", "2005-06-30": "82.76300", "2005-03-31": "101.70800"}, "Total Non-Operating Income/Expense": {"2020-09-30": "-25.00000", "2020-06-30": "-31.00000", "2020-03-31": "-20.00000", "2019-12-31": "-29.00000", "2019-09-30": "-10.00000", "2019-06-30": "-26.00000", "2019-03-31": "-21.00000", "2018-12-31": "-31.00000", "2018-09-30": "-5.00000", "2018-06-30": "-23.00000", "2018-03-31": "-15.00000", "2017-12-31": "-38.00000", "2017-09-30": "-36.00000", "2017-06-30": "-37.00000", "2017-03-31": "-33.00000", "2016-12-31": "-40.12500", "2016-09-30": "16.89900", "2016-06-30": "2.26600", "2016-03-31": "-4.04000", "2015-12-31": "-4.03000", "2015-09-30": "-5.57500", "2015-06-30": "13.10000", "2015-03-31": "-0.49500", "2014-12-31": "-16.33100", "2014-09-30": "-12.15600", "2014-06-30": "-4.93800", "2014-03-31": "-6.64800", "2013-12-31": "0.49200", "2013-09-30": "-3.58400", "2013-06-30": "-5.43800", "2013-03-31": "-2.76200", "2012-12-31": "-7.52300", "2012-09-30": "-17.31700", "2012-06-30": "5.48800", "2012-03-31": "-10.83000", "2011-12-31": "-11.21100", "2011-09-30": "-11.27000", "2011-06-30": "-11.17000", "2011-03-31": "-11.71300", "2010-12-31": "-8.36600", "2010-09-30": "-10.38000", "2010-06-30": "-8.96400", "2010-03-31": "-7.69400", "2009-12-31": "-7.57700", "2009-09-30": "-7.31600", "2009-06-30": "-7.49200", "2009-03-31": "-6.11900", "2008-12-31": "-8.44800", "2008-09-30": "-6.82600", "2008-06-30": "-7.08800", "2008-03-31": "-6.12000", "2007-12-31": "-3.98800", "2007-09-30": "-4.38700", "2007-06-30": "-4.78700", "2007-03-31": "-2.60200", "2006-12-31": "-0.15000", "2006-09-30": "-0.16400", "2006-06-30": "-0.84300", "2006-03-31": "-29.54500", "2005-12-31": "-3.51400", "2005-09-30": "-4.94600", "2005-06-30": "-7.16000", "2005-03-31": "-6.08500"}, "Pre-Tax Income": {"2020-09-30": "54.00000", "2020-06-30": "5.00000", "2020-03-31": "116.00000", "2019-12-31": "73.00000", "2019-09-30": "216.00000", "2019-06-30": "168.00000", "2019-03-31": "113.00000", "2018-12-31": "176.00000", "2018-09-30": "391.00000", "2018-06-30": "381.00000", "2018-03-31": "386.00000", "2017-12-31": "325.00000", "2017-09-30": "328.00000", "2017-06-30": "227.00000", "2017-03-31": "201.00000", "2016-12-31": "114.09800", "2016-09-30": "63.46200", "2016-06-30": "182.20400", "2016-03-31": "198.23600", "2015-12-31": "177.28800", "2015-09-30": "248.45300", "2015-06-30": "308.47400", "2015-03-31": "228.78500", "2014-12-31": "286.05600", "2014-09-30": "294.60500", "2014-06-30": "261.85000", "2014-03-31": "241.40700", "2013-12-31": "258.07200", "2013-09-30": "263.01800", "2013-06-30": "229.78900", "2013-03-31": "191.29300", "2012-12-31": "148.70800", "2012-09-30": "125.20000", "2012-06-30": "176.46600", "2012-03-31": "134.79500", "2011-12-31": "39.24800", "2011-09-30": "106.06100", "2011-06-30": "127.19900", "2011-03-31": "128.92400", "2010-12-31": "128.68600", "2010-09-30": "96.96600", "2010-06-30": "90.57300", "2010-03-31": "26.73500", "2009-12-31": "15.38500", "2009-09-30": "41.70700", "2009-06-30": "28.68300", "2009-03-31": "-7.02200", "2008-12-31": "-174.21100", "2008-09-30": "41.96200", "2008-06-30": "66.48800", "2008-03-31": "7.73900", "2007-12-31": "16.03300", "2007-09-30": "55.36800", "2007-06-30": "57.49200", "2007-03-31": "30.06400", "2006-12-31": "8.35800", "2006-09-30": "86.84700", "2006-06-30": "106.01000", "2006-03-31": "81.33400", "2005-12-31": "108.98600", "2005-09-30": "65.11600", "2005-06-30": "75.60300", "2005-03-31": "95.62300"}, "Income Taxes": {"2020-09-30": "-15.00000", "2020-06-30": "-19.00000", "2020-03-31": "-41.00000", "2019-12-31": "-12.00000", "2019-09-30": "50.00000", "2019-06-30": "39.00000", "2019-03-31": "31.00000", "2018-12-31": "45.00000", "2018-09-30": "73.00000", "2018-06-30": "93.00000", "2018-03-31": "89.00000", "2017-12-31": "-491.00000", "2017-09-30": "109.00000", "2017-06-30": "68.00000", "2017-03-31": "56.00000", "2016-12-31": "8.66800", "2016-09-30": "-6.55200", "2016-06-30": "66.58400", "2016-03-31": "69.30000", "2015-12-31": "61.17600", "2015-09-30": "60.03300", "2015-06-30": "98.41300", "2015-03-31": "78.37800", "2014-12-31": "98.67100", "2014-09-30": "124.44900", "2014-06-30": "92.40700", "2014-03-31": "83.37500", "2013-12-31": "87.10000", "2013-09-30": "92.72800", "2013-06-30": "83.97300", "2013-03-31": "67.94600", "2012-12-31": "53.43100", "2012-09-30": "38.23600", "2012-06-30": "60.96500", "2012-03-31": "46.98200", "2011-12-31": "12.80500", "2011-09-30": "38.13100", "2011-06-30": "46.15000", "2011-03-31": "45.38000", "2010-12-31": "44.61300", "2010-09-30": "34.23500", "2010-06-30": "33.63100", "2010-03-31": "9.08800", "2009-12-31": "2.93200", "2009-09-30": "11.94100", "2009-06-30": "11.83200", "2009-03-31": "-0.94700", "2008-12-31": "-64.64400", "2008-09-30": "14.59800", "2008-06-30": "19.21500", "2008-03-31": "2.35200", "2007-12-31": "-2.79300", "2007-09-30": "17.02700", "2007-06-30": "19.60200", "2007-03-31": "10.39200", "2006-12-31": "-6.03900", "2006-09-30": "25.19100", "2006-06-30": "38.84100", "2006-03-31": "29.99700", "2005-12-31": "35.36400", "2005-09-30": "21.59000", "2005-06-30": "27.07700", "2005-03-31": "34.48000"}, "Income After Taxes": {"2020-09-30": "69.00000", "2020-06-30": "24.00000", "2020-03-31": "157.00000", "2019-12-31": "85.00000", "2019-09-30": "166.00000", "2019-06-30": "129.00000", "2019-03-31": "82.00000", "2018-12-31": "131.00000", "2018-09-30": "318.00000", "2018-06-30": "288.00000", "2018-03-31": "297.00000", "2017-12-31": "816.00000", "2017-09-30": "219.00000", "2017-06-30": "159.00000", "2017-03-31": "145.00000", "2016-12-31": "105.43000", "2016-09-30": "70.01400", "2016-06-30": "115.62000", "2016-03-31": "128.93600", "2015-12-31": "116.11200", "2015-09-30": "188.42000", "2015-06-30": "210.06100", "2015-03-31": "150.40700", "2014-12-31": "187.38500", "2014-09-30": "170.15600", "2014-06-30": "169.44300", "2014-03-31": "158.03200", "2013-12-31": "170.97200", "2013-09-30": "170.29000", "2013-06-30": "145.81600", "2013-03-31": "123.34700", "2012-12-31": "95.27700", "2012-09-30": "86.96400", "2012-06-30": "115.50100", "2012-03-31": "87.81300", "2011-12-31": "26.44300", "2011-09-30": "67.93000", "2011-06-30": "81.04900", "2011-03-31": "83.54400", "2010-12-31": "84.07300", "2010-09-30": "62.73100", "2010-06-30": "56.94200", "2010-03-31": "17.64700", "2009-12-31": "12.45300", "2009-09-30": "29.76600", "2009-06-30": "16.85100", "2009-03-31": "-6.07500", "2008-12-31": "-109.56700", "2008-09-30": "27.36400", "2008-06-30": "47.27300", "2008-03-31": "5.38700", "2007-12-31": "18.82600", "2007-09-30": "38.34100", "2007-06-30": "37.89000", "2007-03-31": "19.67200", "2006-12-31": "14.39700", "2006-09-30": "61.65600", "2006-06-30": "67.16900", "2006-03-31": "51.33700", "2005-12-31": "73.62200", "2005-09-30": "43.52600", "2005-06-30": "48.52600", "2005-03-31": "61.14300"}, "Other Income": {"2020-09-30": "", "2020-06-30": "", "2020-03-31": "", "2019-12-31": "", "2019-09-30": "", "2019-06-30": "", "2019-03-31": "", "2018-12-31": "", "2018-09-30": "", "2018-06-30": "", "2018-03-31": "", "2017-12-31": "", "2017-09-30": "", "2017-06-30": "", "2017-03-31": "", "2016-12-31": "", "2016-09-30": "", "2016-06-30": "", "2016-03-31": "", "2015-12-31": "", "2015-09-30": "", "2015-06-30": "", "2015-03-31": "", "2014-12-31": "", "2014-09-30": "", "2014-06-30": "", "2014-03-31": "", "2013-12-31": "", "2013-09-30": "", "2013-06-30": "", "2013-03-31": "", "2012-12-31": "", "2012-09-30": "", "2012-06-30": "", "2012-03-31": "", "2011-12-31": "", "2011-09-30": "", "2011-06-30": "", "2011-03-31": "", "2010-12-31": "", "2010-09-30": "", "2010-06-30": "", "2010-03-31": "", "2009-12-31": "", "2009-09-30": "", "2009-06-30": "", "2009-03-31": "", "2008-12-31": "", "2008-09-30": "", "2008-06-30": "", "2008-03-31": "", "2007-12-31": "", "2007-09-30": "", "2007-06-30": "", "2007-03-31": "", "2006-12-31": "", "2006-09-30": "", "2006-06-30": "", "2006-03-31": "", "2005-12-31": "", "2005-09-30": "", "2005-06-30": "", "2005-03-31": ""}, "Income From Continuous Operations": {"2020-09-30": "69.00000", "2020-06-30": "24.00000", "2020-03-31": "157.00000", "2019-12-31": "85.00000", "2019-09-30": "166.00000", "2019-06-30": "129.00000", "2019-03-31": "82.00000", "2018-12-31": "131.00000", "2018-09-30": "318.00000", "2018-06-30": "288.00000", "2018-03-31": "297.00000", "2017-12-31": "816.00000", "2017-09-30": "219.00000", "2017-06-30": "159.00000", "2017-03-31": "145.00000", "2016-12-31": "105.43000", "2016-09-30": "70.01400", "2016-06-30": "115.62000", "2016-03-31": "128.93600", "2015-12-31": "116.11200", "2015-09-30": "188.42000", "2015-06-30": "210.06100", "2015-03-31": "150.40700", "2014-12-31": "187.38500", "2014-09-30": "170.15600", "2014-06-30": "169.44300", "2014-03-31": "158.03200", "2013-12-31": "170.97200", "2013-09-30": "170.29000", "2013-06-30": "145.81600", "2013-03-31": "123.34700", "2012-12-31": "95.27700", "2012-09-30": "86.96400", "2012-06-30": "115.50100", "2012-03-31": "87.81300", "2011-12-31": "26.44300", "2011-09-30": "67.93000", "2011-06-30": "81.04900", "2011-03-31": "83.54400", "2010-12-31": "84.07300", "2010-09-30": "62.73100", "2010-06-30": "56.94200", "2010-03-31": "17.64700", "2009-12-31": "12.45300", "2009-09-30": "29.76600", "2009-06-30": "16.85100", "2009-03-31": "-6.07500", "2008-12-31": "-109.56700", "2008-09-30": "27.36400", "2008-06-30": "47.27300", "2008-03-31": "5.38700", "2007-12-31": "18.82600", "2007-09-30": "38.34100", "2007-06-30": "37.89000", "2007-03-31": "19.67200", "2006-12-31": "14.39700", "2006-09-30": "61.65600", "2006-06-30": "67.16900", "2006-03-31": "51.33700", "2005-12-31": "73.62200", "2005-09-30": "43.52600", "2005-06-30": "48.52600", "2005-03-31": "61.14300"}, "Income From Discontinued Operations": {"2020-09-30": "", "2020-06-30": "", "2020-03-31": "", "2019-12-31": "", "2019-09-30": "", "2019-06-30": "", "2019-03-31": "", "2018-12-31": "", "2018-09-30": "", "2018-06-30": "", "2018-03-31": "", "2017-12-31": "", "2017-09-30": "", "2017-06-30": "", "2017-03-31": "", "2016-12-31": "", "2016-09-30": "", "2016-06-30": "", "2016-03-31": "", "2015-12-31": "", "2015-09-30": "", "2015-06-30": "", "2015-03-31": "", "2014-12-31": "", "2014-09-30": "", "2014-06-30": "", "2014-03-31": "", "2013-12-31": "", "2013-09-30": "", "2013-06-30": "", "2013-03-31": "", "2012-12-31": "", "2012-09-30": "", "2012-06-30": "", "2012-03-31": "", "2011-12-31": "", "2011-09-30": "", "2011-06-30": "", "2011-03-31": "", "2010-12-31": "", "2010-09-30": "", "2010-06-30": "", "2010-03-31": "", "2009-12-31": "", "2009-09-30": "", "2009-06-30": "", "2009-03-31": "", "2008-12-31": "", "2008-09-30": "", "2008-06-30": "", "2008-03-31": "", "2007-12-31": "", "2007-09-30": "", "2007-06-30": "", "2007-03-31": "", "2006-12-31": "", "2006-09-30": "", "2006-06-30": "", "2006-03-31": "", "2005-12-31": "", "2005-09-30": "", "2005-06-30": "", "2005-03-31": ""}, "Net Income": {"2020-09-30": "57.00000", "2020-06-30": "15.00000", "2020-03-31": "145.00000", "2019-12-31": "70.00000", "2019-09-30": "158.00000", "2019-06-30": "119.00000", "2019-03-31": "72.00000", "2018-12-31": "118.00000", "2018-09-30": "308.00000", "2018-06-30": "278.00000", "2018-03-31": "287.00000", "2017-12-31": "796.00000", "2017-09-30": "210.00000", "2017-06-30": "153.00000", "2017-03-31": "138.00000", "2016-12-31": "97.08600", "2016-09-30": "65.66200", "2016-06-30": "111.12400", "2016-03-31": "123.12800", "2015-12-31": "107.95900", "2015-09-30": "183.60400", "2015-06-30": "205.09500", "2015-03-31": "146.34200", "2014-12-31": "181.78900", "2014-09-30": "167.75700", "2014-06-30": "169.44300", "2014-03-31": "158.03200", "2013-12-31": "169.49000", "2013-09-30": "170.29000", "2013-06-30": "145.30400", "2013-03-31": "122.77900", "2012-12-31": "96.94500", "2012-09-30": "86.51200", "2012-06-30": "114.89500", "2012-03-31": "87.20300", "2011-12-31": "26.22400", "2011-09-30": "67.33200", "2011-06-30": "80.33400", "2011-03-31": "82.76600", "2010-12-31": "81.84300", "2010-09-30": "62.73100", "2010-06-30": "56.94200", "2010-03-31": "17.64700", "2009-12-31": "12.45300", "2009-09-30": "29.76600", "2009-06-30": "16.85100", "2009-03-31": "-6.07500", "2008-12-31": "-109.56700", "2008-09-30": "27.36400", "2008-06-30": "47.27300", "2008-03-31": "5.38700", "2007-12-31": "18.82600", "2007-09-30": "38.34100", "2007-06-30": "37.89000", "2007-03-31": "19.67200", "2006-12-31": "14.39700", "2006-09-30": "61.65600", "2006-06-30": "67.16900", "2006-03-31": "51.33700", "2005-12-31": "73.62200", "2005-09-30": "43.52600", "2005-06-30": "48.52600", "2005-03-31": "61.14300"}, "EBITDA": {"2020-09-30": "275.00000", "2020-06-30": "227.00000", "2020-03-31": "326.00000", "2019-12-31": "290.00000", "2019-09-30": "404.00000", "2019-06-30": "370.00000", "2019-03-31": "305.00000", "2018-12-31": "375.00000", "2018-09-30": "557.00000", "2018-06-30": "560.00000", "2018-03-31": "557.00000", "2017-12-31": "515.00000", "2017-09-30": "518.00000", "2017-06-30": "409.00000", "2017-03-31": "384.00000", "2016-12-31": "304.01230", "2016-09-30": "141.39290", "2016-06-30": "247.38510", "2016-03-31": "268.21000", "2015-12-31": "245.58490", "2015-09-30": "315.77800", "2015-06-30": "356.21500", "2015-03-31": "288.42200", "2014-12-31": "362.98000", "2014-09-30": "361.12310", "2014-06-30": "315.65500", "2014-03-31": "294.39200", "2013-12-31": "299.46000", "2013-09-30": "307.69400", "2013-06-30": "275.80100", "2013-03-31": "229.77590", "2012-12-31": "191.53600", "2012-09-30": "181.28900", "2012-06-30": "207.16200", "2012-03-31": "181.41890", "2011-12-31": "84.00570", "2011-09-30": "150.61800", "2011-06-30": "171.59900", "2011-03-31": "173.65300", "2010-12-31": "169.86820", "2010-09-30": "140.50700", "2010-06-30": "132.02400", "2010-03-31": "66.85100", "2009-12-31": "55.24390", "2009-09-30": "80.81290", "2009-06-30": "67.45800", "2009-03-31": "28.40200", "2008-12-31": "-135.07180", "2008-09-30": "77.16100", "2008-06-30": "101.17190", "2008-03-31": "40.07900", "2007-12-31": "46.30310", "2007-09-30": "86.65300", "2007-06-30": "88.82910", "2007-03-31": "57.21000", "2006-12-31": "32.98490", "2006-09-30": "108.27800", "2006-06-30": "127.45900", "2006-03-31": "131.64100", "2005-12-31": "133.44800", "2005-09-30": "89.52400", "2005-06-30": "103.58000", "2005-03-31": "123.17800"}, "EBIT": {"2020-09-30": "79.00000", "2020-06-30": "36.00000", "2020-03-31": "136.00000", "2019-12-31": "102.00000", "2019-09-30": "226.00000", "2019-06-30": "194.00000", "2019-03-31": "134.00000", "2018-12-31": "207.00000", "2018-09-30": "396.00000", "2018-06-30": "404.00000", "2018-03-31": "401.00000", "2017-12-31": "363.00000", "2017-09-30": "364.00000", "2017-06-30": "264.00000", "2017-03-31": "234.00000", "2016-12-31": "154.22310", "2016-09-30": "46.56290", "2016-06-30": "179.93800", "2016-03-31": "202.27600", "2015-12-31": "181.31800", "2015-09-30": "254.02800", "2015-06-30": "295.37400", "2015-03-31": "229.28000", "2014-12-31": "302.38680", "2014-09-30": "306.76110", "2014-06-30": "266.78800", "2014-03-31": "248.05500", "2013-12-31": "257.58000", "2013-09-30": "266.60200", "2013-06-30": "235.22700", "2013-03-31": "194.05490", "2012-12-31": "156.23110", "2012-09-30": "142.51700", "2012-06-30": "170.97800", "2012-03-31": "145.62490", "2011-12-31": "50.45890", "2011-09-30": "117.33100", "2011-06-30": "138.36900", "2011-03-31": "140.63700", "2010-12-31": "137.05200", "2010-09-30": "107.34600", "2010-06-30": "99.53700", "2010-03-31": "34.42900", "2009-12-31": "22.96190", "2009-09-30": "49.02300", "2009-06-30": "36.17500", "2009-03-31": "-0.90300", "2008-12-31": "-165.76290", "2008-09-30": "48.78800", "2008-06-30": "73.57590", "2008-03-31": "13.85900", "2007-12-31": "20.02090", "2007-09-30": "59.75500", "2007-06-30": "62.27910", "2007-03-31": "32.66600", "2006-12-31": "8.50800", "2006-09-30": "87.01100", "2006-06-30": "106.85300", "2006-03-31": "110.87900", "2005-12-31": "112.50000", "2005-09-30": "70.06200", "2005-06-30": "82.76300", "2005-03-31": "101.70800"}, "Basic Shares Outstanding": {"2020-09-30": "127.70130", "2020-06-30": "127.68000", "2020-03-31": "128.23700", "2019-12-31": "128.39520", "2019-09-30": "128.21610", "2019-06-30": "128.48500", "2019-03-31": "128.52800", "2018-12-31": "129.40180", "2018-09-30": "129.42730", "2018-06-30": "129.62430", "2018-03-31": "129.48400", "2017-12-31": "129.08700", "2017-09-30": "129.06920", "2017-06-30": "129.05100", "2017-03-31": "128.97940", "2016-12-31": "129.36800", "2016-09-30": "128.79400", "2016-06-30": "129.58300", "2016-03-31": "130.19000", "2015-12-31": "131.82400", "2015-09-30": "131.66430", "2015-06-30": "132.53800", "2015-03-31": "132.71500", "2014-12-31": "133.11100", "2014-09-30": "133.29900", "2014-06-30": "133.22400", "2014-03-31": "133.07200", "2013-12-31": "133.22400", "2013-09-30": "133.25700", "2013-06-30": "133.25900", "2013-03-31": "133.25100", "2012-12-31": "132.57900", "2012-09-30": "132.62400", "2012-06-30": "132.59800", "2012-03-31": "132.21800", "2011-12-31": "131.85400", "2011-09-30": "132.02400", "2011-06-30": "131.99800", "2011-03-31": "131.49200", "2010-12-31": "130.94600", "2010-09-30": "130.96200", "2010-06-30": "130.91800", "2010-03-31": "130.78800", "2009-12-31": "130.64600", "2009-09-30": "131.90600", "2009-06-30": "131.85000", "2009-03-31": "131.59400", "2008-12-31": "131.24800", "2008-09-30": "131.28600", "2008-06-30": "131.26800", "2008-03-31": "131.12310", "2007-12-31": "130.89200", "2007-09-30": "130.47600", "2007-06-30": "130.45000", "2007-03-31": "130.43600", "2006-12-31": "130.26800", "2006-09-30": "130.27000", "2006-06-30": "130.20800", "2006-03-31": "130.18400", "2005-12-31": "130.01600", "2005-09-30": "130.05400", "2005-06-30": "129.99000", "2005-03-31": "129.87600"}, "Shares Outstanding": {"2020-09-30": "127.95390", "2020-06-30": "127.82400", "2020-03-31": "128.44300", "2019-12-31": "128.75730", "2019-09-30": "128.55240", "2019-06-30": "128.85000", "2019-03-31": "128.91400", "2018-12-31": "129.98570", "2018-09-30": "130.05230", "2018-06-30": "130.30660", "2018-03-31": "130.19090", "2017-12-31": "129.54000", "2017-09-30": "129.88900", "2017-06-30": "129.78700", "2017-03-31": "129.69200", "2016-12-31": "129.97500", "2016-09-30": "129.38000", "2016-06-30": "129.98100", "2016-03-31": "130.60000", "2015-12-31": "132.30200", "2015-09-30": "132.12120", "2015-06-30": "133.04500", "2015-03-31": "133.20500", "2014-12-31": "133.64300", "2014-09-30": "133.84600", "2014-06-30": "133.76800", "2014-03-31": "133.61300", "2013-12-31": "133.77900", "2013-09-30": "133.81100", "2013-06-30": "133.79100", "2013-03-31": "133.81800", "2012-12-31": "133.28300", "2012-09-30": "133.31400", "2012-06-30": "133.29800", "2012-03-31": "133.11800", "2011-12-31": "132.60000", "2011-09-30": "132.76400", "2011-06-30": "132.85000", "2011-03-31": "132.22600", "2010-12-31": "131.35400", "2010-09-30": "131.35600", "2010-06-30": "131.21400", "2010-03-31": "131.04600", "2009-12-31": "130.84200", "2009-09-30": "132.19400", "2009-06-30": "131.96600", "2009-03-31": "131.59400", "2008-12-31": "131.24800", "2008-09-30": "131.35400", "2008-06-30": "131.31400", "2008-03-31": "131.17460", "2007-12-31": "131.05000", "2007-09-30": "130.65200", "2007-06-30": "130.65000", "2007-03-31": "130.65000", "2006-12-31": "130.51000", "2006-09-30": "130.47400", "2006-06-30": "130.47200", "2006-03-31": "130.46200", "2005-12-31": "130.50200", "2005-09-30": "130.52200", "2005-06-30": "130.40600", "2005-03-31": "130.58400"}, "Basic EPS": {"2020-09-30": "0.45000", "2020-06-30": "0.11000", "2020-03-31": "1.13000", "2019-12-31": "0.56000", "2019-09-30": "1.22000", "2019-06-30": "0.92000", "2019-03-31": "0.56000", "2018-12-31": "0.96000", "2018-09-30": "2.36000", "2018-06-30": "2.13000", "2018-03-31": "2.21000", "2017-12-31": "6.18000", "2017-09-30": "1.62000", "2017-06-30": "1.18000", "2017-03-31": "1.07000", "2016-12-31": "0.77000", "2016-09-30": "0.51000", "2016-06-30": "0.85000", "2016-03-31": "0.94000", "2015-12-31": "0.84000", "2015-09-30": "1.39000", "2015-06-30": "1.55000", "2015-03-31": "1.10000", "2014-12-31": "1.38000", "2014-09-30": "1.26000", "2014-06-30": "1.27000", "2014-03-31": "1.18000", "2013-12-31": "1.28000", "2013-09-30": "1.28000", "2013-06-30": "1.09000", "2013-03-31": "0.92000", "2012-12-31": "0.71500", "2012-09-30": "0.65000", "2012-06-30": "0.86500", "2012-03-31": "0.66000", "2011-12-31": "0.19500", "2011-09-30": "0.51000", "2011-06-30": "0.61000", "2011-03-31": "0.63000", "2010-12-31": "0.63500", "2010-09-30": "0.47500", "2010-06-30": "0.43000", "2010-03-31": "0.13500", "2009-12-31": "0.09000", "2009-09-30": "0.22500", "2009-06-30": "0.13000", "2009-03-31": "-0.04500", "2008-12-31": "-0.83500", "2008-09-30": "0.21000", "2008-06-30": "0.36000", "2008-03-31": "0.04000", "2007-12-31": "0.14000", "2007-09-30": "0.29500", "2007-06-30": "0.29000", "2007-03-31": "0.15000", "2006-12-31": "0.11000", "2006-09-30": "0.47500", "2006-06-30": "0.51500", "2006-03-31": "0.39500", "2005-12-31": "0.56500", "2005-09-30": "0.33500", "2005-06-30": "0.37500", "2005-03-31": "0.47000"}, "EPS - Earnings Per Share": {"2020-09-30": "0.45000", "2020-06-30": "0.11000", "2020-03-31": "1.13000", "2019-12-31": "0.56000", "2019-09-30": "1.22000", "2019-06-30": "0.92000", "2019-03-31": "0.55000", "2018-12-31": "0.95000", "2018-09-30": "2.35000", "2018-06-30": "2.12000", "2018-03-31": "2.20000", "2017-12-31": "6.16000", "2017-09-30": "1.61000", "2017-06-30": "1.17000", "2017-03-31": "1.06000", "2016-12-31": "0.76000", "2016-09-30": "0.51000", "2016-06-30": "0.85000", "2016-03-31": "0.94000", "2015-12-31": "0.83000", "2015-09-30": "1.39000", "2015-06-30": "1.54000", "2015-03-31": "1.10000", "2014-12-31": "1.38000", "2014-09-30": "1.25000", "2014-06-30": "1.26000", "2014-03-31": "1.18000", "2013-12-31": "1.27000", "2013-09-30": "1.27000", "2013-06-30": "1.09000", "2013-03-31": "0.92000", "2012-12-31": "0.71500", "2012-09-30": "0.65000", "2012-06-30": "0.86000", "2012-03-31": "0.65500", "2011-12-31": "0.20000", "2011-09-30": "0.50500", "2011-06-30": "0.60500", "2011-03-31": "0.62500", "2010-12-31": "0.63000", "2010-09-30": "0.47500", "2010-06-30": "0.43000", "2010-03-31": "0.13500", "2009-12-31": "0.09000", "2009-09-30": "0.22500", "2009-06-30": "0.13000", "2009-03-31": "-0.04500", "2008-12-31": "-0.83500", "2008-09-30": "0.21000", "2008-06-30": "0.36000", "2008-03-31": "0.04000", "2007-12-31": "0.14000", "2007-09-30": "0.29500", "2007-06-30": "0.29000", "2007-03-31": "0.15000", "2006-12-31": "0.10500", "2006-09-30": "0.47500", "2006-06-30": "0.51500", "2006-03-31": "0.39500", "2005-12-31": "0.56500", "2005-09-30": "0.33500", "2005-06-30": "0.37000", "2005-03-31": "0.47000"}}, "balance sheet": {"Cash On Hand": {"2019-12-31": "728.00000", "2018-12-31": "753.00000", "2017-12-31": "1531.00000", "2016-12-31": "620.00000", "2015-12-31": "1182.66900", "2014-12-31": "880.60100", "2013-12-31": "700.68900", "2012-12-31": "914.95100", "2011-12-31": "825.90100", "2010-12-31": "630.29900", "2009-12-31": "245.59200", "2008-12-31": "90.23900", "2007-12-31": "24.91400", "2006-12-31": "52.64600", "2005-12-31": "237.89500"}, "Receivables": {"2019-12-31": "1036.00000", "2018-12-31": "1037.00000", "2017-12-31": "1001.00000", "2016-12-31": "939.00000", "2015-12-31": "508.53200", "2014-12-31": "560.66600", "2013-12-31": "428.45700", "2012-12-31": "400.15900", "2011-12-31": "407.37200", "2010-12-31": "362.86300", "2009-12-31": "339.79600", "2008-12-31": "347.32300", "2007-12-31": "507.46300", "2006-12-31": "308.90300", "2005-12-31": "302.77900"}, "Inventory": {"2019-12-31": "936.00000", "2018-12-31": "1014.00000", "2017-12-31": "900.00000", "2016-12-31": "801.00000", "2015-12-31": "434.06000", "2014-12-31": "525.77600", "2013-12-31": "471.87900", "2012-12-31": "399.29800", "2011-12-31": "490.77700", "2010-12-31": "450.02800", "2009-12-31": "369.41700", "2008-12-31": "327.96700", "2007-12-31": "527.87100", "2006-12-31": "456.27600", "2005-12-31": "339.87000"}, "Pre-Paid Expenses": {"2019-12-31": "42.00000", "2018-12-31": "38.00000", "2017-12-31": "31.00000", "2016-12-31": "48.00000", "2015-12-31": "14.48900", "2014-12-31": "11.80700", "2013-12-31": "13.88800", "2012-12-31": "14.70000", "2011-12-31": "12.49500", "2010-12-31": "15.48200", "2009-12-31": "7.07400", "2008-12-31": "6.83800", "2007-12-31": "14.23200", "2006-12-31": "16.08600", "2005-12-31": "9.30600"}, "Other Current Assets": {"2019-12-31": "", "2018-12-31": "", "2017-12-31": "", "2016-12-31": "", "2015-12-31": "", "2014-12-31": "", "2013-12-31": "", "2012-12-31": "", "2011-12-31": "", "2010-12-31": "", "2009-12-31": "", "2008-12-31": "", "2007-12-31": "", "2006-12-31": "", "2005-12-31": ""}, "Total Current Assets": {"2019-12-31": "2742.00000", "2018-12-31": "2842.00000", "2017-12-31": "3463.00000", "2016-12-31": "2408.00000", "2015-12-31": "2175.18900", "2014-12-31": "2011.28700", "2013-12-31": "1649.08200", "2012-12-31": "1751.41300", "2011-12-31": "1756.15600", "2010-12-31": "1475.96000", "2009-12-31": "988.37800", "2008-12-31": "798.98900", "2007-12-31": "1092.18500", "2006-12-31": "849.78700", "2005-12-31": "902.86300"}, "Property, Plant, And Equipment": {"2019-12-31": "6912.00000", "2018-12-31": "6595.00000", "2017-12-31": "6412.00000", "2016-12-31": "6420.00000", "2015-12-31": "3004.06700", "2014-12-31": "2757.55700", "2013-12-31": "2088.01400", "2012-12-31": "1510.04800", "2011-12-31": "1232.06600", "2010-12-31": "1170.33400", "2009-12-31": "1194.31100", "2008-12-31": "1197.45200", "2007-12-31": "1126.21200", "2006-12-31": "1076.90300", "2005-12-31": "863.23200"}, "Long-Term Investments": {"2019-12-31": "1112.00000", "2018-12-31": "253.00000", "2017-12-31": "", "2016-12-31": "", "2015-12-31": "", "2014-12-31": "61.30500", "2013-12-31": "66.87500", "2012-12-31": "43.73600", "2011-12-31": "46.74100", "2010-12-31": "46.31400", "2009-12-31": "33.92500", "2008-12-31": "30.10700", "2007-12-31": "29.48600", "2006-12-31": "26.38200", "2005-12-31": "20.04200"}, "Goodwill And Intangible Assets": {"2019-12-31": "1784.00000", "2018-12-31": "1661.00000", "2017-12-31": "1789.00000", "2016-12-31": "1734.00000", "2015-12-31": "213.40400", "2014-12-31": "218.43100", "2013-12-31": "159.04600", "2012-12-31": "48.29200", "2011-12-31": "49.06300", "2010-12-31": "", "2009-12-31": "", "2008-12-31": "", "2007-12-31": "", "2006-12-31": "", "2005-12-31": ""}, "Other Long-Term Assets": {"2019-12-31": "268.00000", "2018-12-31": "251.00000", "2017-12-31": "412.00000", "2016-12-31": "328.00000", "2015-12-31": "", "2014-12-31": "", "2013-12-31": "", "2012-12-31": "", "2011-12-31": "96.28300", "2010-12-31": "261.53600", "2009-12-31": "229.74200", "2008-12-31": "260.44100", "2007-12-31": "321.45200", "2006-12-31": "129.02600", "2005-12-31": "41.05200"}, "Total Long-Term Assets": {"2019-12-31": "10519.00000", "2018-12-31": "8760.00000", "2017-12-31": "8613.00000", "2016-12-31": "8482.00000", "2015-12-31": "3394.09600", "2014-12-31": "3202.70300", "2013-12-31": "2411.82700", "2012-12-31": "1660.78300", "2011-12-31": "1510.66500", "2010-12-31": "1478.18400", "2009-12-31": "1457.97800", "2008-12-31": "1488.00000", "2007-12-31": "1477.15000", "2006-12-31": "1232.31100", "2005-12-31": "924.32600"}, "Total Assets": {"2019-12-31": "13261.00000", "2018-12-31": "11602.00000", "2017-12-31": "12076.00000", "2016-12-31": "10890.00000", "2015-12-31": "5569.28500", "2014-12-31": "5213.99000", "2013-12-31": "4060.90900", "2012-12-31": "3412.19600", "2011-12-31": "3266.82100", "2010-12-31": "2954.14400", "2009-12-31": "2446.35600", "2008-12-31": "2286.98900", "2007-12-31": "2569.33500", "2006-12-31": "2082.09800", "2005-12-31": "1827.18900"}, "Total Current Liabilities": {"2019-12-31": "1241.00000", "2018-12-31": "1183.00000", "2017-12-31": "1967.00000", "2016-12-31": "1183.00000", "2015-12-31": "522.64200", "2014-12-31": "537.18000", "2013-12-31": "404.85800", "2012-12-31": "398.51000", "2011-12-31": "364.59500", "2010-12-31": "323.57800", "2009-12-31": "286.56600", "2008-12-31": "212.28800", "2007-12-31": "441.26200", "2006-12-31": "321.91200", "2005-12-31": "305.84900"}, "Long Term Debt": {"2019-12-31": "3445.00000", "2018-12-31": "2668.00000", "2017-12-31": "3127.00000", "2016-12-31": "3679.00000", "2015-12-31": "758.14800", "2014-12-31": "763.99700", "2013-12-31": "763.87900", "2012-12-31": "763.76100", "2011-12-31": "764.56300", "2010-12-31": "764.48200", "2009-12-31": "515.40000", "2008-12-31": "510.31900", "2007-12-31": "511.41400", "2006-12-31": "260.15600", "2005-12-31": "265.68900"}, "Other Non-Current Liabilities": {"2019-12-31": "202.00000", "2018-12-31": "179.00000", "2017-12-31": "158.00000", "2016-12-31": "121.00000", "2015-12-31": "28.14000", "2014-12-31": "174.85900", "2013-12-31": "35.59300", "2012-12-31": "51.37900", "2011-12-31": "50.56000", "2010-12-31": "45.49600", "2009-12-31": "49.79000", "2008-12-31": "44.83600", "2007-12-31": "42.02400", "2006-12-31": "44.66100", "2005-12-31": "40.45700"}, "Total Long Term Liabilities": {"2019-12-31": "5617.00000", "2018-12-31": "4343.00000", "2017-12-31": "4740.00000", "2016-12-31": "5815.00000", "2015-12-31": "1484.71200", "2014-12-31": "1474.92200", "2013-12-31": "1237.44800", "2012-12-31": "1141.43000", "2011-12-31": "1145.91400", "2010-12-31": "1125.49600", "2009-12-31": "874.80800", "2008-12-31": "835.64100", "2007-12-31": "841.40300", "2006-12-31": "586.64500", "2005-12-31": "527.23400"}, "Total Liabilities": {"2019-12-31": "6858.00000", "2018-12-31": "5526.00000", "2017-12-31": "6707.00000", "2016-12-31": "6998.00000", "2015-12-31": "2007.35400", "2014-12-31": "2012.10200", "2013-12-31": "1642.30600", "2012-12-31": "1539.94000", "2011-12-31": "1510.50900", "2010-12-31": "1449.07400", "2009-12-31": "1161.37400", "2008-12-31": "1047.92900", "2007-12-31": "1282.66500", "2006-12-31": "908.55700", "2005-12-31": "833.08300"}, "Common Stock Net": {"2019-12-31": "1.00000", "2018-12-31": "1.00000", "2017-12-31": "1.00000", "2016-12-31": "1.00000", "2015-12-31": "1.34700", "2014-12-31": "1.34700", "2013-12-31": "1.34600", "2012-12-31": "0.67200", "2011-12-31": "0.66600", "2010-12-31": "0.66300", "2009-12-31": "0.66000", "2008-12-31": "0.65700", "2007-12-31": "0.65500", "2006-12-31": "0.65300", "2005-12-31": "0.65100"}, "Retained Earnings (Accumulated Deficit)": {"2019-12-31": "5757.00000", "2018-12-31": "5477.00000", "2017-12-31": "4613.00000", "2016-12-31": "3412.00000", "2015-12-31": "3109.98700", "2014-12-31": "2555.52800", "2013-12-31": "1954.66100", "2012-12-31": "1399.47200", "2011-12-31": "1299.43800", "2010-12-31": "1058.73700", "2009-12-31": "853.35800", "2008-12-31": "814.87300", "2007-12-31": "857.87200", "2006-12-31": "754.92100", "2005-12-31": "569.16400"}, "Comprehensive Income": {"2019-12-31": "-74.00000", "2018-12-31": "-62.00000", "2017-12-31": "7.00000", "2016-12-31": "-121.00000", "2015-12-31": "-129.29200", "2014-12-31": "-79.43300", "2013-12-31": "-2.61600", "2012-12-31": "-10.84000", "2011-12-31": "-9.07000", "2010-12-31": "-12.32800", "2009-12-31": "-15.85600", "2008-12-31": "-13.33900", "2007-12-31": "-9.23400", "2006-12-31": "-12.18600", "2005-12-31": "-1.97600"}, "Other Share Holders Equity": {"2019-12-31": "", "2018-12-31": "", "2017-12-31": "", "2016-12-31": "", "2015-12-31": "", "2014-12-31": "", "2013-12-31": "", "2012-12-31": "", "2011-12-31": "", "2010-12-31": "5.29500", "2009-12-31": "4.35100", "2008-12-31": "1.28800", "2007-12-31": "6.18000", "2006-12-31": "2.26000", "2005-12-31": "2.70100"}, "Share Holder Equity": {"2019-12-31": "6403.00000", "2018-12-31": "6076.00000", "2017-12-31": "5369.00000", "2016-12-31": "3892.00000", "2015-12-31": "3561.93100", "2014-12-31": "3201.88800", "2013-12-31": "2418.60300", "2012-12-31": "1872.25600", "2011-12-31": "1756.31200", "2010-12-31": "1505.07000", "2009-12-31": "1284.98200", "2008-12-31": "1239.06000", "2007-12-31": "1286.67000", "2006-12-31": "1173.54100", "2005-12-31": "994.10600"}, "Total Liabilities And Share Holders Equity": {"2019-12-31": "13261.00000", "2018-12-31": "11602.00000", "2017-12-31": "12076.00000", "2016-12-31": "10890.00000", "2015-12-31": "5569.28500", "2014-12-31": "5213.99000", "2013-12-31": "4060.90900", "2012-12-31": "3412.19600", "2011-12-31": "3266.82100", "2010-12-31": "2954.14400", "2009-12-31": "2446.35600", "2008-12-31": "2286.98900", "2007-12-31": "2569.33500", "2006-12-31": "2082.09800", "2005-12-31": "1827.18900"}}, "balance sheet, quarterly": {"Cash On Hand": {"2020-09-30": "1217.00000", "2020-06-30": "1109.00000", "2020-03-31": "1537.00000", "2019-12-31": "728.00000", "2019-09-30": "1437.00000", "2019-06-30": "409.00000", "2019-03-31": "445.00000", "2018-12-31": "753.00000", "2018-09-30": "788.00000", "2018-06-30": "482.00000", "2018-03-31": "851.00000", "2017-12-31": "1531.00000", "2017-09-30": "686.85890", "2017-06-30": "404.38300", "2017-03-31": "381.91900", "2016-12-31": "620.00000", "2016-09-30": "549.83900", "2016-06-30": "1123.01800", "2016-03-31": "1139.98400", "2015-12-31": "1182.66900", "2015-09-30": "1247.65100", "2015-06-30": "1026.56900", "2015-03-31": "945.64900", "2014-12-31": "880.60100", "2014-09-30": "813.46800", "2014-06-30": "876.06700", "2014-03-31": "776.33700", "2013-12-31": "700.68900", "2013-09-30": "717.15300", "2013-06-30": "655.47000", "2013-03-31": "872.79000", "2012-12-31": "914.95100", "2012-09-30": "1198.46800", "2012-06-30": "1110.53800", "2012-03-31": "895.14200", "2011-12-31": "825.90100", "2011-09-30": "758.93900", "2011-06-30": "712.32200", "2011-03-31": "654.50300", "2010-12-31": "630.29900", "2010-09-30": "428.33300", "2010-06-30": "288.80500", "2010-03-31": "185.26300", "2009-12-31": "245.59200", "2009-09-30": "252.87300", "2009-06-30": "204.00700", "2009-03-31": "179.34300", "2008-12-31": "90.23900", "2008-09-30": "22.45200", "2008-06-30": "22.46200", "2008-03-31": "7.84600", "2007-12-31": "24.91400", "2007-09-30": "139.25900", "2007-06-30": "42.61500", "2007-03-31": "13.32500", "2006-12-31": "52.64600", "2006-09-30": "303.09900", "2006-06-30": "275.61500", "2006-03-31": "236.36600", "2005-12-31": "237.89500", "2005-09-30": "123.34800", "2005-06-30": "109.67300", "2005-03-31": "46.63500"}, "Receivables": {"2020-09-30": "1293.00000", "2020-06-30": "1160.00000", "2020-03-31": "1265.00000", "2019-12-31": "1036.00000", "2019-09-30": "1094.00000", "2019-06-30": "1213.00000", "2019-03-31": "1121.00000", "2018-12-31": "1037.00000", "2018-09-30": "1241.00000", "2018-06-30": "1261.00000", "2018-03-31": "1135.00000", "2017-12-31": "1001.00000", "2017-09-30": "1142.97900", "2017-06-30": "1095.80800", "2017-03-31": "1003.96600", "2016-12-31": "939.00000", "2016-09-30": "1070.50100", "2016-06-30": "582.85500", "2016-03-31": "549.03700", "2015-12-31": "508.53200", "2015-09-30": "520.96000", "2015-06-30": "600.72200", "2015-03-31": "527.12700", "2014-12-31": "560.66600", "2014-09-30": "592.96400", "2014-06-30": "454.28100", "2014-03-31": "421.87900", "2013-12-31": "428.45700", "2013-09-30": "433.02500", "2013-06-30": "475.63800", "2013-03-31": "407.58000", "2012-12-31": "400.15900", "2012-09-30": "393.59200", "2012-06-30": "418.00000", "2012-03-31": "444.60900", "2011-12-31": "407.37200", "2011-09-30": "462.47000", "2011-06-30": "430.30100", "2011-03-31": "409.42000", "2010-12-31": "362.86300", "2010-09-30": "362.43800", "2010-06-30": "427.91900", "2010-03-31": "405.28800", "2009-12-31": "339.79600", "2009-09-30": "343.40600", "2009-06-30": "321.73800", "2009-03-31": "281.01100", "2008-12-31": "347.32300", "2008-09-30": "562.80400", "2008-06-30": "641.50400", "2008-03-31": "464.38300", "2007-12-31": "507.46300", "2007-09-30": "436.32700", "2007-06-30": "399.83200", "2007-03-31": "423.63000", "2006-12-31": "308.90300", "2006-09-30": "335.06300", "2006-06-30": "323.00900", "2006-03-31": "277.26800", "2005-12-31": "302.77900", "2005-09-30": "356.03400", "2005-06-30": "256.12800", "2005-03-31": "286.12900"}, "Inventory": {"2020-09-30": "829.00000", "2020-06-30": "845.00000", "2020-03-31": "934.00000", "2019-12-31": "936.00000", "2019-09-30": "906.00000", "2019-06-30": "925.00000", "2019-03-31": "1021.00000", "2018-12-31": "1014.00000", "2018-09-30": "939.00000", "2018-06-30": "905.00000", "2018-03-31": "944.00000", "2017-12-31": "900.00000", "2017-09-30": "834.83500", "2017-06-30": "831.70000", "2017-03-31": "821.70800", "2016-12-31": "801.00000", "2016-09-30": "744.53600", "2016-06-30": "448.52600", "2016-03-31": "478.65600", "2015-12-31": "434.06000", "2015-09-30": "430.00600", "2015-06-30": "486.29700", "2015-03-31": "480.38000", "2014-12-31": "525.77600", "2014-09-30": "500.55200", "2014-06-30": "437.51900", "2014-03-31": "439.00900", "2013-12-31": "471.87900", "2013-09-30": "451.57100", "2013-06-30": "427.13900", "2013-03-31": "408.07400", "2012-12-31": "399.29800", "2012-09-30": "371.53700", "2012-06-30": "407.12400", "2012-03-31": "422.40500", "2011-12-31": "490.77700", "2011-09-30": "466.24800", "2011-06-30": "508.19800", "2011-03-31": "446.25700", "2010-12-31": "450.02800", "2010-09-30": "355.80300", "2010-06-30": "370.02500", "2010-03-31": "398.41200", "2009-12-31": "369.41700", "2009-09-30": "312.02900", "2009-06-30": "286.76700", "2009-03-31": "283.87300", "2008-12-31": "327.96700", "2008-09-30": "491.18500", "2008-06-30": "514.46200", "2008-03-31": "532.05100", "2007-12-31": "527.87100", "2007-09-30": "466.39900", "2007-06-30": "464.51900", "2007-03-31": "417.65100", "2006-12-31": "456.27600", "2006-09-30": "312.92800", "2006-06-30": "343.09300", "2006-03-31": "339.58900", "2005-12-31": "339.87000", "2005-09-30": "286.58800", "2005-06-30": "308.19400", "2005-03-31": "318.18100"}, "Pre-Paid Expenses": {"2020-09-30": "42.00000", "2020-06-30": "51.00000", "2020-03-31": "32.00000", "2019-12-31": "42.00000", "2019-09-30": "45.00000", "2019-06-30": "48.00000", "2019-03-31": "40.00000", "2018-12-31": "38.00000", "2018-09-30": "36.00000", "2018-06-30": "46.00000", "2018-03-31": "29.00000", "2017-12-31": "31.00000", "2017-09-30": "34.86000", "2017-06-30": "45.74400", "2017-03-31": "43.69500", "2016-12-31": "48.00000", "2016-09-30": "54.86800", "2016-06-30": "35.64200", "2016-03-31": "24.05700", "2015-12-31": "14.48900", "2015-09-30": "18.27200", "2015-06-30": "23.01800", "2015-03-31": "18.01800", "2014-12-31": "11.80700", "2014-09-30": "18.88400", "2014-06-30": "20.46800", "2014-03-31": "15.88000", "2013-12-31": "13.88800", "2013-09-30": "18.80900", "2013-06-30": "20.77300", "2013-03-31": "14.53600", "2012-12-31": "14.70000", "2012-09-30": "14.47200", "2012-06-30": "15.41500", "2012-03-31": "14.10600", "2011-12-31": "12.49500", "2011-09-30": "11.44300", "2011-06-30": "20.41000", "2011-03-31": "13.87800", "2010-12-31": "15.48200", "2010-09-30": "16.33400", "2010-06-30": "17.79200", "2010-03-31": "12.17100", "2009-12-31": "7.07400", "2009-09-30": "9.91800", "2009-06-30": "11.15600", "2009-03-31": "10.29400", "2008-12-31": "6.83800", "2008-09-30": "13.59300", "2008-06-30": "21.43600", "2008-03-31": "10.98800", "2007-12-31": "14.23200", "2007-09-30": "7.21600", "2007-06-30": "14.64600", "2007-03-31": "10.45600", "2006-12-31": "16.08600", "2006-09-30": "9.51200", "2006-06-30": "11.37800", "2006-03-31": "9.09500", "2005-12-31": "9.30600", "2005-09-30": "7.02100", "2005-06-30": "8.60600", "2005-03-31": "7.13800"}, "Other Current Assets": {"2020-09-30": "", "2020-06-30": "", "2020-03-31": "", "2019-12-31": "", "2019-09-30": "", "2019-06-30": "", "2019-03-31": "", "2018-12-31": "", "2018-09-30": "", "2018-06-30": "", "2018-03-31": "", "2017-12-31": "", "2017-09-30": "", "2017-06-30": "", "2017-03-31": "", "2016-12-31": "", "2016-09-30": "", "2016-06-30": "", "2016-03-31": "", "2015-12-31": "", "2015-09-30": "", "2015-06-30": "", "2015-03-31": "", "2014-12-31": "", "2014-09-30": "", "2014-06-30": "", "2014-03-31": "", "2013-12-31": "", "2013-09-30": "", "2013-06-30": "", "2013-03-31": "", "2012-12-31": "", "2012-09-30": "", "2012-06-30": "", "2012-03-31": "", "2011-12-31": "", "2011-09-30": "", "2011-06-30": "", "2011-03-31": "", "2010-12-31": "", "2010-09-30": "", "2010-06-30": "", "2010-03-31": "", "2009-12-31": "", "2009-09-30": "", "2009-06-30": "", "2009-03-31": "", "2008-12-31": "", "2008-09-30": "", "2008-06-30": "", "2008-03-31": "", "2007-12-31": "", "2007-09-30": "", "2007-06-30": "", "2007-03-31": "", "2006-12-31": "", "2006-09-30": "", "2006-06-30": "", "2006-03-31": "", "2005-12-31": "", "2005-09-30": "", "2005-06-30": "", "2005-03-31": ""}, "Total Current Assets": {"2020-09-30": "3381.00000", "2020-06-30": "3165.00000", "2020-03-31": "3768.00000", "2019-12-31": "2742.00000", "2019-09-30": "3482.00000", "2019-06-30": "2595.00000", "2019-03-31": "2627.00000", "2018-12-31": "2842.00000", "2018-09-30": "3004.00000", "2018-06-30": "2694.00000", "2018-03-31": "2959.00000", "2017-12-31": "3463.00000", "2017-09-30": "2699.53300", "2017-06-30": "2377.63500", "2017-03-31": "2251.28800", "2016-12-31": "2408.00000", "2016-09-30": "2419.74400", "2016-06-30": "2190.04100", "2016-03-31": "2191.73400", "2015-12-31": "2175.18900", "2015-09-30": "2248.43000", "2015-06-30": "2166.24000", "2015-03-31": "2002.16200", "2014-12-31": "2011.28700", "2014-09-30": "1951.94800", "2014-06-30": "1822.50300", "2014-03-31": "1687.26300", "2013-12-31": "1649.08200", "2013-09-30": "1642.85100", "2013-06-30": "1601.12300", "2013-03-31": "1725.27800", "2012-12-31": "1751.41300", "2012-09-30": "1997.80500", "2012-06-30": "1970.77000", "2012-03-31": "1795.87600", "2011-12-31": "1756.15600", "2011-09-30": "1716.25300", "2011-06-30": "1688.52900", "2011-03-31": "1541.35100", "2010-12-31": "1475.96000", "2010-09-30": "1180.95000", "2010-06-30": "1131.09300", "2010-03-31": "1027.63300", "2009-12-31": "988.37800", "2009-09-30": "945.38400", "2009-06-30": "850.30900", "2009-03-31": "781.13800", "2008-12-31": "798.98900", "2008-09-30": "1107.61000", "2008-06-30": "1217.50000", "2008-03-31": "1032.95900", "2007-12-31": "1092.18500", "2007-09-30": "1066.27500", "2007-06-30": "937.33500", "2007-03-31": "880.94400", "2006-12-31": "849.78700", "2006-09-30": "973.64200", "2006-06-30": "966.13500", "2006-03-31": "875.32900", "2005-12-31": "902.86300", "2005-09-30": "789.73800", "2005-06-30": "725.60000", "2005-03-31": "712.08200"}, "Property, Plant, And Equipment": {"2020-09-30": "6853.00000", "2020-06-30": "6887.00000", "2020-03-31": "6883.00000", "2019-12-31": "6912.00000", "2019-09-30": "6842.00000", "2019-06-30": "6832.00000", "2019-03-31": "6720.00000", "2018-12-31": "6595.00000", "2018-09-30": "6519.00000", "2018-06-30": "6468.00000", "2018-03-31": "6447.00000", "2017-12-31": "6412.00000", "2017-09-30": "6343.63700", "2017-06-30": "6316.73100", "2017-03-31": "6392.74500", "2016-12-31": "6420.00000", "2016-09-30": "6450.94700", "2016-06-30": "3230.52300", "2016-03-31": "3114.82100", "2015-12-31": "3004.06700", "2015-09-30": "2916.63000", "2015-06-30": "2855.50800", "2015-03-31": "2751.48600", "2014-12-31": "2757.55700", "2014-09-30": "2710.47500", "2014-06-30": "2217.04900", "2014-03-31": "2150.64300", "2013-12-31": "2088.01400", "2013-09-30": "1952.91800", "2013-06-30": "1785.57400", "2013-03-31": "1629.30900", "2012-12-31": "1510.04800", "2012-09-30": "1394.19800", "2012-06-30": "1309.75200", "2012-03-31": "1263.55600", "2011-12-31": "1232.06600", "2011-09-30": "1195.50800", "2011-06-30": "1179.69800", "2011-03-31": "1173.18500", "2010-12-31": "1170.33400", "2010-09-30": "1165.41000", "2010-06-30": "1172.63200", "2010-03-31": "1183.34500", "2009-12-31": "1194.31100", "2009-09-30": "1186.01000", "2009-06-30": "1200.95800", "2009-03-31": "1210.74800", "2008-12-31": "1197.45200", "2008-09-30": "1181.57200", "2008-06-30": "1159.79900", "2008-03-31": "1143.22400", "2007-12-31": "1126.21200", "2007-09-30": "1099.61100", "2007-06-30": "1086.87300", "2007-03-31": "1076.36400", "2006-12-31": "1076.90300", "2006-09-30": "909.53200", "2006-06-30": "900.79100", "2006-03-31": "878.24600", "2005-12-31": "863.23200", "2005-09-30": "855.84600", "2005-06-30": "861.81900", "2005-03-31": "853.87200"}, "Long-Term Investments": {"2020-09-30": "1046.00000", "2020-06-30": "1052.00000", "2020-03-31": "1065.00000", "2019-12-31": "1112.00000", "2019-09-30": "", "2019-06-30": "", "2019-03-31": "", "2018-12-31": "253.00000", "2018-09-30": "", "2018-06-30": "", "2018-03-31": "", "2017-12-31": "", "2017-09-30": "", "2017-06-30": "", "2017-03-31": "", "2016-12-31": "", "2016-09-30": "", "2016-06-30": "8.92900", "2016-03-31": "9.43100", "2015-12-31": "", "2015-09-30": "9.59300", "2015-06-30": "37.74600", "2015-03-31": "64.72100", "2014-12-31": "61.30500", "2014-09-30": "70.82800", "2014-06-30": "68.86700", "2014-03-31": "67.56000", "2013-12-31": "66.87500", "2013-09-30": "65.48800", "2013-06-30": "48.48000", "2013-03-31": "43.91400", "2012-12-31": "43.73600", "2012-09-30": "44.17400", "2012-06-30": "44.81500", "2012-03-31": "46.03900", "2011-12-31": "46.74100", "2011-09-30": "47.28000", "2011-06-30": "47.11300", "2011-03-31": "46.79900", "2010-12-31": "46.31400", "2010-09-30": "33.88300", "2010-06-30": "34.13000", "2010-03-31": "34.33000", "2009-12-31": "33.92500", "2009-09-30": "33.56000", "2009-06-30": "32.86500", "2009-03-31": "31.87000", "2008-12-31": "30.10700", "2008-09-30": "32.00900", "2008-06-30": "31.69000", "2008-03-31": "30.55400", "2007-12-31": "29.48600", "2007-09-30": "28.58500", "2007-06-30": "28.21000", "2007-03-31": "27.04000", "2006-12-31": "26.38200", "2006-09-30": "26.34700", "2006-06-30": "25.71000", "2006-03-31": "20.28300", "2005-12-31": "20.04200", "2005-09-30": "17.81500", "2005-06-30": "17.79300", "2005-03-31": "18.00500"}, "Goodwill And Intangible Assets": {"2020-09-30": "1707.00000", "2020-06-30": "1723.00000", "2020-03-31": "1742.00000", "2019-12-31": "1784.00000", "2019-09-30": "1801.00000", "2019-06-30": "1842.00000", "2019-03-31": "1798.00000", "2018-12-31": "1661.00000", "2018-09-30": "1699.00000", "2018-06-30": "1724.00000", "2018-03-31": "1764.00000", "2017-12-31": "1789.00000", "2017-09-30": "1813.39200", "2017-06-30": "1823.69700", "2017-03-31": "1720.01900", "2016-12-31": "1734.00000", "2016-09-30": "1715.90200", "2016-06-30": "208.37600", "2016-03-31": "213.50800", "2015-12-31": "213.40400", "2015-09-30": "218.65200", "2015-06-30": "213.96800", "2015-03-31": "207.25400", "2014-12-31": "218.43100", "2014-09-30": "222.72800", "2014-06-30": "155.39400", "2014-03-31": "157.08600", "2013-12-31": "159.04600", "2013-09-30": "159.37600", "2013-06-30": "161.32400", "2013-03-31": "48.10800", "2012-12-31": "48.29200", "2012-09-30": "", "2012-06-30": "", "2012-03-31": "", "2011-12-31": "49.06300", "2011-09-30": "", "2011-06-30": "", "2011-03-31": "", "2010-12-31": "", "2010-09-30": "", "2010-06-30": "", "2010-03-31": "", "2009-12-31": "", "2009-09-30": "", "2009-06-30": "", "2009-03-31": "", "2008-12-31": "", "2008-09-30": "", "2008-06-30": "", "2008-03-31": "", "2007-12-31": "", "2007-09-30": "", "2007-06-30": "", "2007-03-31": "", "2006-12-31": "", "2006-09-30": "", "2006-06-30": "", "2006-03-31": "", "2005-12-31": "", "2005-09-30": "", "2005-06-30": "", "2005-03-31": ""}, "Other Long-Term Assets": {"2020-09-30": "247.00000", "2020-06-30": "266.00000", "2020-03-31": "273.00000", "2019-12-31": "268.00000", "2019-09-30": "565.00000", "2019-06-30": "566.00000", "2019-03-31": "559.00000", "2018-12-31": "251.00000", "2018-09-30": "499.00000", "2018-06-30": "460.00000", "2018-03-31": "434.00000", "2017-12-31": "412.00000", "2017-09-30": "", "2017-06-30": "", "2017-03-31": "", "2016-12-31": "328.00000", "2016-09-30": "", "2016-06-30": "", "2016-03-31": "", "2015-12-31": "", "2015-09-30": "", "2015-06-30": "", "2015-03-31": "", "2014-12-31": "", "2014-09-30": "", "2014-06-30": "", "2014-03-31": "", "2013-12-31": "", "2013-09-30": "", "2013-06-30": "", "2013-03-31": "112.61600", "2012-12-31": "", "2012-09-30": "107.99700", "2012-06-30": "116.60100", "2012-03-31": "224.57600", "2011-12-31": "96.28300", "2011-09-30": "248.13800", "2011-06-30": "232.46000", "2011-03-31": "245.53300", "2010-12-31": "261.53600", "2010-09-30": "287.69200", "2010-06-30": "206.28200", "2010-03-31": "221.64700", "2009-12-31": "229.74200", "2009-09-30": "246.45900", "2009-06-30": "250.71200", "2009-03-31": "264.46400", "2008-12-31": "260.44100", "2008-09-30": "275.62000", "2008-06-30": "276.98300", "2008-03-31": "319.58500", "2007-12-31": "321.45200", "2007-09-30": "120.37500", "2007-06-30": "119.96200", "2007-03-31": "126.13300", "2006-12-31": "129.02600", "2006-09-30": "62.58100", "2006-06-30": "49.72700", "2006-03-31": "43.59700", "2005-12-31": "41.05200", "2005-09-30": "40.40000", "2005-06-30": "42.75700", "2005-03-31": "44.35000"}, "Total Long-Term Assets": {"2020-09-30": "10313.00000", "2020-06-30": "10390.00000", "2020-03-31": "10395.00000", "2019-12-31": "10519.00000", "2019-09-30": "9625.00000", "2019-06-30": "9621.00000", "2019-03-31": "9477.00000", "2018-12-31": "8760.00000", "2018-09-30": "8717.00000", "2018-06-30": "8652.00000", "2018-03-31": "8645.00000", "2017-12-31": "8613.00000", "2017-09-30": "8544.59200", "2017-06-30": "8508.07100", "2017-03-31": "8473.54200", "2016-12-31": "8482.00000", "2016-09-30": "8477.30500", "2016-06-30": "3730.52300", "2016-03-31": "3532.66700", "2015-12-31": "3394.09600", "2015-09-30": "3275.97500", "2015-06-30": "3244.77000", "2015-03-31": "3177.62300", "2014-12-31": "3202.70300", "2014-09-30": "3174.33500", "2014-06-30": "2546.86600", "2014-03-31": "2484.69300", "2013-12-31": "2411.82700", "2013-09-30": "2280.59800", "2013-06-30": "2107.21200", "2013-03-31": "1833.94700", "2012-12-31": "1660.78300", "2012-09-30": "1546.36900", "2012-06-30": "1471.16800", "2012-03-31": "1534.17100", "2011-12-31": "1510.66500", "2011-09-30": "1490.92600", "2011-06-30": "1459.27100", "2011-03-31": "1465.51700", "2010-12-31": "1478.18400", "2010-09-30": "1486.98500", "2010-06-30": "1413.04400", "2010-03-31": "1439.32200", "2009-12-31": "1457.97800", "2009-09-30": "1466.02900", "2009-06-30": "1484.53500", "2009-03-31": "1507.08200", "2008-12-31": "1488.00000", "2008-09-30": "1489.20100", "2008-06-30": "1468.47200", "2008-03-31": "1493.36300", "2007-12-31": "1477.15000", "2007-09-30": "1248.57100", "2007-06-30": "1235.04500", "2007-03-31": "1229.53700", "2006-12-31": "1232.31100", "2006-09-30": "998.46000", "2006-06-30": "976.22800", "2006-03-31": "942.12600", "2005-12-31": "924.32600", "2005-09-30": "914.06100", "2005-06-30": "922.36900", "2005-03-31": "916.22700"}, "Total Assets": {"2020-09-30": "13694.00000", "2020-06-30": "13555.00000", "2020-03-31": "14163.00000", "2019-12-31": "13261.00000", "2019-09-30": "13107.00000", "2019-06-30": "12216.00000", "2019-03-31": "12104.00000", "2018-12-31": "11602.00000", "2018-09-30": "11721.00000", "2018-06-30": "11346.00000", "2018-03-31": "11604.00000", "2017-12-31": "12076.00000", "2017-09-30": "11244.13000", "2017-06-30": "10885.71000", "2017-03-31": "10724.83000", "2016-12-31": "10890.00000", "2016-09-30": "10897.05000", "2016-06-30": "5920.56400", "2016-03-31": "5724.40100", "2015-12-31": "5569.28500", "2015-09-30": "5524.40500", "2015-06-30": "5411.01000", "2015-03-31": "5179.78500", "2014-12-31": "5213.99000", "2014-09-30": "5126.28300", "2014-06-30": "4369.36900", "2014-03-31": "4171.95600", "2013-12-31": "4060.90900", "2013-09-30": "3923.44900", "2013-06-30": "3708.33500", "2013-03-31": "3559.22500", "2012-12-31": "3412.19600", "2012-09-30": "3544.17400", "2012-06-30": "3441.93800", "2012-03-31": "3330.04700", "2011-12-31": "3266.82100", "2011-09-30": "3207.17900", "2011-06-30": "3147.80000", "2011-03-31": "3006.86800", "2010-12-31": "2954.14400", "2010-09-30": "2667.93500", "2010-06-30": "2544.13700", "2010-03-31": "2466.95500", "2009-12-31": "2446.35600", "2009-09-30": "2411.41300", "2009-06-30": "2334.84400", "2009-03-31": "2288.22000", "2008-12-31": "2286.98900", "2008-09-30": "2596.81100", "2008-06-30": "2685.97200", "2008-03-31": "2526.32200", "2007-12-31": "2569.33500", "2007-09-30": "2314.84600", "2007-06-30": "2172.38000", "2007-03-31": "2110.48100", "2006-12-31": "2082.09800", "2006-09-30": "1972.10200", "2006-06-30": "1942.36300", "2006-03-31": "1817.45500", "2005-12-31": "1827.18900", "2005-09-30": "1703.79900", "2005-06-30": "1647.96900", "2005-03-31": "1628.30900"}, "Total Current Liabilities": {"2020-09-30": "1218.00000", "2020-06-30": "1109.00000", "2020-03-31": "1024.00000", "2019-12-31": "1241.00000", "2019-09-30": "1238.00000", "2019-06-30": "1254.00000", "2019-03-31": "1226.00000", "2018-12-31": "1183.00000", "2018-09-30": "1301.00000", "2018-06-30": "1186.00000", "2018-03-31": "1653.00000", "2017-12-31": "1967.00000", "2017-09-30": "1170.27600", "2017-06-30": "1030.92100", "2017-03-31": "943.43100", "2016-12-31": "1183.00000", "2016-09-30": "1204.65000", "2016-06-30": "620.10100", "2016-03-31": "506.16100", "2015-12-31": "522.64200", "2015-09-30": "534.88700", "2015-06-30": "534.65800", "2015-03-31": "453.20700", "2014-12-31": "537.18000", "2014-09-30": "573.03600", "2014-06-30": "386.92900", "2014-03-31": "359.93400", "2013-12-31": "404.85800", "2013-09-30": "432.68600", "2013-06-30": "394.45600", "2013-03-31": "399.81500", "2012-12-31": "398.51000", "2012-09-30": "362.80700", "2012-06-30": "338.07700", "2012-03-31": "311.96300", "2011-12-31": "364.59500", "2011-09-30": "331.56200", "2011-06-30": "329.63200", "2011-03-31": "277.37100", "2010-12-31": "323.57800", "2010-09-30": "273.70400", "2010-06-30": "304.92400", "2010-03-31": "289.66400", "2009-12-31": "286.56600", "2009-09-30": "263.66800", "2009-06-30": "261.59900", "2009-03-31": "212.15900", "2008-12-31": "212.28800", "2008-09-30": "391.78900", "2008-06-30": "465.00100", "2008-03-31": "350.71100", "2007-12-31": "441.26200", "2007-09-30": "367.35000", "2007-06-30": "339.02300", "2007-03-31": "306.55200", "2006-12-31": "321.91200", "2006-09-30": "269.95300", "2006-06-30": "301.09100", "2006-03-31": "244.86900", "2005-12-31": "305.84900", "2005-09-30": "270.69400", "2005-06-30": "236.40100", "2005-03-31": "261.95800"}, "Long Term Debt": {"2020-09-30": "3681.00000", "2020-06-30": "3745.00000", "2020-03-31": "4432.00000", "2019-12-31": "3445.00000", "2019-09-30": "3424.00000", "2019-06-30": "2669.00000", "2019-03-31": "2669.00000", "2018-12-31": "2668.00000", "2018-09-30": "2667.00000", "2018-06-30": "2666.00000", "2018-03-31": "2666.00000", "2017-12-31": "3127.00000", "2017-09-30": "3349.40200", "2017-06-30": "3489.90000", "2017-03-31": "3601.64200", "2016-12-31": "3679.00000", "2016-09-30": "3680.58500", "2016-06-30": "758.45300", "2016-03-31": "758.30000", "2015-12-31": "758.14800", "2015-09-30": "764.08600", "2015-06-30": "764.05600", "2015-03-31": "764.02700", "2014-12-31": "763.99700", "2014-09-30": "763.96800", "2014-06-30": "763.93800", "2014-03-31": "763.90900", "2013-12-31": "763.87900", "2013-09-30": "763.84900", "2013-06-30": "763.82000", "2013-03-31": "763.79000", "2012-12-31": "763.76100", "2012-09-30": "763.73100", "2012-06-30": "764.60400", "2012-03-31": "764.58300", "2011-12-31": "764.56300", "2011-09-30": "764.54300", "2011-06-30": "764.52200", "2011-03-31": "764.50200", "2010-12-31": "764.48200", "2010-09-30": "610.46100", "2010-06-30": "515.44100", "2010-03-31": "515.42000", "2009-12-31": "515.40000", "2009-09-30": "515.38000", "2009-06-30": "510.35900", "2009-03-31": "510.33900", "2008-12-31": "510.31900", "2008-09-30": "515.94800", "2008-06-30": "549.43800", "2008-03-31": "554.80700", "2007-12-31": "511.41400", "2007-09-30": "335.21700", "2007-06-30": "260.19600", "2007-03-31": "280.87600", "2006-12-31": "260.15600", "2006-09-30": "260.13500", "2006-06-30": "260.11500", "2006-03-31": "260.09400", "2005-12-31": "265.68900", "2005-09-30": "265.98900", "2005-06-30": "266.28900", "2005-03-31": "266.58900"}, "Other Non-Current Liabilities": {"2020-09-30": "181.00000", "2020-06-30": "188.00000", "2020-03-31": "185.00000", "2019-12-31": "202.00000", "2019-09-30": "195.00000", "2019-06-30": "200.00000", "2019-03-31": "178.00000", "2018-12-31": "179.00000", "2018-09-30": "178.00000", "2018-06-30": "163.00000", "2018-03-31": "177.00000", "2017-12-31": "158.00000", "2017-09-30": "144.32900", "2017-06-30": "140.39800", "2017-03-31": "135.19700", "2016-12-31": "121.00000", "2016-09-30": "146.52600", "2016-06-30": "139.58700", "2016-03-31": "145.78600", "2015-12-31": "28.14000", "2015-09-30": "170.77000", "2015-06-30": "162.77700", "2015-03-31": "157.13000", "2014-12-31": "174.85900", "2014-09-30": "153.15800", "2014-06-30": "31.63900", "2014-03-31": "32.33800", "2013-12-31": "35.59300", "2013-09-30": "51.69100", "2013-06-30": "50.78400", "2013-03-31": "49.85400", "2012-12-31": "51.37900", "2012-09-30": "48.81400", "2012-06-30": "49.78400", "2012-03-31": "49.51800", "2011-12-31": "50.56000", "2011-09-30": "46.60400", "2011-06-30": "47.96500", "2011-03-31": "47.34700", "2010-12-31": "45.49600", "2010-09-30": "49.12100", "2010-06-30": "49.51300", "2010-03-31": "47.95300", "2009-12-31": "49.79000", "2009-09-30": "45.44100", "2009-06-30": "45.38300", "2009-03-31": "45.21700", "2008-12-31": "44.83600", "2008-09-30": "39.00300", "2008-06-30": "39.91400", "2008-03-31": "42.73100", "2007-12-31": "42.02400", "2007-09-30": "48.16200", "2007-06-30": "47.36700", "2007-03-31": "45.91800", "2006-12-31": "44.66100", "2006-09-30": "38.95600", "2006-06-30": "37.72500", "2006-03-31": "42.05700", "2005-12-31": "40.45700", "2005-09-30": "35.45000", "2005-06-30": "33.79900", "2005-03-31": "35.65700"}, "Total Long Term Liabilities": {"2020-09-30": "5988.00000", "2020-06-30": "6009.00000", "2020-03-31": "6701.00000", "2019-12-31": "5617.00000", "2019-09-30": "5507.00000", "2019-06-30": "4703.00000", "2019-03-31": "4693.00000", "2018-12-31": "4343.00000", "2018-09-30": "4332.00000", "2018-06-30": "4314.00000", "2018-03-31": "4310.00000", "2017-12-31": "4740.00000", "2017-09-30": "5522.35000", "2017-06-30": "5645.74300", "2017-03-31": "5748.56700", "2016-12-31": "5815.00000", "2016-09-30": "5868.26200", "2016-06-30": "1563.02700", "2016-03-31": "1513.83800", "2015-12-31": "1484.71200", "2015-09-30": "1469.68000", "2015-06-30": "1459.17700", "2015-03-31": "1455.83600", "2014-12-31": "1474.92200", "2014-09-30": "1430.89900", "2014-06-30": "1254.36700", "2014-03-31": "1243.45000", "2013-12-31": "1237.44800", "2013-09-30": "1225.70600", "2013-06-30": "1201.39300", "2013-03-31": "1169.61900", "2012-12-31": "1141.43000", "2012-09-30": "1147.93900", "2012-06-30": "1151.55000", "2012-03-31": "1155.05400", "2011-12-31": "1145.91400", "2011-09-30": "1146.49400", "2011-06-30": "1144.34000", "2011-03-31": "1134.99000", "2010-12-31": "1125.49600", "2010-09-30": "974.64790", "2010-06-30": "881.10600", "2010-03-31": "873.90600", "2009-12-31": "874.80800", "2009-09-30": "870.11700", "2009-06-30": "825.58900", "2009-03-31": "844.95290", "2008-12-31": "835.64100", "2008-09-30": "846.12800", "2008-06-30": "886.54300", "2008-03-31": "886.73200", "2007-12-31": "841.40300", "2007-09-30": "680.03200", "2007-06-30": "603.76400", "2007-03-31": "612.41700", "2006-12-31": "586.64500", "2006-09-30": "529.84800", "2006-06-30": "529.81200", "2006-03-31": "527.81800", "2005-12-31": "527.23400", "2005-09-30": "511.06900", "2005-06-30": "535.21500", "2005-03-31": "536.88700"}, "Total Liabilities": {"2020-09-30": "7206.00000", "2020-06-30": "7118.00000", "2020-03-31": "7725.00000", "2019-12-31": "6858.00000", "2019-09-30": "6745.00000", "2019-06-30": "5957.00000", "2019-03-31": "5919.00000", "2018-12-31": "5526.00000", "2018-09-30": "5633.00000", "2018-06-30": "5500.00000", "2018-03-31": "5963.00000", "2017-12-31": "6707.00000", "2017-09-30": "6692.62600", "2017-06-30": "6676.66400", "2017-03-31": "6691.99800", "2016-12-31": "6998.00000", "2016-09-30": "7072.91200", "2016-06-30": "2183.12800", "2016-03-31": "2019.99900", "2015-12-31": "2007.35400", "2015-09-30": "2004.56700", "2015-06-30": "1993.83500", "2015-03-31": "1909.04300", "2014-12-31": "2012.10200", "2014-09-30": "2003.93500", "2014-06-30": "1641.29600", "2014-03-31": "1603.38400", "2013-12-31": "1642.30600", "2013-09-30": "1658.39200", "2013-06-30": "1595.84900", "2013-03-31": "1569.43400", "2012-12-31": "1539.94000", "2012-09-30": "1510.74600", "2012-06-30": "1489.62700", "2012-03-31": "1467.01700", "2011-12-31": "1510.50900", "2011-09-30": "1478.05600", "2011-06-30": "1473.97200", "2011-03-31": "1412.36100", "2010-12-31": "1449.07400", "2010-09-30": "1248.35200", "2010-06-30": "1186.03000", "2010-03-31": "1163.57000", "2009-12-31": "1161.37400", "2009-09-30": "1133.78500", "2009-06-30": "1087.18800", "2009-03-31": "1057.11200", "2008-12-31": "1047.92900", "2008-09-30": "1237.91700", "2008-06-30": "1351.54400", "2008-03-31": "1237.44300", "2007-12-31": "1282.66500", "2007-09-30": "1047.38200", "2007-06-30": "942.78700", "2007-03-31": "918.96900", "2006-12-31": "908.55700", "2006-09-30": "799.80100", "2006-06-30": "830.90300", "2006-03-31": "772.68700", "2005-12-31": "833.08300", "2005-09-30": "781.76300", "2005-06-30": "771.61600", "2005-03-31": "798.84500"}, "Common Stock Net": {"2020-09-30": "1.00000", "2020-06-30": "1.00000", "2020-03-31": "1.00000", "2019-12-31": "1.00000", "2019-09-30": "1.00000", "2019-06-30": "1.00000", "2019-03-31": "1.00000", "2018-12-31": "1.00000", "2018-09-30": "1.00000", "2018-06-30": "1.00000", "2018-03-31": "1.00000", "2017-12-31": "1.00000", "2017-09-30": "1.34700", "2017-06-30": "1.34700", "2017-03-31": "1.34700", "2016-12-31": "1.00000", "2016-09-30": "1.34700", "2016-06-30": "1.34700", "2016-03-31": "1.34700", "2015-12-31": "1.34700", "2015-09-30": "1.34700", "2015-06-30": "1.34700", "2015-03-31": "1.34700", "2014-12-31": "1.34700", "2014-09-30": "1.34700", "2014-06-30": "1.34700", "2014-03-31": "1.34700", "2013-12-31": "1.34600", "2013-09-30": "0.67300", "2013-06-30": "0.67300", "2013-03-31": "0.67200", "2012-12-31": "0.67200", "2012-09-30": "0.67000", "2012-06-30": "0.66900", "2012-03-31": "0.66700", "2011-12-31": "0.66600", "2011-09-30": "0.66600", "2011-06-30": "0.66600", "2011-03-31": "0.66600", "2010-12-31": "0.66300", "2010-09-30": "0.66200", "2010-06-30": "0.66100", "2010-03-31": "0.66100", "2009-12-31": "0.66000", "2009-09-30": "0.66000", "2009-06-30": "0.65900", "2009-03-31": "0.65900", "2008-12-31": "0.65700", "2008-09-30": "0.65700", "2008-06-30": "0.65600", "2008-03-31": "0.65500", "2007-12-31": "0.65500", "2007-09-30": "0.65500", "2007-06-30": "0.65500", "2007-03-31": "0.65500", "2006-12-31": "0.65300", "2006-09-30": "0.65200", "2006-06-30": "0.65200", "2006-03-31": "0.65200", "2005-12-31": "0.65100", "2005-09-30": "0.65100", "2005-06-30": "0.65000", "2005-03-31": "0.65000"}, "Retained Earnings (Accumulated Deficit)": {"2020-09-30": "5863.00000", "2020-06-30": "5840.00000", "2020-03-31": "5860.00000", "2019-12-31": "5757.00000", "2019-09-30": "5724.00000", "2019-06-30": "5600.00000", "2019-03-31": "5513.00000", "2018-12-31": "5477.00000", "2018-09-30": "5400.00000", "2018-06-30": "5125.00000", "2018-03-31": "4874.00000", "2017-12-31": "4613.00000", "2017-09-30": "3837.64400", "2017-06-30": "3653.98800", "2017-03-31": "3525.82000", "2016-12-31": "3412.00000", "2016-09-30": "3337.96800", "2016-06-30": "3296.92200", "2016-03-31": "3209.41500", "2015-12-31": "3109.98700", "2015-09-30": "3022.71700", "2015-06-30": "2863.06900", "2015-03-31": "2679.90600", "2014-12-31": "2555.52800", "2014-09-30": "2394.20300", "2014-06-30": "2248.51300", "2014-03-31": "2095.90400", "2013-12-31": "1954.66100", "2013-09-30": "1798.72100", "2013-06-30": "1643.51500", "2013-03-31": "1510.26600", "2012-12-31": "1399.47200", "2012-09-30": "1567.37100", "2012-06-30": "1492.91400", "2012-03-31": "1382.33700", "2011-12-31": "1299.43800", "2011-09-30": "1277.90100", "2011-06-30": "1214.88400", "2011-03-31": "1138.06300", "2010-12-31": "1058.73700", "2010-09-30": "978.87100", "2010-06-30": "920.34100", "2010-03-31": "867.20300", "2009-12-31": "853.35800", "2009-09-30": "844.69900", "2009-06-30": "818.72700", "2009-03-31": "805.33700", "2008-12-31": "814.87300", "2008-09-30": "927.88600", "2008-06-30": "903.96900", "2008-03-31": "859.97800", "2007-12-31": "857.87200", "2007-09-30": "842.32100", "2007-06-30": "807.25400", "2007-03-31": "771.98200", "2006-12-31": "754.92100", "2006-09-30": "743.13500", "2006-06-30": "684.08600", "2006-03-31": "618.71000", "2005-12-31": "569.16400", "2005-09-30": "497.33200", "2005-06-30": "455.59500", "2005-03-31": "408.45100"}, "Comprehensive Income": {"2020-09-30": "-69.00000", "2020-06-30": "-87.00000", "2020-03-31": "-106.00000", "2019-12-31": "-74.00000", "2019-09-30": "-66.00000", "2019-06-30": "-50.00000", "2019-03-31": "-64.00000", "2018-12-31": "-62.00000", "2018-09-30": "-24.00000", "2018-06-30": "-33.00000", "2018-03-31": "3.00000", "2017-12-31": "7.00000", "2017-09-30": "-13.94600", "2017-06-30": "-53.82400", "2017-03-31": "-103.63600", "2016-12-31": "-121.00000", "2016-09-30": "-108.12600", "2016-06-30": "-82.10100", "2016-03-31": "-90.66300", "2015-12-31": "-129.29200", "2015-09-30": "-121.86500", "2015-06-30": "-119.92400", "2015-03-31": "-137.66200", "2014-12-31": "-79.43300", "2014-09-30": "-36.43300", "2014-06-30": "-0.13200", "2014-03-31": "-1.78200", "2013-12-31": "-2.61600", "2013-09-30": "-10.92100", "2013-06-30": "-11.72600", "2013-03-31": "-11.03200", "2012-12-31": "-10.84000", "2012-09-30": "-8.16300", "2012-06-30": "-9.86500", "2012-03-31": "2.73600", "2011-12-31": "-9.07000", "2011-09-30": "-18.14000", "2011-06-30": "-11.76700", "2011-03-31": "-12.05300", "2010-12-31": "-12.32800", "2010-09-30": "-13.04200", "2010-06-30": "-13.37400", "2010-03-31": "-13.70600", "2009-12-31": "-15.85600", "2009-09-30": "-12.32200", "2009-06-30": "-12.65600", "2009-03-31": "-12.98900", "2008-12-31": "-13.33900", "2008-09-30": "-8.57600", "2008-06-30": "-8.79500", "2008-03-31": "-9.01400", "2007-12-31": "-9.23400", "2007-09-30": "-12.18600", "2007-06-30": "-12.18600", "2007-03-31": "-12.18600", "2006-12-31": "-12.18600", "2006-09-30": "-1.97600", "2006-06-30": "-1.97600", "2006-03-31": "-1.97600", "2005-12-31": "-1.97600", "2005-09-30": "-1.73900", "2005-06-30": "-1.73900", "2005-03-31": "-1.73900"}, "Other Share Holders Equity": {"2020-09-30": "", "2020-06-30": "", "2020-03-31": "", "2019-12-31": "", "2019-09-30": "", "2019-06-30": "", "2019-03-31": "", "2018-12-31": "", "2018-09-30": "", "2018-06-30": "", "2018-03-31": "", "2017-12-31": "", "2017-09-30": "", "2017-06-30": "", "2017-03-31": "", "2016-12-31": "", "2016-09-30": "", "2016-06-30": "", "2016-03-31": "", "2015-12-31": "", "2015-09-30": "", "2015-06-30": "", "2015-03-31": "", "2014-12-31": "", "2014-09-30": "", "2014-06-30": "", "2014-03-31": "", "2013-12-31": "", "2013-09-30": "", "2013-06-30": "", "2013-03-31": "", "2012-12-31": "", "2012-09-30": "", "2012-06-30": "", "2012-03-31": "5.40000", "2011-12-31": "", "2011-09-30": "4.56500", "2011-06-30": "5.61900", "2011-03-31": "5.82800", "2010-12-31": "5.29500", "2010-09-30": "4.54200", "2010-06-30": "4.17200", "2010-03-31": "4.91300", "2009-12-31": "4.35100", "2009-09-30": "3.82600", "2009-06-30": "2.50800", "2009-03-31": "1.19900", "2008-12-31": "1.28800", "2008-09-30": "4.39600", "2008-06-30": "5.32600", "2008-03-31": "5.11700", "2007-12-31": "6.18000", "2007-09-30": "6.27200", "2007-06-30": "4.50900", "2007-03-31": "2.56400", "2006-12-31": "2.26000", "2006-09-30": "3.83700", "2006-06-30": "3.60300", "2006-03-31": "2.80200", "2005-12-31": "2.70100", "2005-09-30": "2.76100", "2005-06-30": "1.33400", "2005-03-31": "1.58900"}, "Share Holder Equity": {"2020-09-30": "6488.00000", "2020-06-30": "6437.00000", "2020-03-31": "6438.00000", "2019-12-31": "6403.00000", "2019-09-30": "6362.00000", "2019-06-30": "6259.00000", "2019-03-31": "6185.00000", "2018-12-31": "6076.00000", "2018-09-30": "6088.00000", "2018-06-30": "5846.00000", "2018-03-31": "5641.00000", "2017-12-31": "5369.00000", "2017-09-30": "4551.49900", "2017-06-30": "4209.04300", "2017-03-31": "4032.83200", "2016-12-31": "3892.00000", "2016-09-30": "3824.13700", "2016-06-30": "3737.43600", "2016-03-31": "3704.40200", "2015-12-31": "3561.93100", "2015-09-30": "3519.83800", "2015-06-30": "3417.17500", "2015-03-31": "3270.74200", "2014-12-31": "3201.88800", "2014-09-30": "3122.34800", "2014-06-30": "2728.07300", "2014-03-31": "2568.57200", "2013-12-31": "2418.60300", "2013-09-30": "2265.05700", "2013-06-30": "2112.48600", "2013-03-31": "1989.79100", "2012-12-31": "1872.25600", "2012-09-30": "2033.42800", "2012-06-30": "1952.31100", "2012-03-31": "1863.03000", "2011-12-31": "1756.31200", "2011-09-30": "1729.12300", "2011-06-30": "1673.82800", "2011-03-31": "1594.50700", "2010-12-31": "1505.07000", "2010-09-30": "1419.58300", "2010-06-30": "1358.10700", "2010-03-31": "1303.38500", "2009-12-31": "1284.98200", "2009-09-30": "1277.62800", "2009-06-30": "1247.65600", "2009-03-31": "1231.10800", "2008-12-31": "1239.06000", "2008-09-30": "1358.89400", "2008-06-30": "1334.42800", "2008-03-31": "1288.87900", "2007-12-31": "1286.67000", "2007-09-30": "1267.46400", "2007-06-30": "1229.59300", "2007-03-31": "1191.51200", "2006-12-31": "1173.54100", "2006-09-30": "1172.30100", "2006-06-30": "1111.46000", "2006-03-31": "1044.76800", "2005-12-31": "994.10600", "2005-09-30": "922.03600", "2005-06-30": "876.35300", "2005-03-31": "829.46400"}, "Total Liabilities And Share Holders Equity": {"2020-09-30": "13694.00000", "2020-06-30": "13555.00000", "2020-03-31": "14163.00000", "2019-12-31": "13261.00000", "2019-09-30": "13107.00000", "2019-06-30": "12216.00000", "2019-03-31": "12104.00000", "2018-12-31": "11602.00000", "2018-09-30": "11721.00000", "2018-06-30": "11346.00000", "2018-03-31": "11604.00000", "2017-12-31": "12076.00000", "2017-09-30": "11244.13000", "2017-06-30": "10885.71000", "2017-03-31": "10724.83000", "2016-12-31": "10890.00000", "2016-09-30": "10897.05000", "2016-06-30": "5920.56400", "2016-03-31": "5724.40100", "2015-12-31": "5569.28500", "2015-09-30": "5524.40500", "2015-06-30": "5411.01000", "2015-03-31": "5179.78500", "2014-12-31": "5213.99000", "2014-09-30": "5126.28300", "2014-06-30": "4369.36900", "2014-03-31": "4171.95600", "2013-12-31": "4060.90900", "2013-09-30": "3923.44900", "2013-06-30": "3708.33500", "2013-03-31": "3559.22500", "2012-12-31": "3412.19600", "2012-09-30": "3544.17400", "2012-06-30": "3441.93800", "2012-03-31": "3330.04700", "2011-12-31": "3266.82100", "2011-09-30": "3207.17900", "2011-06-30": "3147.80000", "2011-03-31": "3006.86800", "2010-12-31": "2954.14400", "2010-09-30": "2667.93500", "2010-06-30": "2544.13700", "2010-03-31": "2466.95500", "2009-12-31": "2446.35600", "2009-09-30": "2411.41300", "2009-06-30": "2334.84400", "2009-03-31": "2288.22000", "2008-12-31": "2286.98900", "2008-09-30": "2596.81100", "2008-06-30": "2685.97200", "2008-03-31": "2526.32200", "2007-12-31": "2569.33500", "2007-09-30": "2314.84600", "2007-06-30": "2172.38000", "2007-03-31": "2110.48100", "2006-12-31": "2082.09800", "2006-09-30": "1972.10200", "2006-06-30": "1942.36300", "2006-03-31": "1817.45500", "2005-12-31": "1827.18900", "2005-09-30": "1703.79900", "2005-06-30": "1647.96900", "2005-03-31": "1628.30900"}}, "cash flow statement": {"Net Income/Loss": {"2019-12-31": "462.00000", "2018-12-31": "1034.00000", "2017-12-31": "1339.00000", "2016-12-31": "420.00000", "2015-12-31": "665.00000", "2014-12-31": "685.01600", "2013-12-31": "610.42500", "2012-12-31": "385.55500", "2011-12-31": "258.96600", "2010-12-31": "221.39300", "2009-12-31": "52.99500", "2008-12-31": "-29.54300", "2007-12-31": "114.72900", "2006-12-31": "194.55900", "2005-12-31": "226.81700"}, "Total Depreciation And Amortization - Cash Flow": {"2019-12-31": "713.00000", "2018-12-31": "641.00000", "2017-12-31": "601.00000", "2016-12-31": "378.00000", "2015-12-31": "246.00000", "2014-12-31": "210.15900", "2013-12-31": "159.26700", "2012-12-31": "146.05500", "2011-12-31": "133.08000", "2010-12-31": "130.88600", "2009-12-31": "124.66000", "2008-12-31": "112.88000", "2007-12-31": "104.27400", "2006-12-31": "87.11200", "2005-12-31": "82.69700"}, "Other Non-Cash Items": {"2019-12-31": "129.00000", "2018-12-31": "108.00000", "2017-12-31": "-492.00000", "2016-12-31": "75.00000", "2015-12-31": "42.00000", "2014-12-31": "72.60400", "2013-12-31": "106.39200", "2012-12-31": "-19.66500", "2011-12-31": "21.38800", "2010-12-31": "19.60300", "2009-12-31": "37.25300", "2008-12-31": "9.86000", "2007-12-31": "6.50700", "2006-12-31": "21.57500", "2005-12-31": "51.54100"}, "Total Non-Cash Items": {"2019-12-31": "842.00000", "2018-12-31": "749.00000", "2017-12-31": "109.00000", "2016-12-31": "453.00000", "2015-12-31": "288.00000", "2014-12-31": "282.76300", "2013-12-31": "265.65900", "2012-12-31": "126.39000", "2011-12-31": "154.46800", "2010-12-31": "150.48900", "2009-12-31": "161.91300", "2008-12-31": "122.74000", "2007-12-31": "110.78100", "2006-12-31": "108.68700", "2005-12-31": "134.23800"}, "Change In Accounts Receivable": {"2019-12-31": "59.00000", "2018-12-31": "-58.00000", "2017-12-31": "-40.00000", "2016-12-31": "50.00000", "2015-12-31": "63.00000", "2014-12-31": "33.16100", "2013-12-31": "-14.83000", "2012-12-31": "6.45000", "2011-12-31": "-45.76600", "2010-12-31": "-33.47800", "2009-12-31": "5.66700", "2008-12-31": "148.85200", "2007-12-31": "-200.65700", "2006-12-31": "-7.41100", "2005-12-31": "-66.22500"}, "Change In Inventories": {"2019-12-31": "112.00000", "2018-12-31": "-123.00000", "2017-12-31": "-32.00000", "2016-12-31": "-62.00000", "2015-12-31": "99.00000", "2014-12-31": "51.08700", "2013-12-31": "-46.63300", "2012-12-31": "91.47900", "2011-12-31": "-40.74900", "2010-12-31": "-80.61100", "2009-12-31": "-41.45000", "2008-12-31": "199.90400", "2007-12-31": "-71.59500", "2006-12-31": "-47.27500", "2005-12-31": "-20.05400"}, "Change In Accounts Payable": {"2019-12-31": "-89.00000", "2018-12-31": "-100.00000", "2017-12-31": "86.00000", "2016-12-31": "12.00000", "2015-12-31": "-22.00000", "2014-12-31": "-97.23700", "2013-12-31": "13.82000", "2012-12-31": "-12.72500", "2011-12-31": "20.31100", "2010-12-31": "25.64400", "2009-12-31": "67.04400", "2008-12-31": "-202.86500", "2007-12-31": "77.44100", "2006-12-31": "59.15000", "2005-12-31": "49.71800"}, "Change In Assets/Liabilities": {"2019-12-31": "-1.00000", "2018-12-31": "-1.00000", "2017-12-31": "26.00000", "2016-12-31": "11.00000", "2015-12-31": "-4.00000", "2014-12-31": "7.46100", "2013-12-31": "-0.47500", "2012-12-31": "-2.20500", "2011-12-31": "2.98700", "2010-12-31": "-7.21700", "2009-12-31": "-0.23600", "2008-12-31": "7.39400", "2007-12-31": "1.85400", "2006-12-31": "-6.72400", "2005-12-31": "-0.61700"}, "Total Change In Assets/Liabilities": {"2019-12-31": "68.00000", "2018-12-31": "-290.00000", "2017-12-31": "155.00000", "2016-12-31": "59.00000", "2015-12-31": "128.00000", "2014-12-31": "69.46100", "2013-12-31": "-63.26500", "2012-12-31": "115.38000", "2011-12-31": "-44.43200", "2010-12-31": "-85.75200", "2009-12-31": "39.33300", "2008-12-31": "126.10200", "2007-12-31": "-149.64400", "2006-12-31": "-17.80900", "2005-12-31": "-34.43100"}, "Cash Flow From Operating Activities": {"2019-12-31": "1301.00000", "2018-12-31": "1409.00000", "2017-12-31": "1528.00000", "2016-12-31": "867.00000", "2015-12-31": "1079.00000", "2014-12-31": "1032.37600", "2013-12-31": "752.72900", "2012-12-31": "612.08700", "2011-12-31": "358.93500", "2010-12-31": "283.28400", "2009-12-31": "235.52200", "2008-12-31": "186.08900", "2007-12-31": "62.16600", "2006-12-31": "237.18400", "2005-12-31": "318.44700"}, "Net Change In Property, Plant, And Equipment": {"2019-12-31": "-787.00000", "2018-12-31": "-702.00000", "2017-12-31": "-577.00000", "2016-12-31": "-629.00000", "2015-12-31": "-491.00000", "2014-12-31": "-430.92300", "2013-12-31": "-679.20700", "2012-12-31": "-390.71900", "2011-12-31": "-173.96300", "2010-12-31": "-80.35500", "2009-12-31": "-96.51400", "2008-12-31": "-171.75300", "2007-12-31": "-135.53500", "2006-12-31": "-136.03600", "2005-12-31": "-85.72300"}, "Net Change In Intangible Assets": {"2019-12-31": "", "2018-12-31": "", "2017-12-31": "", "2016-12-31": "", "2015-12-31": "", "2014-12-31": "", "2013-12-31": "", "2012-12-31": "", "2011-12-31": "", "2010-12-31": "", "2009-12-31": "", "2008-12-31": "", "2007-12-31": "", "2006-12-31": "", "2005-12-31": ""}, "Net Acquisitions/Divestitures": {"2019-12-31": "-314.00000", "2018-12-31": "", "2017-12-31": "-13.00000", "2016-12-31": "-2438.00000", "2015-12-31": "16.00000", "2014-12-31": "-611.08700", "2013-12-31": "-178.30900", "2012-12-31": "", "2011-12-31": "", "2010-12-31": "", "2009-12-31": "-6.29700", "2008-12-31": "", "2007-12-31": "8.04300", "2006-12-31": "-235.67400", "2005-12-31": ""}, "Net Change In Short-term Investments": {"2019-12-31": "", "2018-12-31": "", "2017-12-31": "", "2016-12-31": "", "2015-12-31": "", "2014-12-31": "340.21400", "2013-12-31": "-121.55100", "2012-12-31": "0.43100", "2011-12-31": "0.25100", "2010-12-31": "9.49400", "2009-12-31": "-0.85900", "2008-12-31": "-0.19900", "2007-12-31": "2.99500", "2006-12-31": "-28.05200", "2005-12-31": ""}, "Net Change In Long-Term Investments": {"2019-12-31": "-862.00000", "2018-12-31": "-68.00000", "2017-12-31": "-66.00000", "2016-12-31": "508.00000", "2015-12-31": "-528.00000", "2014-12-31": "-71.40900", "2013-12-31": "-23.33800", "2012-12-31": "-80.17900", "2011-12-31": "-30.26500", "2010-12-31": "-10.17700", "2009-12-31": "", "2008-12-31": "", "2007-12-31": "-0.30800", "2006-12-31": "-4.57400", "2005-12-31": "-1.86700"}, "Net Change In Investments - Total": {"2019-12-31": "-862.00000", "2018-12-31": "-68.00000", "2017-12-31": "-66.00000", "2016-12-31": "508.00000", "2015-12-31": "-528.00000", "2014-12-31": "268.80500", "2013-12-31": "-144.88900", "2012-12-31": "-79.74800", "2011-12-31": "-30.01400", "2010-12-31": "-0.68300", "2009-12-31": "-0.85900", "2008-12-31": "-0.19900", "2007-12-31": "2.68700", "2006-12-31": "-32.62600", "2005-12-31": "-1.86700"}, "Investing Activities - Other": {"2019-12-31": "9.00000", "2018-12-31": "16.00000", "2017-12-31": "4.00000", "2016-12-31": "-4.00000", "2015-12-31": "-3.00000", "2014-12-31": "", "2013-12-31": "0.16700", "2012-12-31": "3.49600", "2011-12-31": "1.19200", "2010-12-31": "0.76300", "2009-12-31": "0.48400", "2008-12-31": "", "2007-12-31": "", "2006-12-31": "", "2005-12-31": ""}, "Cash Flow From Investing Activities": {"2019-12-31": "-1954.00000", "2018-12-31": "-754.00000", "2017-12-31": "-652.00000", "2016-12-31": "-2563.00000", "2015-12-31": "-1006.00000", "2014-12-31": "-773.20500", "2013-12-31": "-1002.23800", "2012-12-31": "-466.97100", "2011-12-31": "-202.78500", "2010-12-31": "-80.27500", "2009-12-31": "-103.18600", "2008-12-31": "-171.95200", "2007-12-31": "-124.80500", "2006-12-31": "-404.33600", "2005-12-31": "-87.59000"}, "Net Long-Term Debt": {"2019-12-31": "", "2018-12-31": "", "2017-12-31": "-700.00000", "2016-12-31": "-125.00000", "2015-12-31": "53.00000", "2014-12-31": "", "2013-12-31": "", "2012-12-31": "-1.18200", "2011-12-31": "", "2010-12-31": "", "2009-12-31": "", "2008-12-31": "-1.17700", "2007-12-31": "1.17700", "2006-12-31": "-6.81500", "2005-12-31": "-31.20000"}, "Net Current Debt": {"2019-12-31": "2.00000", "2018-12-31": "-1165.00000", "2017-12-31": "721.00000", "2016-12-31": "2024.00000", "2015-12-31": "-74.00000", "2014-12-31": "", "2013-12-31": "", "2012-12-31": "", "2011-12-31": "", "2010-12-31": "", "2009-12-31": "", "2008-12-31": "", "2007-12-31": "", "2006-12-31": "", "2005-12-31": ""}, "Debt Issuance/Retirement Net - Total": {"2019-12-31": "2.00000", "2018-12-31": "-1165.00000", "2017-12-31": "21.00000", "2016-12-31": "1899.00000", "2015-12-31": "-21.00000", "2014-12-31": "", "2013-12-31": "", "2012-12-31": "-1.18200", "2011-12-31": "", "2010-12-31": "", "2009-12-31": "", "2008-12-31": "-1.17700", "2007-12-31": "1.17700", "2006-12-31": "-6.81500", "2005-12-31": "-31.20000"}, "Net Common Equity Issued/Repurchased": {"2019-12-31": "-30.00000", "2018-12-31": "-106.00000", "2017-12-31": "", "2016-12-31": "-67.00000", "2015-12-31": "-163.00000", "2014-12-31": "-47.10600", "2013-12-31": "-29.48100", "2012-12-31": "-0.41500", "2011-12-31": "2.82600", "2010-12-31": "3.74500", "2009-12-31": "0.87900", "2008-12-31": "0.20800", "2007-12-31": "0.32800", "2006-12-31": "1.84900", "2005-12-31": "1.18400"}, "Net Total Equity Issued/Repurchased": {"2019-12-31": "-30.00000", "2018-12-31": "-106.00000", "2017-12-31": "", "2016-12-31": "-67.00000", "2015-12-31": "-163.00000", "2014-12-31": "-47.10600", "2013-12-31": "-29.48100", "2012-12-31": "-0.41500", "2011-12-31": "2.82600", "2010-12-31": "3.74500", "2009-12-31": "0.87900", "2008-12-31": "0.20800", "2007-12-31": "0.32800", "2006-12-31": "1.84900", "2005-12-31": "1.18400"}, "Total Common And Preferred Stock Dividends Paid": {"2019-12-31": "-132.00000", "2018-12-31": "-120.00000", "2017-12-31": "-103.00000", "2016-12-31": "-97.00000", "2015-12-31": "-92.00000", "2014-12-31": "-77.65600", "2013-12-31": "-55.23600", "2012-12-31": "-285.52100", "2011-12-31": "-18.26500", "2010-12-31": "-16.01400", "2009-12-31": "-14.51000", "2008-12-31": "-13.45600", "2007-12-31": "-11.77800", "2006-12-31": "-8.80200", "2005-12-31": "-6.34200"}, "Financial Activities - Other": {"2019-12-31": "790.00000", "2018-12-31": "-36.00000", "2017-12-31": "88.00000", "2016-12-31": "-48.00000", "2015-12-31": "-11.00000", "2014-12-31": "289.40200", "2013-12-31": "5.44900", "2012-12-31": "106.17900", "2011-12-31": "54.89100", "2010-12-31": "193.96700", "2009-12-31": "36.64800", "2008-12-31": "65.61300", "2007-12-31": "45.18000", "2006-12-31": "-4.32900", "2005-12-31": ""}, "Cash Flow From Financial Activities": {"2019-12-31": "630.00000", "2018-12-31": "-1427.00000", "2017-12-31": "6.00000", "2016-12-31": "1687.00000", "2015-12-31": "-287.00000", "2014-12-31": "164.64000", "2013-12-31": "-79.26800", "2012-12-31": "-180.93900", "2011-12-31": "39.45200", "2010-12-31": "181.69800", "2009-12-31": "23.01700", "2008-12-31": "51.18800", "2007-12-31": "34.90700", "2006-12-31": "-18.09700", "2005-12-31": "-36.35800"}, "Net Cash Flow": {"2019-12-31": "-25.00000", "2018-12-31": "-779.00000", "2017-12-31": "908.00000", "2016-12-31": "-17.00000", "2015-12-31": "-218.00000", "2014-12-31": "419.30000", "2013-12-31": "-328.77700", "2012-12-31": "-35.82300", "2011-12-31": "195.60200", "2010-12-31": "384.70700", "2009-12-31": "155.35300", "2008-12-31": "65.32500", "2007-12-31": "-27.73200", "2006-12-31": "-185.24900", "2005-12-31": "194.49900"}, "Stock-Based Compensation": {"2019-12-31": "25.00000", "2018-12-31": "22.00000", "2017-12-31": "23.00000", "2016-12-31": "14.00000", "2015-12-31": "10.00000", "2014-12-31": "9.26100", "2013-12-31": "6.96600", "2012-12-31": "6.12700", "2011-12-31": "6.39100", "2010-12-31": "6.16400", "2009-12-31": "5.63800", "2008-12-31": "4.17800", "2007-12-31": "2.87300", "2006-12-31": "1.73100", "2005-12-31": "0.49800"}, "Common Stock Dividends Paid": {"2019-12-31": "-132.00000", "2018-12-31": "-120.00000", "2017-12-31": "-103.00000", "2016-12-31": "-97.00000", "2015-12-31": "-92.00000", "2014-12-31": "-77.65600", "2013-12-31": "-55.23600", "2012-12-31": "-285.52100", "2011-12-31": "-18.26500", "2010-12-31": "-16.01400", "2009-12-31": "-14.51000", "2008-12-31": "-13.45600", "2007-12-31": "-11.77800", "2006-12-31": "-8.80200", "2005-12-31": "-6.34200"}}, "cash flow statement, quarterly": {"Net Income/Loss": {"2020-09-30": 69, "2020-06-30": 24, "2020-03-31": "157.00000", "2019-12-31": 85, "2019-09-30": 166, "2019-06-30": 129, "2019-03-31": "82.00000", "2018-12-31": 131, "2018-09-30": 318, "2018-06-30": 288, "2018-03-31": "297.00000", "2017-12-31": 816, "2017-09-30": 219, "2017-06-30": 159, "2017-03-31": "145.00000", "2016-12-31": 105.43, "2016-09-30": 70.014, "2016-06-30": 115.62, "2016-03-31": "128.93600", "2015-12-31": 116.112, "2015-09-30": 188.42, "2015-06-30": 210.061, "2015-03-31": "150.40700", "2014-12-31": 187.385, "2014-09-30": 170.156, "2014-06-30": 169.443, "2014-03-31": "158.03200", "2013-12-31": 170.972, "2013-09-30": 170.29, "2013-06-30": 145.816, "2013-03-31": "123.34700", "2012-12-31": 95.277, "2012-09-30": 86.964, "2012-06-30": 115.501, "2012-03-31": "87.81300", "2011-12-31": 26.443, "2011-09-30": 67.93, "2011-06-30": 81.049, "2011-03-31": "83.54400", "2010-12-31": 84.073, "2010-09-30": 62.731, "2010-06-30": 56.942, "2010-03-31": "17.64700", "2009-12-31": 12.453, "2009-09-30": 29.766, "2009-06-30": 16.851, "2009-03-31": "-6.07500", "2008-12-31": -109.567, "2008-09-30": 27.364, "2008-06-30": 47.273, "2008-03-31": "5.38700", "2007-12-31": 18.826, "2007-09-30": 38.341, "2007-06-30": 37.89, "2007-03-31": "19.67200", "2006-12-31": 14.397, "2006-09-30": 61.656, "2006-06-30": 67.169, "2006-03-31": "51.33700", "2005-12-31": 73.622, "2005-09-30": 43.526, "2005-06-30": 48.526, "2005-03-31": "61.14300"}, "Total Depreciation And Amortization - Cash Flow": {"2020-09-30": 196, "2020-06-30": 191, "2020-03-31": "190.00000", "2019-12-31": 188, "2019-09-30": 178, "2019-06-30": 176, "2019-03-31": "171.00000", "2018-12-31": 168, "2018-09-30": 161, "2018-06-30": 156, "2018-03-31": "156.00000", "2017-12-31": 152, "2017-09-30": 154, "2017-06-30": 145, "2017-03-31": "150.00000", "2016-12-31": 149.789, "2016-09-30": 94.83, "2016-06-30": 67.447, "2016-03-31": "65.93400", "2015-12-31": 64.267, "2015-09-30": 61.75, "2015-06-30": 60.841, "2015-03-31": "59.14200", "2014-12-31": 60.593, "2014-09-30": 54.362, "2014-06-30": 48.867, "2014-03-31": "46.33700", "2013-12-31": 41.88, "2013-09-30": 41.092, "2013-06-30": 40.574, "2013-03-31": "35.72100", "2012-12-31": 35.305, "2012-09-30": 38.772, "2012-06-30": 36.184, "2012-03-31": "35.79400", "2011-12-31": 33.547, "2011-09-30": 33.287, "2011-06-30": 33.23, "2011-03-31": "33.01600", "2010-12-31": 32.816, "2010-09-30": 33.161, "2010-06-30": 32.487, "2010-03-31": "32.42200", "2009-12-31": 32.282, "2009-09-30": 31.79, "2009-06-30": 31.283, "2009-03-31": "29.30500", "2008-12-31": 30.691, "2008-09-30": 28.373, "2008-06-30": 27.596, "2008-03-31": "26.22000", "2007-12-31": 26.282, "2007-09-30": 26.898, "2007-06-30": 26.55, "2007-03-31": "24.54400", "2006-12-31": 24.477, "2006-09-30": 21.267, "2006-06-30": 20.606, "2006-03-31": "20.76200", "2005-12-31": 20.948, "2005-09-30": 19.462, "2005-06-30": 20.817, "2005-03-31": "21.47000"}, "Other Non-Cash Items": {"2020-09-30": 102, "2020-06-30": -13, "2020-03-31": "135.00000", "2019-12-31": 40, "2019-09-30": 18, "2019-06-30": 20, "2019-03-31": "51.00000", "2018-12-31": 12, "2018-09-30": 25, "2018-06-30": 50, "2018-03-31": "21.00000", "2017-12-31": -543, "2017-09-30": 19, "2017-06-30": 29, "2017-03-31": "3.00000", "2016-12-31": 8.923, "2016-09-30": -45.582, "2016-06-30": 50.142, "2016-03-31": "61.51700", "2015-12-31": 43.302, "2015-09-30": 12.734, "2015-06-30": -16.16, "2015-03-31": "2.12400", "2014-12-31": 38.723, "2014-09-30": 17.472, "2014-06-30": 8.954, "2014-03-31": "7.45500", "2013-12-31": 69.258, "2013-09-30": -30.94, "2013-06-30": 38.351, "2013-03-31": "29.72300", "2012-12-31": -9.722, "2012-09-30": 0.179, "2012-06-30": -9.111, "2012-03-31": "-1.01100", "2011-12-31": -4.28, "2011-09-30": 5.216, "2011-06-30": 11.191, "2011-03-31": "9.26100", "2010-12-31": 0.44, "2010-09-30": 9.829, "2010-06-30": 7.333, "2010-03-31": "2.00100", "2009-12-31": 3.152, "2009-09-30": 44.766, "2009-06-30": -18.519, "2009-03-31": "7.85400", "2008-12-31": -0.375, "2008-09-30": -2.256, "2008-06-30": 8.98, "2008-03-31": "3.51100", "2007-12-31": -10.116, "2007-09-30": 2.113, "2007-06-30": 10.829, "2007-03-31": "3.68100", "2006-12-31": 7.034, "2006-09-30": 0.654, "2006-06-30": 6.079, "2006-03-31": "7.80800", "2005-12-31": 20.875, "2005-09-30": 7.37, "2005-06-30": 10.553, "2005-03-31": "12.74300"}, "Total Non-Cash Items": {"2020-09-30": 298, "2020-06-30": 178, "2020-03-31": "325.00000", "2019-12-31": 228, "2019-09-30": 196, "2019-06-30": 196, "2019-03-31": "222.00000", "2018-12-31": 180, "2018-09-30": 186, "2018-06-30": 206, "2018-03-31": "177.00000", "2017-12-31": -391, "2017-09-30": 173, "2017-06-30": 174, "2017-03-31": "153.00000", "2016-12-31": 158.712, "2016-09-30": 49.248, "2016-06-30": 117.589, "2016-03-31": "127.45100", "2015-12-31": 107.569, "2015-09-30": 74.484, "2015-06-30": 44.681, "2015-03-31": "61.26600", "2014-12-31": 99.316, "2014-09-30": 71.834, "2014-06-30": 57.821, "2014-03-31": "53.79200", "2013-12-31": 111.138, "2013-09-30": 10.152, "2013-06-30": 78.925, "2013-03-31": "65.44400", "2012-12-31": 25.583, "2012-09-30": 38.951, "2012-06-30": 27.073, "2012-03-31": "34.78300", "2011-12-31": 29.267, "2011-09-30": 38.503, "2011-06-30": 44.421, "2011-03-31": "42.27700", "2010-12-31": 33.256, "2010-09-30": 42.99, "2010-06-30": 39.82, "2010-03-31": "34.42300", "2009-12-31": 35.434, "2009-09-30": 76.556, "2009-06-30": 12.764, "2009-03-31": "37.15900", "2008-12-31": 30.316, "2008-09-30": 26.117, "2008-06-30": 36.576, "2008-03-31": "29.73100", "2007-12-31": 16.166, "2007-09-30": 29.011, "2007-06-30": 37.379, "2007-03-31": "28.22500", "2006-12-31": 31.511, "2006-09-30": 21.921, "2006-06-30": 26.685, "2006-03-31": "28.57000", "2005-12-31": 41.823, "2005-09-30": 26.832, "2005-06-30": 31.37, "2005-03-31": "34.21300"}, "Change In Accounts Receivable": {"2020-09-30": -123, "2020-06-30": 112, "2020-03-31": "-240.00000", "2019-12-31": 64, "2019-09-30": 114, "2019-06-30": -78, "2019-03-31": "-41.00000", "2018-12-31": 194, "2018-09-30": 20, "2018-06-30": -139, "2018-03-31": "-133.00000", "2017-12-31": 145, "2017-09-30": -43, "2017-06-30": -77, "2017-03-31": "-65.00000", "2016-12-31": 142.311, "2016-09-30": -19.315, "2016-06-30": -36.672, "2016-03-31": "-36.32400", "2015-12-31": 8.063, "2015-09-30": 77.317, "2015-06-30": -40.897, "2015-03-31": "18.51700", "2014-12-31": 27.106, "2014-09-30": 33.422, "2014-06-30": -32.699, "2014-03-31": "5.33200", "2013-12-31": 4.044, "2013-09-30": 42.62, "2013-06-30": -53.577, "2013-03-31": "-7.91700", "2012-12-31": -7.282, "2012-09-30": 24.837, "2012-06-30": 26.615, "2012-03-31": "-37.72000", "2011-12-31": 54.758, "2011-09-30": -32.275, "2011-06-30": -20.909, "2011-03-31": "-47.34000", "2010-12-31": -2.883, "2010-09-30": 66.19, "2010-06-30": -31.128, "2010-03-31": "-65.65700", "2009-12-31": 2.145, "2009-09-30": -22.315, "2009-06-30": -40.565, "2009-03-31": "66.40200", "2008-12-31": 206.456, "2008-09-30": 77.024, "2008-06-30": -177.418, "2008-03-31": "42.79000", "2007-12-31": -71.33, "2007-09-30": -36.52, "2007-06-30": 23.185, "2007-03-31": "-115.99200", "2006-12-31": 25.559, "2006-09-30": -12.106, "2006-06-30": -46.38, "2006-03-31": "25.51600", "2005-12-31": 52.994, "2005-09-30": -98.887, "2005-06-30": 32.032, "2005-03-31": "-52.36400"}, "Change In Inventories": {"2020-09-30": 21, "2020-06-30": 95, "2020-03-31": "-8.00000", "2019-12-31": -24, "2019-09-30": 11, "2019-06-30": 106, "2019-03-31": "19.00000", "2018-12-31": -81, "2018-09-30": -33, "2018-06-30": 32, "2018-03-31": "-41.00000", "2017-12-31": -56, "2017-09-30": 3, "2017-06-30": 40, "2017-03-31": "-19.00000", "2016-12-31": -55.876, "2016-09-30": 6.595, "2016-06-30": 28.159, "2016-03-31": "-40.87800", "2015-12-31": -6.899, "2015-09-30": 55.784, "2015-06-30": 14.136, "2015-03-31": "35.97900", "2014-12-31": -29.405, "2014-09-30": 46.132, "2014-06-30": 1.49, "2014-03-31": "32.87000", "2013-12-31": -20.308, "2013-09-30": -24.432, "2013-06-30": 6.883, "2013-03-31": "-8.77600", "2012-12-31": -27.761, "2012-09-30": 35.587, "2012-06-30": 15.281, "2012-03-31": "68.37200", "2011-12-31": -24.529, "2011-09-30": 41.95, "2011-06-30": -61.941, "2011-03-31": "3.77100", "2010-12-31": -94.225, "2010-09-30": 14.222, "2010-06-30": 28.387, "2010-03-31": "-28.99500", "2009-12-31": -57.388, "2009-09-30": -25.262, "2009-06-30": -2.894, "2009-03-31": "44.09400", "2008-12-31": 163.218, "2008-09-30": 23.277, "2008-06-30": 17.589, "2008-03-31": "-4.18000", "2007-12-31": -61.472, "2007-09-30": -1.88, "2007-06-30": -46.868, "2007-03-31": "38.62500", "2006-12-31": -74.217, "2006-09-30": 30.165, "2006-06-30": -3.504, "2006-03-31": "0.28100", "2005-12-31": -53.282, "2005-09-30": 21.606, "2005-06-30": 9.987, "2005-03-31": "1.63500"}, "Change In Accounts Payable": {"2020-09-30": 9, "2020-06-30": 10, "2020-03-31": "-2.00000", "2019-12-31": -40, "2019-09-30": -9, "2019-06-30": -33, "2019-03-31": "-7.00000", "2018-12-31": -136, "2018-09-30": 47, "2018-06-30": 2, "2018-03-31": "-13.00000", "2017-12-31": 25, "2017-09-30": -21, "2017-06-30": 33, "2017-03-31": "49.00000", "2016-12-31": -22.109, "2016-09-30": -20.285, "2016-06-30": 30.642, "2016-03-31": "23.75200", "2015-12-31": 8.511, "2015-09-30": -28.184, "2015-06-30": 1.298, "2015-03-31": "-3.62500", "2014-12-31": 1.532, "2014-09-30": -76.779, "2014-06-30": 7.716, "2014-03-31": "-29.70600", "2013-12-31": -5.698, "2013-09-30": 14.301, "2013-06-30": -9.516, "2013-03-31": "14.73300", "2012-12-31": 22.926, "2012-09-30": -18.608, "2012-06-30": 11.095, "2012-03-31": "-28.13800", "2011-12-31": 29.869, "2011-09-30": -28.92, "2011-06-30": 41.843, "2011-03-31": "-22.48100", "2010-12-31": 55.866, "2010-09-30": -33.399, "2010-06-30": -13.106, "2010-03-31": "16.28300", "2009-12-31": 17.047, "2009-09-30": 16.476, "2009-06-30": 12.703, "2009-03-31": "20.81800", "2008-12-31": -162.08, "2008-09-30": -68.277, "2008-06-30": 82.385, "2008-03-31": "-54.89300", "2007-12-31": 48.131, "2007-09-30": 6.549, "2007-06-30": 39.809, "2007-03-31": "-17.04800", "2006-12-31": 91.744, "2006-09-30": -33.306, "2006-06-30": 29.801, "2006-03-31": "-29.08900", "2005-12-31": 60.432, "2005-09-30": -7.422, "2005-06-30": -24.483, "2005-03-31": "21.19100"}, "Change In Assets/Liabilities": {"2020-09-30": 8, "2020-06-30": -23, "2020-03-31": "7.00000", "2019-12-31": 6, "2019-09-30": 1, "2019-06-30": -12, "2019-03-31": "4.00000", "2018-12-31": 2, "2018-09-30": 10, "2018-06-30": -15, "2018-03-31": "2.00000", "2017-12-31": 9, "2017-09-30": 12, "2017-06-30": -1, "2017-03-31": "6.00000", "2016-12-31": 9.369, "2016-09-30": 14.217, "2016-06-30": -1.795, "2016-03-31": "-10.79100", "2015-12-31": 1.496, "2015-09-30": 5.348, "2015-06-30": -4.642, "2015-03-31": "-6.20200", "2014-12-31": 7.003, "2014-09-30": 5.938, "2014-06-30": -4.002, "2014-03-31": "-1.47800", "2013-12-31": 4.563, "2013-09-30": 2.909, "2013-06-30": -5.87, "2013-03-31": "-2.07700", "2012-12-31": -0.228, "2012-09-30": 0.943, "2012-06-30": -1.309, "2012-03-31": "-1.61100", "2011-12-31": -1.052, "2011-09-30": 8.967, "2011-06-30": -6.532, "2011-03-31": "1.60400", "2010-12-31": 0.685, "2010-09-30": 2.816, "2010-06-30": -5.621, "2010-03-31": "-5.09700", "2009-12-31": 2.844, "2009-09-30": 1.238, "2009-06-30": -0.862, "2009-03-31": "-3.45600", "2008-12-31": 6.755, "2008-09-30": 7.843, "2008-06-30": -10.448, "2008-03-31": "3.24400", "2007-12-31": -7.016, "2007-09-30": 7.43, "2007-06-30": -4.19, "2007-03-31": "5.63000", "2006-12-31": -6.518, "2006-09-30": 1.866, "2006-06-30": -2.283, "2006-03-31": "0.21100", "2005-12-31": -2.285, "2005-09-30": 1.585, "2005-06-30": -1.469, "2005-03-31": "1.55200"}, "Total Change In Assets/Liabilities": {"2020-09-30": 4, "2020-06-30": 265, "2020-03-31": "-389.00000", "2019-12-31": 27, "2019-09-30": 145, "2019-06-30": 31, "2019-03-31": "-135.00000", "2018-12-31": -38, "2018-09-30": 123, "2018-06-30": -142, "2018-03-31": "-233.00000", "2017-12-31": 181, "2017-09-30": 95, "2017-06-30": 30, "2017-03-31": "-151.00000", "2016-12-31": 48.538, "2016-09-30": 55.986, "2016-06-30": 72.974, "2016-03-31": "-118.49800", "2015-12-31": 14.064, "2015-09-30": 139.898, "2015-06-30": -11.046, "2015-03-31": "-14.91600", "2014-12-31": -30.74, "2014-09-30": 107.047, "2014-06-30": -8.912, "2014-03-31": "2.06600", "2013-12-31": -16.791, "2013-09-30": 52.025, "2013-06-30": -79.792, "2013-03-31": "-18.70700", "2012-12-31": -0.041, "2012-09-30": 69.205, "2012-06-30": 66.96, "2012-03-31": "-20.74400", "2011-12-31": 63.501, "2011-09-30": 16.558, "2011-06-30": -34.694, "2011-03-31": "-89.79700", "2010-12-31": -48.007, "2010-09-30": 53.321, "2010-06-30": 5.585, "2010-03-31": "-96.65100", "2009-12-31": -29.501, "2009-09-30": -44.27, "2009-06-30": 5.119, "2009-03-31": "107.98500", "2008-12-31": 198.111, "2008-09-30": 33.655, "2008-06-30": -56.967, "2008-03-31": "-48.69700", "2007-12-31": -65.906, "2007-09-30": -2.643, "2007-06-30": 4.598, "2007-03-31": "-85.69300", "2006-12-31": 0.971, "2006-09-30": -3.158, "2006-06-30": -1.821, "2006-03-31": "-13.80100", "2005-12-31": 29.413, "2005-09-30": -41.403, "2005-06-30": 14.993, "2005-03-31": "-37.43400"}, "Cash Flow From Operating Activities": {"2020-09-30": 357, "2020-06-30": 448, "2020-03-31": "61.00000", "2019-12-31": 333, "2019-09-30": 501, "2019-06-30": 320, "2019-03-31": "147.00000", "2018-12-31": 254, "2018-09-30": 606, "2018-06-30": 324, "2018-03-31": "225.00000", "2017-12-31": 566, "2017-09-30": 482, "2017-06-30": 323, "2017-03-31": "157.00000", "2016-12-31": 322.84, "2016-09-30": 174.268, "2016-06-30": 240.957, "2016-03-31": "128.93500", "2015-12-31": 237.7, "2015-09-30": 405.945, "2015-06-30": 244.799, "2015-03-31": "190.55600", "2014-12-31": 256.252, "2014-09-30": 343.882, "2014-06-30": 219.737, "2014-03-31": "212.50500", "2013-12-31": 205.229, "2013-09-30": 292.02, "2013-06-30": 139.228, "2013-03-31": "116.25200", "2012-12-31": 119.256, "2012-09-30": 176.685, "2012-06-30": 210.57, "2012-03-31": "105.57600", "2011-12-31": 114.582, "2011-09-30": 119.048, "2011-06-30": 84.645, "2011-03-31": "40.66000", "2010-12-31": 68.303, "2010-09-30": 159.387, "2010-06-30": 110.672, "2010-03-31": "-55.07800", "2009-12-31": 22.066, "2009-09-30": 60.104, "2009-06-30": 33.049, "2009-03-31": "120.30300", "2008-12-31": 109.503, "2008-09-30": 84.633, "2008-06-30": 20.207, "2008-03-31": "-28.25400", "2007-12-31": -32.835, "2007-09-30": 60.823, "2007-06-30": 76.592, "2007-03-31": "-42.41400", "2006-12-31": 23.316, "2006-09-30": 66.968, "2006-06-30": 80.141, "2006-03-31": "66.75900", "2005-12-31": 143.321, "2005-09-30": 31.428, "2005-06-30": 91.442, "2005-03-31": "52.25600"}, "Net Change In Property, Plant, And Equipment": {"2020-09-30": -112, "2020-06-30": -127, "2020-03-31": "-164.00000", "2019-12-31": -183, "2019-09-30": -193, "2019-06-30": -208, "2019-03-31": "-203.00000", "2018-12-31": -195, "2018-09-30": -195, "2018-06-30": -158, "2018-03-31": "-154.00000", "2017-12-31": -163, "2017-09-30": -133, "2017-06-30": -147, "2017-03-31": "-134.00000", "2016-12-31": -161.883, "2016-09-30": -180.062, "2016-06-30": -150.831, "2016-03-31": "-136.22400", "2015-12-31": -161.781, "2015-09-30": -125.286, "2015-06-30": -108.111, "2015-03-31": "-95.82200", "2014-12-31": -119.885, "2014-09-30": -94.139, "2014-06-30": -106.17, "2014-03-31": "-110.72900", "2013-12-31": -180.859, "2013-09-30": -200.401, "2013-06-30": -147.165, "2013-03-31": "-150.78200", "2012-12-31": -150.207, "2012-09-30": -98.599, "2012-06-30": -77.014, "2012-03-31": "-64.89900", "2011-12-31": -64.596, "2011-09-30": -42.645, "2011-06-30": -38.544, "2011-03-31": "-28.17800", "2010-12-31": -29.967, "2010-09-30": -19.74, "2010-06-30": -15.929, "2010-03-31": "-14.71900", "2009-12-31": -34.738, "2009-09-30": -14.664, "2009-06-30": -14.32, "2009-03-31": "-32.79200", "2008-12-31": -45.163, "2008-09-30": -45.185, "2008-06-30": -38.635, "2008-03-31": "-42.77000", "2007-12-31": -49.273, "2007-09-30": -35.812, "2007-06-30": -31.577, "2007-03-31": "-18.87300", "2006-12-31": -35.397, "2006-09-30": -37.759, "2006-06-30": -34.331, "2006-03-31": "-28.54900", "2005-12-31": -25.034, "2005-09-30": -16.631, "2005-06-30": -26.722, "2005-03-31": "-17.33600"}, "Net Change In Intangible Assets": {"2020-09-30": 0, "2020-06-30": 0, "2020-03-31": "", "2019-12-31": 0, "2019-09-30": 0, "2019-06-30": 0, "2019-03-31": "", "2018-12-31": 0, "2018-09-30": 0, "2018-06-30": 0, "2018-03-31": "", "2017-12-31": 0, "2017-09-30": 0, "2017-06-30": 0, "2017-03-31": "", "2016-12-31": 0, "2016-09-30": 0, "2016-06-30": 0, "2016-03-31": "", "2015-12-31": 0, "2015-09-30": 0, "2015-06-30": 0, "2015-03-31": "", "2014-12-31": 0, "2014-09-30": 0, "2014-06-30": 0, "2014-03-31": "", "2013-12-31": 0, "2013-09-30": 0, "2013-06-30": 0, "2013-03-31": "", "2012-12-31": 0, "2012-09-30": 0, "2012-06-30": 0, "2012-03-31": "", "2011-12-31": 0, "2011-09-30": 0, "2011-06-30": 0, "2011-03-31": "", "2010-12-31": 0, "2010-09-30": 0, "2010-06-30": 0, "2010-03-31": "", "2009-12-31": 0, "2009-09-30": 0, "2009-06-30": 0, "2009-03-31": "", "2008-12-31": 0, "2008-09-30": 0, "2008-06-30": 0, "2008-03-31": "", "2007-12-31": 0, "2007-09-30": 0, "2007-06-30": 0, "2007-03-31": "", "2006-12-31": 0, "2006-09-30": 0, "2006-06-30": 0, "2006-03-31": "", "2005-12-31": 0, "2005-09-30": 0, "2005-06-30": 0, "2005-03-31": ""}, "Net Acquisitions/Divestitures": {"2020-09-30": 0, "2020-06-30": 0, "2020-03-31": "", "2019-12-31": 0, "2019-09-30": 0, "2019-06-30": -78, "2019-03-31": "-236.00000", "2018-12-31": 0, "2018-09-30": 0, "2018-06-30": 0, "2018-03-31": "", "2017-12-31": -13, "2017-09-30": 0, "2017-06-30": 0, "2017-03-31": "", "2016-12-31": -0.171, "2016-09-30": -2437.829, "2016-06-30": 0, "2016-03-31": "", "2015-12-31": 0.218, "2015-09-30": 0, "2015-06-30": 15.782, "2015-03-31": "", "2014-12-31": 0, "2014-09-30": -611.087, "2014-06-30": 0, "2014-03-31": "", "2013-12-31": 0, "2013-09-30": 0, "2013-06-30": -178.309, "2013-03-31": "", "2012-12-31": 0, "2012-09-30": 0, "2012-06-30": 0, "2012-03-31": "", "2011-12-31": 0, "2011-09-30": 0, "2011-06-30": 0, "2011-03-31": "", "2010-12-31": 0, "2010-09-30": 0, "2010-06-30": 0, "2010-03-31": "", "2009-12-31": 0, "2009-09-30": 0, "2009-06-30": 0, "2009-03-31": "-6.29700", "2008-12-31": 0, "2008-09-30": 0, "2008-06-30": 0, "2008-03-31": "", "2007-12-31": 0, "2007-09-30": 0, "2007-06-30": 8.043, "2007-03-31": "", "2006-12-31": -235.674, "2006-09-30": 0, "2006-06-30": 0, "2006-03-31": "", "2005-12-31": 0, "2005-09-30": 0, "2005-06-30": 0, "2005-03-31": ""}, "Net Change In Short-term Investments": {"2020-09-30": 0, "2020-06-30": 0, "2020-03-31": "", "2019-12-31": 0, "2019-09-30": 0, "2019-06-30": 0, "2019-03-31": "", "2018-12-31": 0, "2018-09-30": 0, "2018-06-30": 0, "2018-03-31": "", "2017-12-31": 0, "2017-09-30": 0, "2017-06-30": 0, "2017-03-31": "", "2016-12-31": -658.283, "2016-09-30": 359.223, "2016-06-30": 300.279, "2016-03-31": "-1.21900", "2015-12-31": 1.535, "2015-09-30": -15.398, "2015-06-30": 14.696, "2015-03-31": "-0.83300", "2014-12-31": 340.903, "2014-09-30": -0.399, "2014-06-30": 0.119, "2014-03-31": "-0.40900", "2013-12-31": -119.254, "2013-09-30": 114.172, "2013-06-30": -20.887, "2013-03-31": "-95.58200", "2012-12-31": -0.04, "2012-09-30": -0.04, "2012-06-30": 2.961, "2012-03-31": "-2.45000", "2011-12-31": 30.459, "2011-09-30": -29.986, "2011-06-30": 0, "2011-03-31": "-0.22200", "2010-12-31": 2.358, "2010-09-30": -0.98, "2010-06-30": 0.331, "2010-03-31": "7.78500", "2009-12-31": -2.016, "2009-09-30": 1.002, "2009-06-30": 1.507, "2009-03-31": "-1.35200", "2008-12-31": -0.543, "2008-09-30": -0.191, "2008-06-30": 0.216, "2008-03-31": "0.31900", "2007-12-31": -0.344, "2007-09-30": -0.334, "2007-06-30": -0.142, "2007-03-31": "3.81500", "2006-12-31": 99.743, "2006-09-30": -100.35, "2006-06-30": 0, "2006-03-31": "-27.44500", "2005-12-31": 0, "2005-09-30": 0, "2005-06-30": 0, "2005-03-31": ""}, "Net Change In Long-Term Investments": {"2020-09-30": 5, "2020-06-30": 0, "2020-03-31": "39.00000", "2019-12-31": -817, "2019-09-30": -3, "2019-06-30": 0, "2019-03-31": "-42.00000", "2018-12-31": -5, "2018-09-30": -18, "2018-06-30": -19, "2018-03-31": "-26.00000", "2017-12-31": -19, "2017-09-30": -16, "2017-06-30": -16, "2017-03-31": "-15.00000", "2016-12-31": 650.422, "2016-09-30": -4, "2016-06-30": -128.644, "2016-03-31": "-9.77800", "2015-12-31": -289.379, "2015-09-30": -238.621, "2015-06-30": 0, "2015-03-31": "", "2014-12-31": -342.045, "2014-09-30": 45.923, "2014-06-30": 243.619, "2014-03-31": "-18.90600", "2013-12-31": -7.478, "2013-09-30": -219.532, "2013-06-30": 78.799, "2013-03-31": "124.87300", "2012-12-31": -124.873, "2012-09-30": 1.628, "2012-06-30": 43.066, "2012-03-31": "", "2011-12-31": -30.265, "2011-09-30": 0, "2011-06-30": 0, "2011-03-31": "", "2010-12-31": -10.177, "2010-09-30": 0, "2010-06-30": 0, "2010-03-31": "", "2009-12-31": 0, "2009-09-30": 0, "2009-06-30": 0, "2009-03-31": "", "2008-12-31": 0, "2008-09-30": 0, "2008-06-30": 0, "2008-03-31": "", "2007-12-31": 0, "2007-09-30": 0, "2007-06-30": -0.308, "2007-03-31": "", "2006-12-31": 0, "2006-09-30": 0, "2006-06-30": -4.574, "2006-03-31": "", "2005-12-31": -1.867, "2005-09-30": 0, "2005-06-30": 0, "2005-03-31": ""}, "Net Change In Investments - Total": {"2020-09-30": 5, "2020-06-30": 0, "2020-03-31": "39.00000", "2019-12-31": -817, "2019-09-30": -3, "2019-06-30": 0, "2019-03-31": "-42.00000", "2018-12-31": -5, "2018-09-30": -18, "2018-06-30": -19, "2018-03-31": "-26.00000", "2017-12-31": -19, "2017-09-30": -16, "2017-06-30": -16, "2017-03-31": "-15.00000", "2016-12-31": -7.861, "2016-09-30": 355.223, "2016-06-30": 171.635, "2016-03-31": "-10.99700", "2015-12-31": -287.844, "2015-09-30": -254.019, "2015-06-30": 14.696, "2015-03-31": "-0.83300", "2014-12-31": -1.142, "2014-09-30": 45.524, "2014-06-30": 243.738, "2014-03-31": "-19.31500", "2013-12-31": -126.732, "2013-09-30": -105.36, "2013-06-30": 57.912, "2013-03-31": "29.29100", "2012-12-31": -124.913, "2012-09-30": 1.588, "2012-06-30": 46.027, "2012-03-31": "-2.45000", "2011-12-31": 0.194, "2011-09-30": -29.986, "2011-06-30": 0, "2011-03-31": "-0.22200", "2010-12-31": -7.819, "2010-09-30": -0.98, "2010-06-30": 0.331, "2010-03-31": "7.78500", "2009-12-31": -2.016, "2009-09-30": 1.002, "2009-06-30": 1.507, "2009-03-31": "-1.35200", "2008-12-31": -0.543, "2008-09-30": -0.191, "2008-06-30": 0.216, "2008-03-31": "0.31900", "2007-12-31": -0.344, "2007-09-30": -0.334, "2007-06-30": -0.45, "2007-03-31": "3.81500", "2006-12-31": 99.743, "2006-09-30": -100.35, "2006-06-30": -4.574, "2006-03-31": "-27.44500", "2005-12-31": -1.867, "2005-09-30": 0, "2005-06-30": 0, "2005-03-31": ""}, "Investing Activities - Other": {"2020-09-30": 1, "2020-06-30": -1, "2020-03-31": "-7.00000", "2019-12-31": -6, "2019-09-30": 11, "2019-06-30": -2, "2019-03-31": "6.00000", "2018-12-31": 7, "2018-09-30": 6, "2018-06-30": 1, "2018-03-31": "2.00000", "2017-12-31": 3, "2017-09-30": -1, "2017-06-30": 1, "2017-03-31": "1.00000", "2016-12-31": -4, "2016-09-30": 0, "2016-06-30": 0, "2016-03-31": "", "2015-12-31": -3, "2015-09-30": 0, "2015-06-30": 0, "2015-03-31": "", "2014-12-31": 0, "2014-09-30": 0, "2014-06-30": 0, "2014-03-31": "", "2013-12-31": 0, "2013-09-30": 0, "2013-06-30": 0, "2013-03-31": "0.16700", "2012-12-31": 2.733, "2012-09-30": 0.167, "2012-06-30": 0.429, "2012-03-31": "0.16700", "2011-12-31": 0.429, "2011-09-30": 0.167, "2011-06-30": 0.429, "2011-03-31": "0.16700", "2010-12-31": 0.43, "2010-09-30": 0.166, "2010-06-30": 0, "2010-03-31": "0.16700", "2009-12-31": 0, "2009-09-30": 0.484, "2009-06-30": 0, "2009-03-31": "", "2008-12-31": 0, "2008-09-30": 0, "2008-06-30": 0, "2008-03-31": "", "2007-12-31": 0, "2007-09-30": 0, "2007-06-30": 0, "2007-03-31": "", "2006-12-31": 0, "2006-09-30": 0, "2006-06-30": 0, "2006-03-31": "", "2005-12-31": 0, "2005-09-30": 0, "2005-06-30": 0, "2005-03-31": ""}, "Cash Flow From Investing Activities": {"2020-09-30": -106, "2020-06-30": -128, "2020-03-31": "-132.00000", "2019-12-31": -1006, "2019-09-30": -185, "2019-06-30": -288, "2019-03-31": "-475.00000", "2018-12-31": -193, "2018-09-30": -207, "2018-06-30": -176, "2018-03-31": "-178.00000", "2017-12-31": -192, "2017-09-30": -150, "2017-06-30": -162, "2017-03-31": "-148.00000", "2016-12-31": -173.915, "2016-09-30": -2262.668, "2016-06-30": 20.804, "2016-03-31": "-147.22100", "2015-12-31": -452.407, "2015-09-30": -379.305, "2015-06-30": -77.633, "2015-03-31": "-96.65500", "2014-12-31": -121.027, "2014-09-30": -659.702, "2014-06-30": 137.568, "2014-03-31": "-130.04400", "2013-12-31": -307.591, "2013-09-30": -305.761, "2013-06-30": -267.562, "2013-03-31": "-121.32400", "2012-12-31": -272.387, "2012-09-30": -96.844, "2012-06-30": -30.558, "2012-03-31": "-67.18200", "2011-12-31": -63.973, "2011-09-30": -72.464, "2011-06-30": -38.115, "2011-03-31": "-28.23300", "2010-12-31": -37.356, "2010-09-30": -20.554, "2010-06-30": -15.598, "2010-03-31": "-6.76700", "2009-12-31": -36.754, "2009-09-30": -13.178, "2009-06-30": -12.813, "2009-03-31": "-40.44100", "2008-12-31": -45.706, "2008-09-30": -45.376, "2008-06-30": -38.419, "2008-03-31": "-42.45100", "2007-12-31": -49.617, "2007-09-30": -36.146, "2007-06-30": -23.984, "2007-03-31": "-15.05800", "2006-12-31": -171.328, "2006-09-30": -138.109, "2006-06-30": -38.905, "2006-03-31": "-55.99400", "2005-12-31": -26.901, "2005-09-30": -16.631, "2005-06-30": -26.722, "2005-03-31": "-17.33600"}, "Net Long-Term Debt": {"2020-09-30": -100, "2020-06-30": -701, "2020-03-31": "1000.00000", "2019-12-31": -784, "2019-09-30": 784, "2019-06-30": 0, "2019-03-31": "", "2018-12-31": 0, "2018-09-30": 0, "2018-06-30": 0, "2018-03-31": "", "2017-12-31": -231, "2017-09-30": -137, "2017-06-30": -109, "2017-03-31": "-223.00000", "2016-12-31": -2028.512, "2016-09-30": 1903.512, "2016-06-30": 0, "2016-03-31": "", "2015-12-31": 53, "2015-09-30": 0, "2015-06-30": 0, "2015-03-31": "", "2014-12-31": 0, "2014-09-30": 0, "2014-06-30": 0, "2014-03-31": "", "2013-12-31": 0, "2013-09-30": 0, "2013-06-30": 0, "2013-03-31": "", "2012-12-31": 0, "2012-09-30": -1.182, "2012-06-30": 0, "2012-03-31": "", "2011-12-31": 0, "2011-09-30": 0, "2011-06-30": 0, "2011-03-31": "", "2010-12-31": 0, "2010-09-30": 0, "2010-06-30": 0, "2010-03-31": "", "2009-12-31": 0, "2009-09-30": 0, "2009-06-30": 0, "2009-03-31": "", "2008-12-31": -5.65, "2008-09-30": -33.51, "2008-06-30": -5.39, "2008-03-31": "43.37300", "2007-12-31": -73.823, "2007-09-30": 75, "2007-06-30": -20.7, "2007-03-31": "20.70000", "2006-12-31": 0, "2006-09-30": 0, "2006-06-30": 0, "2006-03-31": "-6.81500", "2005-12-31": -0.3, "2005-09-30": -0.3, "2005-06-30": -0.3, "2005-03-31": "-30.30000"}, "Net Current Debt": {"2020-09-30": -3, "2020-06-30": 13, "2020-03-31": "-27.00000", "2019-12-31": 6, "2019-09-30": -8, "2019-06-30": 8, "2019-03-31": "-4.00000", "2018-12-31": 1, "2018-09-30": 1, "2018-06-30": -465, "2018-03-31": "-702.00000", "2017-12-31": 728, "2017-09-30": -2, "2017-06-30": -3, "2017-03-31": "-2.00000", "2016-12-31": 2029.005, "2016-09-30": -0.221, "2016-06-30": 0.261, "2016-03-31": "-5.04500", "2015-12-31": -60.529, "2015-09-30": -11.564, "2015-06-30": -1.907, "2015-03-31": "", "2014-12-31": 0, "2014-09-30": 0, "2014-06-30": 0, "2014-03-31": "", "2013-12-31": 0, "2013-09-30": 0, "2013-06-30": 0, "2013-03-31": "", "2012-12-31": 0, "2012-09-30": 0, "2012-06-30": 0, "2012-03-31": "", "2011-12-31": 0, "2011-09-30": 0, "2011-06-30": 0, "2011-03-31": "", "2010-12-31": 0, "2010-09-30": 0, "2010-06-30": 0, "2010-03-31": "", "2009-12-31": 0, "2009-09-30": 0, "2009-06-30": 0, "2009-03-31": "", "2008-12-31": 0, "2008-09-30": 0, "2008-06-30": 0, "2008-03-31": "", "2007-12-31": 0, "2007-09-30": 0, "2007-06-30": 0, "2007-03-31": "", "2006-12-31": 0, "2006-09-30": 0, "2006-06-30": 0, "2006-03-31": "", "2005-12-31": 0, "2005-09-30": 0, "2005-06-30": 0, "2005-03-31": ""}, "Debt Issuance/Retirement Net - Total": {"2020-09-30": -103, "2020-06-30": -688, "2020-03-31": "973.00000", "2019-12-31": -778, "2019-09-30": 776, "2019-06-30": 8, "2019-03-31": "-4.00000", "2018-12-31": 1, "2018-09-30": 1, "2018-06-30": -465, "2018-03-31": "-702.00000", "2017-12-31": 497, "2017-09-30": -139, "2017-06-30": -112, "2017-03-31": "-225.00000", "2016-12-31": 0.493, "2016-09-30": 1903.291, "2016-06-30": 0.261, "2016-03-31": "-5.04500", "2015-12-31": -7.529, "2015-09-30": -11.564, "2015-06-30": -1.907, "2015-03-31": "", "2014-12-31": 0, "2014-09-30": 0, "2014-06-30": 0, "2014-03-31": "", "2013-12-31": 0, "2013-09-30": 0, "2013-06-30": 0, "2013-03-31": "", "2012-12-31": 0, "2012-09-30": -1.182, "2012-06-30": 0, "2012-03-31": "", "2011-12-31": 0, "2011-09-30": 0, "2011-06-30": 0, "2011-03-31": "", "2010-12-31": 0, "2010-09-30": 0, "2010-06-30": 0, "2010-03-31": "", "2009-12-31": 0, "2009-09-30": 0, "2009-06-30": 0, "2009-03-31": "", "2008-12-31": -5.65, "2008-09-30": -33.51, "2008-06-30": -5.39, "2008-03-31": "43.37300", "2007-12-31": -73.823, "2007-09-30": 75, "2007-06-30": -20.7, "2007-03-31": "20.70000", "2006-12-31": 0, "2006-09-30": 0, "2006-06-30": 0, "2006-03-31": "-6.81500", "2005-12-31": -0.3, "2005-09-30": -0.3, "2005-06-30": -0.3, "2005-03-31": "-30.30000"}, "Net Common Equity Issued/Repurchased": {"2020-09-30": 0, "2020-06-30": 0, "2020-03-31": "-54.00000", "2019-12-31": 0, "2019-09-30": -73, "2019-06-30": -20, "2019-03-31": "63.00000", "2018-12-31": -57, "2018-09-30": -49, "2018-06-30": 0, "2018-03-31": "", "2017-12-31": 0, "2017-09-30": 0, "2017-06-30": 0, "2017-03-31": "", "2016-12-31": 0.406, "2016-09-30": -0.002, "2016-06-30": -66.725, "2016-03-31": "-0.67900", "2015-12-31": -49.73, "2015-09-30": -51.297, "2015-06-30": -60.13, "2015-03-31": "-1.84300", "2014-12-31": -329.201, "2014-09-30": 277.908, "2014-06-30": 2.029, "2014-03-31": "2.15800", "2013-12-31": -13.254, "2013-09-30": -5.6, "2013-06-30": -12.217, "2013-03-31": "1.59000", "2012-12-31": 3.742, "2012-09-30": 2.119, "2012-06-30": -6.756, "2012-03-31": "0.48000", "2011-12-31": -2.478, "2011-09-30": -0.019, "2011-06-30": 0.503, "2011-03-31": "4.82000", "2010-12-31": 2.465, "2010-09-30": 0.578, "2010-06-30": 0.358, "2010-03-31": "0.34400", "2009-12-31": 0.107, "2009-09-30": 0.73, "2009-06-30": 0.028, "2009-03-31": "0.01400", "2008-12-31": 0, "2008-09-30": 0.208, "2008-06-30": 0, "2008-03-31": "", "2007-12-31": 0.025, "2007-09-30": 0.241, "2007-06-30": 0, "2007-03-31": "0.06200", "2006-12-31": 0.445, "2006-09-30": 1.008, "2006-06-30": 0, "2006-03-31": "0.39600", "2005-12-31": 0.218, "2005-09-30": 0.966, "2005-06-30": 0, "2005-03-31": ""}, "Net Total Equity Issued/Repurchased": {"2020-09-30": 0, "2020-06-30": 0, "2020-03-31": "-54.00000", "2019-12-31": 0, "2019-09-30": -73, "2019-06-30": -20, "2019-03-31": "63.00000", "2018-12-31": -57, "2018-09-30": -49, "2018-06-30": 0, "2018-03-31": "", "2017-12-31": 0, "2017-09-30": 0, "2017-06-30": 0, "2017-03-31": "", "2016-12-31": 0.406, "2016-09-30": -0.002, "2016-06-30": -66.725, "2016-03-31": "-0.67900", "2015-12-31": -49.73, "2015-09-30": -51.297, "2015-06-30": -60.13, "2015-03-31": "-1.84300", "2014-12-31": -329.201, "2014-09-30": 277.908, "2014-06-30": 2.029, "2014-03-31": "2.15800", "2013-12-31": -13.254, "2013-09-30": -5.6, "2013-06-30": -12.217, "2013-03-31": "1.59000", "2012-12-31": 3.742, "2012-09-30": 2.119, "2012-06-30": -6.756, "2012-03-31": "0.48000", "2011-12-31": -2.478, "2011-09-30": -0.019, "2011-06-30": 0.503, "2011-03-31": "4.82000", "2010-12-31": 2.465, "2010-09-30": 0.578, "2010-06-30": 0.358, "2010-03-31": "0.34400", "2009-12-31": 0.107, "2009-09-30": 0.73, "2009-06-30": 0.028, "2009-03-31": "0.01400", "2008-12-31": 0, "2008-09-30": 0.208, "2008-06-30": 0, "2008-03-31": "", "2007-12-31": 0.025, "2007-09-30": 0.241, "2007-06-30": 0, "2007-03-31": "0.06200", "2006-12-31": 0.445, "2006-09-30": 1.008, "2006-06-30": 0, "2006-03-31": "0.39600", "2005-12-31": 0.218, "2005-09-30": 0.966, "2005-06-30": 0, "2005-03-31": ""}, "Total Common And Preferred Stock Dividends Paid": {"2020-09-30": -34, "2020-06-30": -34, "2020-03-31": "-34.00000", "2019-12-31": -34, "2019-09-30": -33, "2019-06-30": -32, "2019-03-31": "-33.00000", "2018-12-31": -33, "2018-09-30": -33, "2018-06-30": -27, "2018-03-31": "-27.00000", "2017-12-31": -27, "2017-09-30": -27, "2017-06-30": -25, "2017-03-31": "-24.00000", "2016-12-31": -25.067, "2016-09-30": -24.616, "2016-06-30": -23.617, "2016-03-31": "-23.70000", "2015-12-31": -24.148, "2015-09-30": -23.956, "2015-06-30": -21.932, "2015-03-31": "-21.96400", "2014-12-31": -21.966, "2014-09-30": -22.067, "2014-06-30": -16.834, "2014-03-31": "-16.78900", "2013-12-31": -15.032, "2013-09-30": -15.084, "2013-06-30": -12.567, "2013-03-31": "-12.55300", "2012-12-31": -263.176, "2012-09-30": -12.507, "2012-06-30": -4.924, "2012-03-31": "-4.91400", "2011-12-31": -4.906, "2011-09-30": -4.913, "2011-06-30": -4.228, "2011-03-31": "-4.21800", "2010-12-31": -4.207, "2010-09-30": -4.201, "2010-06-30": -3.804, "2010-03-31": "-3.80200", "2009-12-31": -3.794, "2009-09-30": -3.794, "2009-06-30": -3.461, "2009-03-31": "-3.46100", "2008-12-31": -3.446, "2008-09-30": -3.447, "2008-06-30": -3.281, "2008-03-31": "-3.28200", "2007-12-31": -3.275, "2007-09-30": -3.274, "2007-06-30": -2.618, "2007-03-31": "-2.61100", "2006-12-31": -2.61, "2006-09-30": -2.609, "2006-06-30": -1.792, "2006-03-31": "-1.79100", "2005-12-31": -1.791, "2005-09-30": -1.788, "2005-06-30": -1.382, "2005-03-31": "-1.38100"}, "Financial Activities - Other": {"2020-09-30": -8, "2020-06-30": -30, "2020-03-31": "-2.00000", "2019-12-31": 773, "2019-09-30": 47, "2019-06-30": -25, "2019-03-31": "-5.00000", "2018-12-31": -7, "2018-09-30": -8, "2018-06-30": -19, "2018-03-31": "-2.00000", "2017-12-31": -4, "2017-09-30": 107, "2017-06-30": -11, "2017-03-31": "-4.00000", "2016-12-31": 150.667, "2016-09-30": -181.683, "2016-06-30": -13.287, "2016-03-31": "-3.69700", "2015-12-31": -2.47, "2015-09-30": -3.207, "2015-06-30": -3.466, "2015-03-31": "-1.85700", "2014-12-31": 283.899, "2014-09-30": 1.067, "2014-06-30": 0.924, "2014-03-31": "3.51200", "2013-12-31": 0.393, "2013-09-30": 0.48, "2013-06-30": 0.732, "2013-03-31": "3.84400", "2012-12-31": 4.175, "2012-09-30": 19.659, "2012-06-30": 47.064, "2012-03-31": "35.28100", "2011-12-31": 23.737, "2011-09-30": 4.965, "2011-06-30": 15.014, "2011-03-31": "11.17500", "2010-12-31": 172.761, "2010-09-30": 4.318, "2010-06-30": 11.914, "2010-03-31": "4.97400", "2009-12-31": 11.094, "2009-09-30": 5.004, "2009-06-30": 7.861, "2009-03-31": "12.68900", "2008-12-31": 13.086, "2008-09-30": -2.518, "2008-06-30": 41.499, "2008-03-31": "13.54600", "2007-12-31": 45.18, "2007-09-30": 0, "2007-06-30": 0, "2007-03-31": "", "2006-12-31": -0.001, "2006-09-30": -0.049, "2006-06-30": -0.195, "2006-03-31": "-4.08400", "2005-12-31": 0, "2005-09-30": 0, "2005-06-30": 0, "2005-03-31": ""}, "Cash Flow From Financial Activities": {"2020-09-30": -145, "2020-06-30": -752, "2020-03-31": "883.00000", "2019-12-31": -39, "2019-09-30": 717, "2019-06-30": -69, "2019-03-31": "21.00000", "2018-12-31": -96, "2018-09-30": -89, "2018-06-30": -511, "2018-03-31": "-731.00000", "2017-12-31": 466, "2017-09-30": -59, "2017-06-30": -148, "2017-03-31": "-253.00000", "2016-12-31": 126.499, "2016-09-30": 1696.99, "2016-06-30": -103.368, "2016-03-31": "-33.12100", "2015-12-31": -83.877, "2015-09-30": -90.024, "2015-06-30": -87.435, "2015-03-31": "-25.66400", "2014-12-31": -67.268, "2014-09-30": 256.908, "2014-06-30": -13.881, "2014-03-31": "-11.11900", "2013-12-31": -27.893, "2013-09-30": -20.204, "2013-06-30": -24.052, "2013-03-31": "-7.11900", "2012-12-31": -255.259, "2012-09-30": 8.089, "2012-06-30": 35.384, "2012-03-31": "30.84700", "2011-12-31": 16.353, "2011-09-30": 0.033, "2011-06-30": 11.289, "2011-03-31": "11.77700", "2010-12-31": 171.019, "2010-09-30": 0.695, "2010-06-30": 8.468, "2010-03-31": "1.51600", "2009-12-31": 7.407, "2009-09-30": 1.94, "2009-06-30": 4.428, "2009-03-31": "9.24200", "2008-12-31": 3.99, "2008-09-30": -39.267, "2008-06-30": 32.828, "2008-03-31": "53.63700", "2007-12-31": -31.893, "2007-09-30": 71.967, "2007-06-30": -23.318, "2007-03-31": "18.15100", "2006-12-31": -2.166, "2006-09-30": -1.65, "2006-06-30": -1.987, "2006-03-31": "-12.29400", "2005-12-31": -1.873, "2005-09-30": -1.122, "2005-06-30": -1.682, "2005-03-31": "-31.68100"}, "Net Cash Flow": {"2020-09-30": 110, "2020-06-30": -429, "2020-03-31": "809.00000", "2019-12-31": -709, "2019-09-30": 1028, "2019-06-30": -36, "2019-03-31": "-308.00000", "2018-12-31": -36, "2018-09-30": 306, "2018-06-30": -369, "2018-03-31": "-680.00000", "2017-12-31": 844, "2017-09-30": 282, "2017-06-30": 23, "2017-03-31": "-241.00000", "2016-12-31": 265.006, "2016-09-30": -390.478, "2016-06-30": 156.021, "2016-03-31": "-47.54900", "2015-12-31": -299.324, "2015-09-30": -64.644, "2015-06-30": 80.92, "2015-03-31": "65.04800", "2014-12-31": 67.133, "2014-09-30": -62.599, "2014-06-30": 343.424, "2014-03-31": "71.34200", "2013-12-31": -130.255, "2013-09-30": -33.945, "2013-06-30": -152.386, "2013-03-31": "-12.19100", "2012-12-31": -408.39, "2012-09-30": 87.93, "2012-06-30": 215.396, "2012-03-31": "69.24100", "2011-12-31": 66.962, "2011-09-30": 46.617, "2011-06-30": 57.819, "2011-03-31": "24.20400", "2010-12-31": 201.966, "2010-09-30": 139.528, "2010-06-30": 103.542, "2010-03-31": "-60.32900", "2009-12-31": -7.281, "2009-09-30": 48.866, "2009-06-30": 24.664, "2009-03-31": "89.10400", "2008-12-31": 67.787, "2008-09-30": -0.01, "2008-06-30": 14.616, "2008-03-31": "-17.06800", "2007-12-31": -114.345, "2007-09-30": 96.644, "2007-06-30": 29.29, "2007-03-31": "-39.32100", "2006-12-31": -150.178, "2006-09-30": -72.791, "2006-06-30": 39.249, "2006-03-31": "-1.52900", "2005-12-31": 114.547, "2005-09-30": 13.675, "2005-06-30": 63.038, "2005-03-31": "3.23900"}, "Stock-Based Compensation": {"2020-09-30": 7, "2020-06-30": 8, "2020-03-31": "6.00000", "2019-12-31": 6, "2019-09-30": 6, "2019-06-30": 6, "2019-03-31": "7.00000", "2018-12-31": 6, "2018-09-30": 5, "2018-06-30": 5, "2018-03-31": "6.00000", "2017-12-31": 6, "2017-09-30": 6, "2017-06-30": 5, "2017-03-31": "6.00000", "2016-12-31": 7.412, "2016-09-30": 1.504, "2016-06-30": 2.781, "2016-03-31": "2.30300", "2015-12-31": 2.456, "2015-09-30": 2.639, "2015-06-30": 2.565, "2015-03-31": "2.34000", "2014-12-31": 2.405, "2014-09-30": 2.345, "2014-06-30": 2.289, "2014-03-31": "2.22200", "2013-12-31": 2.162, "2013-09-30": 1.68, "2013-06-30": 1.625, "2013-03-31": "1.49900", "2012-12-31": 1.487, "2012-09-30": 1.515, "2012-06-30": 1.474, "2012-03-31": "1.65100", "2011-12-31": 1.629, "2011-09-30": 1.635, "2011-06-30": 1.624, "2011-03-31": "1.50300", "2010-12-31": 1.598, "2010-09-30": 1.587, "2010-06-30": 1.589, "2010-03-31": "1.39000", "2009-12-31": 1.488, "2009-09-30": 1.461, "2009-06-30": 1.38, "2009-03-31": "1.30900", "2008-12-31": 1.052, "2008-09-30": 1.05, "2008-06-30": 1.129, "2008-03-31": "0.94700", "2007-12-31": 0.765, "2007-09-30": 0.721, "2007-06-30": 0.863, "2007-03-31": "0.52400", "2006-12-31": 1.731, "2006-09-30": 0, "2006-06-30": 0, "2006-03-31": "", "2005-12-31": 0.498, "2005-09-30": 0, "2005-06-30": 0, "2005-03-31": ""}, "Common Stock Dividends Paid": {"2020-09-30": -34, "2020-06-30": -34, "2020-03-31": "-34.00000", "2019-12-31": -34, "2019-09-30": -33, "2019-06-30": -32, "2019-03-31": "-33.00000", "2018-12-31": -33, "2018-09-30": -33, "2018-06-30": -27, "2018-03-31": "-27.00000", "2017-12-31": -27, "2017-09-30": -27, "2017-06-30": -25, "2017-03-31": "-24.00000", "2016-12-31": -25.067, "2016-09-30": -24.616, "2016-06-30": -23.617, "2016-03-31": "-23.70000", "2015-12-31": -24.148, "2015-09-30": -23.956, "2015-06-30": -21.932, "2015-03-31": "-21.96400", "2014-12-31": -21.966, "2014-09-30": -22.067, "2014-06-30": -16.834, "2014-03-31": "-16.78900", "2013-12-31": -15.032, "2013-09-30": -15.084, "2013-06-30": -12.567, "2013-03-31": "-12.55300", "2012-12-31": -263.176, "2012-09-30": -12.507, "2012-06-30": -4.924, "2012-03-31": "-4.91400", "2011-12-31": -4.906, "2011-09-30": -4.913, "2011-06-30": -4.228, "2011-03-31": "-4.21800", "2010-12-31": -4.207, "2010-09-30": -4.201, "2010-06-30": -3.804, "2010-03-31": "-3.80200", "2009-12-31": -3.794, "2009-09-30": -3.794, "2009-06-30": -3.461, "2009-03-31": "-3.46100", "2008-12-31": -3.446, "2008-09-30": -3.447, "2008-06-30": -3.281, "2008-03-31": "-3.28200", "2007-12-31": -3.275, "2007-09-30": -3.274, "2007-06-30": -2.618, "2007-03-31": "-2.61100", "2006-12-31": -2.61, "2006-09-30": -2.609, "2006-06-30": -1.792, "2006-03-31": "-1.79100", "2005-12-31": -1.791, "2005-09-30": -1.788, "2005-06-30": -1.382, "2005-03-31": "-1.38100"}}, "financial ratios": {"Current Ratio": {"2019-12-31": "2.20950", "2018-12-31": "2.40240", "2017-12-31": "1.76050", "2016-12-31": "2.03550", "2015-12-31": "4.16190", "2014-12-31": "3.74420", "2013-12-31": "4.07320", "2012-12-31": "4.39490", "2011-12-31": "4.81670", "2010-12-31": "4.56140", "2009-12-31": "3.44900", "2008-12-31": "3.76370", "2007-12-31": "2.47510", "2006-12-31": "2.63980", "2005-12-31": "2.95200"}, "Long-term Debt / Capital": {"2019-12-31": "0.34980", "2018-12-31": "0.30510", "2017-12-31": "0.36810", "2016-12-31": "0.48590", "2015-12-31": "0.17550", "2014-12-31": "0.19260", "2013-12-31": "0.24000", "2012-12-31": "0.28970", "2011-12-31": "0.30330", "2010-12-31": "0.33680", "2009-12-31": "0.28630", "2008-12-31": "0.29170", "2007-12-31": "0.28440", "2006-12-31": "0.18150", "2005-12-31": "0.21090"}, "Debt/Equity Ratio": {"2019-12-31": "0.53800", "2018-12-31": "0.43910", "2017-12-31": "0.71470", "2016-12-31": "0.98360", "2015-12-31": "0.21280", "2014-12-31": "0.23860", "2013-12-31": "0.31580", "2012-12-31": "0.40790", "2011-12-31": "0.43530", "2010-12-31": "0.50790", "2009-12-31": "0.40110", "2008-12-31": "0.41190", "2007-12-31": "0.39750", "2006-12-31": "0.22170", "2005-12-31": "0.26850"}, "Gross Margin": {"2019-12-31": "15.52110", "2018-12-31": "23.01100", "2017-12-31": "21.90030", "2016-12-31": "19.36560", "2015-12-31": "26.55170", "2014-12-31": "29.83570", "2013-12-31": "29.29760", "2012-12-31": "20.63710", "2011-12-31": "15.44280", "2010-12-31": "15.21800", "2009-12-31": "8.39000", "2008-12-31": "1.87870", "2007-12-31": "8.50200", "2006-12-31": "15.95910", "2005-12-31": "18.17340"}, "Operating Margin": {"2019-12-31": "8.08080", "2018-12-31": "16.30570", "2017-12-31": "15.23440", "2016-12-31": "11.48540", "2015-12-31": "21.51020", "2014-12-31": "25.45640", "2013-12-31": "25.36160", "2012-12-31": "17.23170", "2011-12-31": "12.34300", "2010-12-31": "11.92910", "2009-12-31": "4.61180", "2008-12-31": "-0.80000", "2007-12-31": "5.47340", "2006-12-31": "12.60890", "2005-12-31": "15.03550"}, "EBIT Margin": {"2019-12-31": "8.08080", "2018-12-31": "16.30570", "2017-12-31": "15.23440", "2016-12-31": "11.48540", "2015-12-31": "21.51020", "2014-12-31": "25.45640", "2013-12-31": "25.36160", "2012-12-31": "17.23170", "2011-12-31": "12.34300", "2010-12-31": "11.92910", "2009-12-31": "4.61180", "2008-12-31": "-0.80000", "2007-12-31": "5.47340", "2006-12-31": "12.60890", "2005-12-31": "15.03550"}, "EBITDA Margin": {"2019-12-31": "16.86380", "2018-12-31": "23.72900", "2017-12-31": "22.70860", "2016-12-31": "18.93220", "2015-12-31": "27.02220", "2014-12-31": "30.21620", "2013-12-31": "29.59800", "2012-12-31": "21.32170", "2011-12-31": "16.01930", "2010-12-31": "16.05560", "2009-12-31": "9.97180", "2008-12-31": "2.25710", "2007-12-31": "8.74000", "2006-12-31": "16.11530", "2005-12-31": "18.42320"}, "Pre-Tax Profit Margin": {"2019-12-31": "7.02140", "2018-12-31": "15.44880", "2017-12-31": "13.44360", "2016-12-31": "10.99290", "2015-12-31": "21.57740", "2014-12-31": "24.54890", "2013-12-31": "25.06120", "2012-12-31": "16.38650", "2011-12-31": "11.08980", "2010-12-31": "10.81280", "2009-12-31": "3.38620", "2008-12-31": "-1.57140", "2007-12-31": "4.97960", "2006-12-31": "11.37310", "2005-12-31": "14.14640"}, "Net Profit Margin": {"2019-12-31": "5.16140", "2018-12-31": "11.47660", "2017-12-31": "16.12980", "2016-12-31": "7.82110", "2015-12-31": "14.40740", "2014-12-31": "15.33340", "2013-12-31": "16.16880", "2012-12-31": "10.79670", "2011-12-31": "7.09020", "2010-12-31": "6.90980", "2009-12-31": "2.27860", "2008-12-31": "-0.80010", "2007-12-31": "3.59410", "2006-12-31": "7.83130", "2005-12-31": "9.29160"}, "Asset Turnover": {"2019-12-31": "0.61220", "2018-12-31": "0.74430", "2017-12-31": "0.66590", "2016-12-31": "0.46610", "2015-12-31": "0.80140", "2014-12-31": "0.84680", "2013-12-31": "0.92580", "2012-12-31": "1.04660", "2011-12-31": "1.10810", "2010-12-31": "1.07370", "2009-12-31": "0.95070", "2008-12-31": "1.61450", "2007-12-31": "1.24240", "2006-12-31": "1.19320", "2005-12-31": "1.33600"}, "Inventory Turnover Ratio": {"2019-12-31": "7.32690", "2018-12-31": "6.55620", "2017-12-31": "6.97780", "2016-12-31": "5.10990", "2015-12-31": "7.55200", "2014-12-31": "5.89220", "2013-12-31": "5.63290", "2012-12-31": "7.09770", "2011-12-31": "6.23670", "2010-12-31": "5.97540", "2009-12-31": "5.76750", "2008-12-31": "11.04680", "2007-12-31": "5.53310", "2006-12-31": "4.57590", "2005-12-31": "5.87720"}, "Receiveable Turnover": {"2019-12-31": "7.83590", "2018-12-31": "8.32690", "2017-12-31": "8.03300", "2016-12-31": "5.40580", "2015-12-31": "8.77620", "2014-12-31": "7.87520", "2013-12-31": "8.77450", "2012-12-31": "8.92410", "2011-12-31": "8.88590", "2010-12-31": "8.74100", "2009-12-31": "6.84450", "2008-12-31": "10.63090", "2007-12-31": "6.29050", "2006-12-31": "8.04250", "2005-12-31": "8.06230"}, "Days Sales In Receivables": {"2019-12-31": "46.58040", "2018-12-31": "43.83380", "2017-12-31": "45.43780", "2016-12-31": "67.52070", "2015-12-31": "41.58960", "2014-12-31": "46.34810", "2013-12-31": "41.59790", "2012-12-31": "40.90070", "2011-12-31": "41.07650", "2010-12-31": "41.75720", "2009-12-31": "53.32770", "2008-12-31": "34.33390", "2007-12-31": "58.02430", "2006-12-31": "45.38370", "2005-12-31": "45.27230"}, "ROE - Return On Equity": {"2019-12-31": "7.21540", "2018-12-31": "17.01780", "2017-12-31": "24.93950", "2016-12-31": "10.79140", "2015-12-31": "18.66970", "2014-12-31": "21.39410", "2013-12-31": "25.23870", "2012-12-31": "20.59310", "2011-12-31": "14.74490", "2010-12-31": "14.70980", "2009-12-31": "4.12420", "2008-12-31": "-2.38430", "2007-12-31": "8.91670", "2006-12-31": "16.57880", "2005-12-31": "22.81620"}, "Return On Tangible Equity": {"2019-12-31": "10.00220", "2018-12-31": "23.42020", "2017-12-31": "37.40220", "2016-12-31": "19.46250", "2015-12-31": "19.85950", "2014-12-31": "22.96050", "2013-12-31": "27.01530", "2012-12-31": "21.13830", "2011-12-31": "15.16860", "2010-12-31": "14.70980", "2009-12-31": "4.12420", "2008-12-31": "-2.38430", "2007-12-31": "8.91670", "2006-12-31": "16.57880", "2005-12-31": "22.81620"}, "ROA - Return On Assets": {"2019-12-31": "3.48390", "2018-12-31": "8.91230", "2017-12-31": "11.08810", "2016-12-31": "3.85680", "2015-12-31": "11.94050", "2014-12-31": "13.13800", "2013-12-31": "15.03170", "2012-12-31": "11.29930", "2011-12-31": "7.92720", "2010-12-31": "7.49430", "2009-12-31": "2.16630", "2008-12-31": "-1.29180", "2007-12-31": "4.46530", "2006-12-31": "9.34440", "2005-12-31": "12.41340"}, "ROI - Return On Investment": {"2019-12-31": "4.69130", "2018-12-31": "11.82530", "2017-12-31": "15.76040", "2016-12-31": "5.54750", "2015-12-31": "15.39320", "2014-12-31": "17.27270", "2013-12-31": "19.18080", "2012-12-31": "14.62640", "2011-12-31": "10.27290", "2010-12-31": "9.75490", "2009-12-31": "2.94350", "2008-12-31": "-1.68880", "2007-12-31": "6.38060", "2006-12-31": "13.57040", "2005-12-31": "18.00430"}, "Book Value Per Share": {"2019-12-31": "49.87350", "2018-12-31": "47.29570", "2017-12-31": "41.48540", "2016-12-31": "30.18810", "2015-12-31": "27.35360", "2014-12-31": "24.09410", "2013-12-31": "18.14040", "2012-12-31": "13.99230", "2011-12-31": "13.19900", "2010-12-31": "11.35800", "2009-12-31": "9.73770", "2008-12-31": "9.43570", "2007-12-31": "9.82390", "2006-12-31": "8.99000", "2005-12-31": "7.63260"}, "Operating Cash Flow Per Share": {"2019-12-31": -0.7354, "2018-12-31": -0.9559, "2017-12-31": 5.1251, "2016-12-31": -1.4851, "2015-12-31": 0.4307, "2014-12-31": 2.0982, "2013-12-31": 1.0343, "2012-12-31": 1.8855, "2011-12-31": 0.5503, "2010-12-31": 0.3566, "2009-12-31": 0.3822, "2008-12-31": 0.9434, "2007-12-31": -1.343, "2006-12-31": -0.6228, "2005-12-31": 2.4402}, "Free Cash Flow Per Share": {"2019-12-31": -1.4471, "2018-12-31": -1.9023, "2017-12-31": 5.5103, "2016-12-31": -2.6133, "2015-12-31": -0.056, "2014-12-31": 3.9508, "2013-12-31": -1.1113, "2012-12-31": 0.2659, "2011-12-31": -0.1499, "2010-12-31": 0.4825, "2009-12-31": 0.9532, "2008-12-31": 0.6691, "2007-12-31": -1.3349, "2006-12-31": -1.0083, "2005-12-31": 1.7833}}, "financial ratios, quarterly": {"Current Ratio": {"2020-09-30": "2.77590", "2020-06-30": "2.85390", "2020-03-31": "3.67970", "2019-12-31": "2.20950", "2019-09-30": "2.81260", "2019-06-30": "2.06940", "2019-03-31": "2.14270", "2018-12-31": "2.40240", "2018-09-30": "2.30900", "2018-06-30": "2.27150", "2018-03-31": "1.79010", "2017-12-31": "1.76050", "2017-09-30": "2.30670", "2017-06-30": "2.30630", "2017-03-31": "2.38630", "2016-12-31": "2.03550", "2016-09-30": "2.00870", "2016-06-30": "3.53170", "2016-03-31": "4.33010", "2015-12-31": "4.16190", "2015-09-30": "4.20360", "2015-06-30": "4.05160", "2015-03-31": "4.41780", "2014-12-31": "3.74420", "2014-09-30": "3.40630", "2014-06-30": "4.71020", "2014-03-31": "4.68770", "2013-12-31": "4.07320", "2013-09-30": "3.79690", "2013-06-30": "4.05910", "2013-03-31": "4.31520", "2012-12-31": "4.39490", "2012-09-30": "5.50650", "2012-06-30": "5.82940", "2012-03-31": "5.75670", "2011-12-31": "4.81670", "2011-09-30": "5.17630", "2011-06-30": "5.12250", "2011-03-31": "5.55700", "2010-12-31": "4.56140", "2010-09-30": "4.31470", "2010-06-30": "3.70940", "2010-03-31": "3.54770", "2009-12-31": "3.44900", "2009-09-30": "3.58550", "2009-06-30": "3.25040", "2009-03-31": "3.68190", "2008-12-31": "3.76370", "2008-09-30": "2.82710", "2008-06-30": "2.61830", "2008-03-31": "2.94530", "2007-12-31": "2.47510", "2007-09-30": "2.90260", "2007-06-30": "2.76480", "2007-03-31": "2.87370", "2006-12-31": "2.63980", "2006-09-30": "3.60670", "2006-06-30": "3.20880", "2006-03-31": "3.57470", "2005-12-31": "2.95200", "2005-09-30": "2.91750", "2005-06-30": "3.06940", "2005-03-31": "2.71830"}, "Long-term Debt / Capital": {"2020-09-30": "0.36200", "2020-06-30": "0.36780", "2020-03-31": "0.40770", "2019-12-31": "0.34980", "2019-09-30": "0.34990", "2019-06-30": "0.29890", "2019-03-31": "0.30140", "2018-12-31": "0.30510", "2018-09-30": "0.30460", "2018-06-30": "0.31320", "2018-03-31": "0.32090", "2017-12-31": "0.36810", "2017-09-30": "0.42390", "2017-06-30": "0.45330", "2017-03-31": "0.47180", "2016-12-31": "0.48590", "2016-09-30": "0.49040", "2016-06-30": "0.16870", "2016-03-31": "0.16990", "2015-12-31": "0.17550", "2015-09-30": "0.17840", "2015-06-30": "0.18270", "2015-03-31": "0.18940", "2014-12-31": "0.19260", "2014-09-30": "0.19660", "2014-06-30": "0.21880", "2014-03-31": "0.22920", "2013-12-31": "0.24000", "2013-09-30": "0.25220", "2013-06-30": "0.26560", "2013-03-31": "0.27740", "2012-12-31": "0.28970", "2012-09-30": "0.27300", "2012-06-30": "0.28140", "2012-03-31": "0.29100", "2011-12-31": "0.30330", "2011-09-30": "0.30660", "2011-06-30": "0.31350", "2011-03-31": "0.32410", "2010-12-31": "0.33680", "2010-09-30": "0.30070", "2010-06-30": "0.27510", "2010-03-31": "0.28340", "2009-12-31": "0.28630", "2009-09-30": "0.28740", "2009-06-30": "0.29030", "2009-03-31": "0.29310", "2008-12-31": "0.29170", "2008-09-30": "0.27520", "2008-06-30": "0.29170", "2008-03-31": "0.30090", "2007-12-31": "0.28440", "2007-09-30": "0.20920", "2007-06-30": "0.17470", "2007-03-31": "0.19080", "2006-12-31": "0.18150", "2006-09-30": "0.18160", "2006-06-30": "0.18960", "2006-03-31": "0.19930", "2005-12-31": "0.21090", "2005-09-30": "0.22390", "2005-06-30": "0.23300", "2005-03-31": "0.24320"}, "Debt/Equity Ratio": {"2020-09-30": "0.56740", "2020-06-30": "0.58180", "2020-03-31": "0.68840", "2019-12-31": "0.53800", "2019-09-30": "0.53820", "2019-06-30": "0.42640", "2019-03-31": "0.43150", "2018-12-31": "0.43910", "2018-09-30": "0.43810", "2018-06-30": "0.45600", "2018-03-31": "0.55430", "2017-12-31": "0.71470", "2017-09-30": "0.73590", "2017-06-30": "0.82910", "2017-03-31": "0.89310", "2016-12-31": "0.98360", "2016-09-30": "1.00130", "2016-06-30": "0.20290", "2016-03-31": "0.20470", "2015-12-31": "0.21280", "2015-09-30": "0.21710", "2015-06-30": "0.22360", "2015-03-31": "0.23360", "2014-12-31": "0.23860", "2014-09-30": "0.24470", "2014-06-30": "0.28000", "2014-03-31": "0.29740", "2013-12-31": "0.31580", "2013-09-30": "0.33720", "2013-06-30": "0.36160", "2013-03-31": "0.38390", "2012-12-31": "0.40790", "2012-09-30": "0.37560", "2012-06-30": "0.39160", "2012-03-31": "0.41040", "2011-12-31": "0.43530", "2011-09-30": "0.44220", "2011-06-30": "0.45680", "2011-03-31": "0.47950", "2010-12-31": "0.50790", "2010-09-30": "0.43000", "2010-06-30": "0.37950", "2010-03-31": "0.39540", "2009-12-31": "0.40110", "2009-09-30": "0.40340", "2009-06-30": "0.40910", "2009-03-31": "0.41450", "2008-12-31": "0.41190", "2008-09-30": "0.37970", "2008-06-30": "0.41170", "2008-03-31": "0.43050", "2007-12-31": "0.39750", "2007-09-30": "0.26450", "2007-06-30": "0.21160", "2007-03-31": "0.23570", "2006-12-31": "0.22170", "2006-09-30": "0.22190", "2006-06-30": "0.23400", "2006-03-31": "0.24890", "2005-12-31": "0.26850", "2005-09-30": "0.28980", "2005-06-30": "0.30520", "2005-03-31": "0.32280"}, "Gross Margin": {"2020-09-30": "13.06640", "2020-06-30": "9.88880", "2020-03-31": "14.64800", "2019-12-31": "13.27670", "2019-09-30": "17.95740", "2019-06-30": "15.85820", "2019-03-31": "14.76540", "2018-12-31": "17.74440", "2018-09-30": "23.90240", "2018-06-30": "24.69800", "2018-03-31": "25.20930", "2017-12-31": "24.67660", "2017-09-30": "23.51830", "2017-06-30": "20.36380", "2017-03-31": "18.83690", "2016-12-31": "16.35720", "2016-09-30": "15.80360", "2016-06-30": "22.22400", "2016-03-31": "26.20880", "2015-12-31": "23.92440", "2015-09-30": "26.20090", "2015-06-30": "29.80430", "2015-03-31": "25.78510", "2014-12-31": "31.94460", "2014-09-30": "28.84710", "2014-06-30": "30.64070", "2014-03-31": "27.92810", "2013-12-31": "31.07010", "2013-09-30": "30.32080", "2013-06-30": "29.12390", "2013-03-31": "26.34710", "2012-12-31": "23.75010", "2012-09-30": "20.96740", "2012-06-30": "22.09030", "2012-03-31": "16.68210", "2011-12-31": "8.99230", "2011-09-30": "15.18700", "2011-06-30": "18.06340", "2011-03-31": "19.32360", "2010-12-31": "20.63450", "2010-09-30": "17.29630", "2010-06-30": "15.39900", "2010-03-31": "7.41070", "2009-12-31": "7.43830", "2009-09-30": "11.46720", "2009-06-30": "9.68260", "2009-03-31": "4.10940", "2008-12-31": "-22.70660", "2008-09-30": "6.68570", "2008-06-30": "8.71800", "2008-03-31": "4.01110", "2007-12-31": "5.05790", "2007-09-30": "10.24330", "2007-06-30": "10.78770", "2007-03-31": "8.05350", "2006-12-31": "5.92420", "2006-09-30": "16.23640", "2006-06-30": "18.70880", "2006-03-31": "21.18010", "2005-12-31": "21.22810", "2005-09-30": "14.74490", "2005-06-30": "17.13230", "2005-03-31": "19.36310"}, "Operating Margin": {"2020-09-30": "4.16230", "2020-06-30": "2.10650", "2020-03-31": "7.03930", "2019-12-31": "5.41690", "2019-09-30": "10.93900", "2019-06-30": "9.04850", "2019-03-31": "6.61730", "2018-12-31": "10.37590", "2018-09-30": "17.56100", "2018-06-30": "18.07610", "2018-03-31": "18.65120", "2017-12-31": "18.05970", "2017-09-30": "17.25940", "2017-06-30": "13.34010", "2017-03-31": "12.04320", "2016-12-31": "8.88520", "2016-09-30": "3.64050", "2016-06-30": "16.56800", "2016-03-31": "20.74230", "2015-12-31": "18.38120", "2015-09-30": "21.38220", "2015-06-30": "24.92600", "2015-03-31": "20.77700", "2014-12-31": "26.62160", "2014-09-30": "24.47770", "2014-06-30": "26.71690", "2014-03-31": "24.13750", "2013-12-31": "27.06740", "2013-09-30": "26.54960", "2013-06-30": "25.04950", "2013-03-31": "22.44330", "2012-12-31": "19.50350", "2012-09-30": "17.35530", "2012-06-30": "18.70740", "2012-03-31": "14.07190", "2011-12-31": "5.87290", "2011-09-30": "12.11630", "2011-06-30": "14.95800", "2011-03-31": "16.21640", "2010-12-31": "17.23090", "2010-09-30": "13.76800", "2010-06-30": "12.16260", "2010-03-31": "4.42340", "2009-12-31": "3.64450", "2009-09-30": "7.74980", "2009-06-30": "6.29280", "2009-03-31": "-0.18490", "2008-12-31": "-27.76090", "2008-09-30": "4.54380", "2008-06-30": "6.64970", "2008-03-31": "1.51450", "2007-12-31": "2.35390", "2007-09-30": "7.11230", "2007-06-30": "7.95730", "2007-03-31": "4.54450", "2006-12-31": "1.62400", "2006-09-30": "12.94000", "2006-06-30": "15.96570", "2006-03-31": "17.91900", "2005-12-31": "17.67650", "2005-09-30": "11.57300", "2005-06-30": "14.25330", "2005-03-31": "16.44120"}, "EBIT Margin": {"2020-09-30": "4.16230", "2020-06-30": "2.10650", "2020-03-31": "7.03930", "2019-12-31": "5.41690", "2019-09-30": "10.93900", "2019-06-30": "9.04850", "2019-03-31": "6.61730", "2018-12-31": "10.37590", "2018-09-30": "17.56100", "2018-06-30": "18.07610", "2018-03-31": "18.65120", "2017-12-31": "18.05970", "2017-09-30": "17.25940", "2017-06-30": "13.34010", "2017-03-31": "12.04320", "2016-12-31": "8.88520", "2016-09-30": "3.64050", "2016-06-30": "16.56800", "2016-03-31": "20.74230", "2015-12-31": "18.38120", "2015-09-30": "21.38220", "2015-06-30": "24.92600", "2015-03-31": "20.77700", "2014-12-31": "26.62160", "2014-09-30": "24.47770", "2014-06-30": "26.71690", "2014-03-31": "24.13750", "2013-12-31": "27.06740", "2013-09-30": "26.54960", "2013-06-30": "25.04950", "2013-03-31": "22.44330", "2012-12-31": "19.50350", "2012-09-30": "17.35530", "2012-06-30": "18.70740", "2012-03-31": "14.07190", "2011-12-31": "5.87300", "2011-09-30": "12.11630", "2011-06-30": "14.95800", "2011-03-31": "16.21640", "2010-12-31": "17.23090", "2010-09-30": "13.76800", "2010-06-30": "12.16260", "2010-03-31": "4.42340", "2009-12-31": "3.64450", "2009-09-30": "7.74980", "2009-06-30": "6.29280", "2009-03-31": "-0.18490", "2008-12-31": "-27.76100", "2008-09-30": "4.54380", "2008-06-30": "6.64970", "2008-03-31": "1.51450", "2007-12-31": "2.35390", "2007-09-30": "7.11230", "2007-06-30": "7.95730", "2007-03-31": "4.54450", "2006-12-31": "1.62400", "2006-09-30": "12.94000", "2006-06-30": "15.96570", "2006-03-31": "17.91900", "2005-12-31": "17.67650", "2005-09-30": "11.57300", "2005-06-30": "14.25330", "2005-03-31": "16.44120"}, "EBITDA Margin": {"2020-09-30": "", "2020-06-30": "", "2020-03-31": "", "2019-12-31": "", "2019-09-30": "", "2019-06-30": "", "2019-03-31": "", "2018-12-31": "", "2018-09-30": "", "2018-06-30": "", "2018-03-31": "", "2017-12-31": "", "2017-09-30": "", "2017-06-30": "", "2017-03-31": "", "2016-12-31": "", "2016-09-30": "", "2016-06-30": "", "2016-03-31": "", "2015-12-31": "", "2015-09-30": "", "2015-06-30": "", "2015-03-31": "", "2014-12-31": "", "2014-09-30": "", "2014-06-30": "", "2014-03-31": "", "2013-12-31": "", "2013-09-30": "", "2013-06-30": "", "2013-03-31": "", "2012-12-31": "", "2012-09-30": "", "2012-06-30": "", "2012-03-31": "", "2011-12-31": "", "2011-09-30": "", "2011-06-30": "", "2011-03-31": "", "2010-12-31": "", "2010-09-30": "", "2010-06-30": "", "2010-03-31": "", "2009-12-31": "", "2009-09-30": "", "2009-06-30": "", "2009-03-31": "", "2008-12-31": "", "2008-09-30": "", "2008-06-30": "", "2008-03-31": "", "2007-12-31": "", "2007-09-30": "", "2007-06-30": "", "2007-03-31": "", "2006-12-31": "", "2006-09-30": "", "2006-06-30": "", "2006-03-31": "", "2005-12-31": "", "2005-09-30": "", "2005-06-30": "", "2005-03-31": ""}, "Pre-Tax Profit Margin": {"2020-09-30": "2.84510", "2020-06-30": "0.29260", "2020-03-31": "6.00410", "2019-12-31": "3.87680", "2019-09-30": "10.45500", "2019-06-30": "7.83580", "2019-03-31": "5.58020", "2018-12-31": "8.82210", "2018-09-30": "17.33930", "2018-06-30": "17.04700", "2018-03-31": "17.95350", "2017-12-31": "16.16920", "2017-09-30": "15.55240", "2017-06-30": "11.47040", "2017-03-31": "10.34480", "2016-12-31": "6.57350", "2016-09-30": "4.96170", "2016-06-30": "16.77660", "2016-03-31": "20.32800", "2015-12-31": "17.97270", "2015-09-30": "20.91290", "2015-06-30": "26.03150", "2015-03-31": "20.73210", "2014-12-31": "25.18390", "2014-09-30": "23.50770", "2014-06-30": "26.22230", "2014-03-31": "23.49060", "2013-12-31": "27.11910", "2013-09-30": "26.19270", "2013-06-30": "24.47050", "2013-03-31": "22.12380", "2012-12-31": "18.56430", "2012-09-30": "15.24640", "2012-06-30": "19.30790", "2012-03-31": "13.02540", "2011-12-31": "4.56810", "2011-09-30": "10.95250", "2011-06-30": "13.75050", "2011-03-31": "14.86580", "2010-12-31": "16.17900", "2010-09-30": "12.43670", "2010-06-30": "11.06720", "2010-03-31": "3.43490", "2009-12-31": "2.44190", "2009-09-30": "6.59330", "2009-06-30": "4.98950", "2009-03-31": "-1.43820", "2008-12-31": "-29.17580", "2008-09-30": "3.90800", "2008-06-30": "6.00910", "2008-03-31": "0.84570", "2007-12-31": "1.88500", "2007-09-30": "6.59020", "2007-06-30": "7.34570", "2007-03-31": "4.18250", "2006-12-31": "1.59530", "2006-09-30": "12.91570", "2006-06-30": "15.83970", "2006-03-31": "13.14430", "2005-12-31": "17.12440", "2005-09-30": "10.75600", "2005-06-30": "13.02020", "2005-03-31": "15.45760"}, "Net Profit Margin": {"2020-09-30": "3.00320", "2020-06-30": "0.87770", "2020-03-31": "7.50520", "2019-12-31": "3.71750", "2019-09-30": "7.64760", "2019-06-30": "5.55040", "2019-03-31": "3.55560", "2018-12-31": "5.91480", "2018-09-30": "13.65850", "2018-06-30": "12.43850", "2018-03-31": "13.34880", "2017-12-31": "39.60200", "2017-09-30": "9.95730", "2017-06-30": "7.73120", "2017-03-31": "7.10240", "2016-12-31": "5.59340", "2016-09-30": "5.13370", "2016-06-30": "10.23180", "2016-03-31": "12.62610", "2015-12-31": "10.94440", "2015-09-30": "15.45440", "2015-06-30": "17.30760", "2015-03-31": "13.26130", "2014-12-31": "16.00440", "2014-09-30": "13.38600", "2014-06-30": "16.96850", "2014-03-31": "15.37760", "2013-12-31": "17.81060", "2013-09-30": "16.95840", "2013-06-30": "15.47360", "2013-03-31": "14.19990", "2012-12-31": "12.10240", "2012-09-30": "10.53520", "2012-06-30": "12.57120", "2012-03-31": "8.42650", "2011-12-31": "3.05220", "2011-09-30": "6.95310", "2011-06-30": "8.68430", "2011-03-31": "9.54350", "2010-12-31": "10.28970", "2010-09-30": "8.04580", "2010-06-30": "6.95780", "2010-03-31": "2.26730", "2009-12-31": "1.97660", "2009-09-30": "4.70560", "2009-06-30": "2.93130", "2009-03-31": "-1.24420", "2008-12-31": "-18.34960", "2008-09-30": "2.54850", "2008-06-30": "4.27250", "2008-03-31": "0.58870", "2007-12-31": "2.21340", "2007-09-30": "4.56350", "2007-06-30": "4.84120", "2007-03-31": "2.73680", "2006-12-31": "2.74800", "2006-09-30": "9.16930", "2006-06-30": "10.03620", "2006-03-31": "8.29650", "2005-12-31": "11.56780", "2005-09-30": "7.18970", "2005-06-30": "8.35710", "2005-03-31": "9.88380"}, "Asset Turnover": {"2020-09-30": "0.13860", "2020-06-30": "0.12610", "2020-03-31": "0.13640", "2019-12-31": "0.14200", "2019-09-30": "0.15760", "2019-06-30": "0.17550", "2019-03-31": "0.16730", "2018-12-31": "0.17200", "2018-09-30": "0.19240", "2018-06-30": "0.19700", "2018-03-31": "0.18530", "2017-12-31": "0.16640", "2017-09-30": "0.18760", "2017-06-30": "0.18180", "2017-03-31": "0.18120", "2016-12-31": "0.15940", "2016-09-30": "0.11740", "2016-06-30": "0.18340", "2016-03-31": "0.17040", "2015-12-31": "0.17710", "2015-09-30": "0.21510", "2015-06-30": "0.21900", "2015-03-31": "0.21300", "2014-12-31": "0.21790", "2014-09-30": "0.24450", "2014-06-30": "0.22850", "2014-03-31": "0.24630", "2013-12-31": "0.23430", "2013-09-30": "0.25590", "2013-06-30": "0.25320", "2013-03-31": "0.24290", "2012-12-31": "0.23480", "2012-09-30": "0.23170", "2012-06-30": "0.26550", "2012-03-31": "0.31080", "2011-12-31": "0.26300", "2011-09-30": "0.30190", "2011-06-30": "0.29390", "2011-03-31": "0.28840", "2010-12-31": "0.26920", "2010-09-30": "0.29220", "2010-06-30": "0.32170", "2010-03-31": "0.31550", "2009-12-31": "0.25750", "2009-09-30": "0.26230", "2009-06-30": "0.24620", "2009-03-31": "0.21340", "2008-12-31": "0.26110", "2008-09-30": "0.41350", "2008-06-30": "0.41190", "2008-03-31": "0.36220", "2007-12-31": "0.33100", "2007-09-30": "0.36290", "2007-06-30": "0.36030", "2007-03-31": "0.34060", "2006-12-31": "0.25160", "2006-09-30": "0.34100", "2006-06-30": "0.34460", "2006-03-31": "0.34050", "2005-12-31": "0.34830", "2005-09-30": "0.35530", "2005-06-30": "0.35230", "2005-03-31": "0.37990"}, "Inventory Turnover Ratio": {"2020-09-30": "1.99040", "2020-06-30": "1.82250", "2020-03-31": "1.76550", "2019-12-31": "1.74470", "2019-09-30": "1.87090", "2019-06-30": "1.95030", "2019-03-31": "1.69050", "2018-12-31": "1.61830", "2018-09-30": "1.82750", "2018-06-30": "1.85970", "2018-03-31": "1.70340", "2017-12-31": "1.68220", "2017-09-30": "1.93210", "2017-06-30": "1.89490", "2017-03-31": "1.91920", "2016-12-31": "1.81250", "2016-09-30": "1.44640", "2016-06-30": "1.88330", "2016-03-31": "1.50340", "2015-12-31": "1.72890", "2015-09-30": "2.03900", "2015-06-30": "1.71050", "2015-03-31": "1.70490", "2014-12-31": "1.47030", "2014-09-30": "1.78140", "2014-06-30": "1.58300", "2014-03-31": "1.68710", "2013-12-31": "1.39010", "2013-09-30": "1.54950", "2013-06-30": "1.55820", "2013-03-31": "1.56060", "2012-12-31": "1.52970", "2012-09-30": "1.74680", "2012-06-30": "1.74900", "2012-03-31": "2.04120", "2011-12-31": "1.59320", "2011-09-30": "1.76150", "2011-06-30": "1.49150", "2011-03-31": "1.56790", "2010-12-31": "1.40270", "2010-09-30": "1.81230", "2010-06-30": "1.87110", "2010-03-31": "1.80880", "2009-12-31": "1.57860", "2009-09-30": "1.79480", "2009-06-30": "1.81050", "2009-03-31": "1.64930", "2008-12-31": "2.23400", "2008-09-30": "2.03990", "2008-06-30": "1.96320", "2008-03-31": "1.65090", "2007-12-31": "1.52980", "2007-09-30": "1.61690", "2007-06-30": "1.50310", "2007-03-31": "1.58250", "2006-12-31": "1.08020", "2006-09-30": "1.79990", "2006-06-30": "1.58570", "2006-03-31": "1.43620", "2005-12-31": "1.47510", "2005-09-30": "1.80090", "2005-06-30": "1.56130", "2005-03-31": "1.56780"}, "Receiveable Turnover": {"2020-09-30": "1.46790", "2020-06-30": "1.47330", "2020-03-31": "1.52730", "2019-12-31": "1.81760", "2019-09-30": "1.88850", "2019-06-30": "1.76750", "2019-03-31": "1.80640", "2018-12-31": "1.92380", "2018-09-30": "1.81710", "2018-06-30": "1.77240", "2018-03-31": "1.89430", "2017-12-31": "2.00800", "2017-09-30": "1.84520", "2017-06-30": "1.80600", "2017-03-31": "1.93530", "2016-12-31": "1.84850", "2016-09-30": "1.19480", "2016-06-30": "1.86330", "2016-03-31": "1.77620", "2015-12-31": "1.93980", "2015-09-30": "2.28050", "2015-06-30": "1.97260", "2015-03-31": "2.09350", "2014-12-31": "2.02590", "2014-09-30": "2.11350", "2014-06-30": "2.19810", "2014-03-31": "2.43600", "2013-12-31": "2.22110", "2013-09-30": "2.31900", "2013-06-30": "1.97430", "2013-03-31": "2.12140", "2012-12-31": "2.00180", "2012-09-30": "2.08640", "2012-06-30": "2.18650", "2012-03-31": "2.32760", "2011-12-31": "2.10910", "2011-09-30": "2.09390", "2011-06-30": "2.14980", "2011-03-31": "2.11820", "2010-12-31": "2.19200", "2010-09-30": "2.15120", "2010-06-30": "1.91250", "2010-03-31": "1.92040", "2009-12-31": "1.85420", "2009-09-30": "1.84210", "2009-06-30": "1.78670", "2009-03-31": "1.73750", "2008-12-31": "1.71920", "2008-09-30": "1.90780", "2008-06-30": "1.72480", "2008-03-31": "1.97050", "2007-12-31": "1.67610", "2007-09-30": "1.92550", "2007-06-30": "1.95750", "2007-03-31": "1.69680", "2006-12-31": "1.69600", "2006-09-30": "2.00680", "2006-06-30": "2.07200", "2006-03-31": "2.23170", "2005-12-31": "2.10200", "2005-09-30": "1.70040", "2005-06-30": "2.26710", "2005-03-31": "2.16200"}, "Days Sales In Receivables": {"2020-09-30": "61.31190", "2020-06-30": "61.08840", "2020-03-31": "58.92860", "2019-12-31": "49.51670", "2019-09-30": "47.65730", "2019-06-30": "50.91880", "2019-03-31": "49.82220", "2018-12-31": "46.78200", "2018-09-30": "49.52990", "2018-06-30": "50.77850", "2018-03-31": "47.51160", "2017-12-31": "44.82090", "2017-09-30": "48.77580", "2017-06-30": "49.83460", "2017-03-31": "46.50380", "2016-12-31": "48.68860", "2016-09-30": "75.32680", "2016-06-30": "48.30020", "2016-03-31": "50.67060", "2015-12-31": "46.39750", "2015-09-30": "39.46540", "2015-06-30": "45.62440", "2015-03-31": "42.99060", "2014-12-31": "44.42400", "2014-09-30": "42.58350", "2014-06-30": "40.94360", "2014-03-31": "36.94660", "2013-12-31": "40.52140", "2013-09-30": "38.81060", "2013-06-30": "45.58600", "2013-03-31": "42.42450", "2012-12-31": "44.95940", "2012-09-30": "43.13730", "2012-06-30": "41.16160", "2012-03-31": "38.66660", "2011-12-31": "42.67290", "2011-09-30": "42.98170", "2011-06-30": "41.86490", "2011-03-31": "42.48800", "2010-12-31": "41.05880", "2010-09-30": "41.83710", "2010-06-30": "47.05920", "2010-03-31": "46.86410", "2009-12-31": "48.53950", "2009-09-30": "48.85860", "2009-06-30": "50.37080", "2009-03-31": "51.79920", "2008-12-31": "52.35080", "2008-09-30": "47.17400", "2008-06-30": "52.18080", "2008-03-31": "45.67400", "2007-12-31": "53.69650", "2007-09-30": "46.74040", "2007-06-30": "45.97740", "2007-03-31": "53.04200", "2006-12-31": "53.06570", "2006-09-30": "44.84670", "2006-06-30": "43.43680", "2006-03-31": "40.32800", "2005-12-31": "42.81650", "2005-09-30": "52.92950", "2005-06-30": "39.69890", "2005-03-31": "41.62780"}, "ROE - Return On Equity": {"2020-09-30": "1.06350", "2020-06-30": "0.37280", "2020-03-31": "2.43860", "2019-12-31": "1.32750", "2019-09-30": "2.60920", "2019-06-30": "2.06100", "2019-03-31": "1.32580", "2018-12-31": "2.15600", "2018-09-30": "5.22340", "2018-06-30": "4.92640", "2018-03-31": "5.26500", "2017-12-31": "15.19840", "2017-09-30": "4.81160", "2017-06-30": "3.77760", "2017-03-31": "3.59550", "2016-12-31": "2.70890", "2016-09-30": "1.83080", "2016-06-30": "3.09360", "2016-03-31": "3.48060", "2015-12-31": "3.25980", "2015-09-30": "5.35310", "2015-06-30": "6.14720", "2015-03-31": "4.59860", "2014-12-31": "5.85230", "2014-09-30": "5.44960", "2014-06-30": "6.21110", "2014-03-31": "6.15250", "2013-12-31": "7.06900", "2013-09-30": "7.51810", "2013-06-30": "6.90260", "2013-03-31": "6.19900", "2012-12-31": "5.08890", "2012-09-30": "4.27670", "2012-06-30": "5.91610", "2012-03-31": "4.71350", "2011-12-31": "1.50560", "2011-09-30": "3.92860", "2011-06-30": "4.84210", "2011-03-31": "5.23950", "2010-12-31": "5.58600", "2010-09-30": "4.41900", "2010-06-30": "4.19270", "2010-03-31": "1.35390", "2009-12-31": "0.96910", "2009-09-30": "2.32980", "2009-06-30": "1.35060", "2009-03-31": "-0.49350", "2008-12-31": "-8.84280", "2008-09-30": "2.01370", "2008-06-30": "3.54260", "2008-03-31": "0.41800", "2007-12-31": "1.46320", "2007-09-30": "3.02500", "2007-06-30": "3.08150", "2007-03-31": "1.65100", "2006-12-31": "1.22680", "2006-09-30": "5.25940", "2006-06-30": "6.04330", "2006-03-31": "4.91370", "2005-12-31": "7.40580", "2005-09-30": "4.72060", "2005-06-30": "5.53730", "2005-03-31": "7.37140"}, "Return On Tangible Equity": {"2020-09-30": "1.44320", "2020-06-30": "0.50910", "2020-03-31": "3.34330", "2019-12-31": "1.84020", "2019-09-30": "3.63960", "2019-06-30": "2.92050", "2019-03-31": "1.86920", "2018-12-31": "2.96720", "2018-09-30": "7.24540", "2018-06-30": "6.98690", "2018-03-31": "7.66060", "2017-12-31": "22.79330", "2017-09-30": "7.99820", "2017-06-30": "6.66570", "2017-03-31": "6.26940", "2016-12-31": "4.88550", "2016-09-30": "3.32100", "2016-06-30": "3.27620", "2016-03-31": "3.69350", "2015-12-31": "3.46760", "2015-09-30": "5.70760", "2015-06-30": "6.55780", "2015-03-31": "4.90970", "2014-12-31": "6.28080", "2014-09-30": "5.86820", "2014-06-30": "6.58620", "2014-03-31": "6.55330", "2013-12-31": "7.56660", "2013-09-30": "8.08720", "2013-06-30": "7.47330", "2013-03-31": "6.35260", "2012-12-31": "5.22360", "2012-09-30": "4.27670", "2012-06-30": "5.91610", "2012-03-31": "4.71350", "2011-12-31": "1.54890", "2011-09-30": "3.92860", "2011-06-30": "4.84210", "2011-03-31": "5.23950", "2010-12-31": "5.58600", "2010-09-30": "4.41900", "2010-06-30": "4.19270", "2010-03-31": "1.35390", "2009-12-31": "0.96910", "2009-09-30": "2.32980", "2009-06-30": "1.35060", "2009-03-31": "-0.49350", "2008-12-31": "-8.84280", "2008-09-30": "2.01370", "2008-06-30": "3.54260", "2008-03-31": "0.41800", "2007-12-31": "1.46320", "2007-09-30": "3.02500", "2007-06-30": "3.08150", "2007-03-31": "1.65100", "2006-12-31": "1.22680", "2006-09-30": "5.25940", "2006-06-30": "6.04330", "2006-03-31": "4.91370", "2005-12-31": "7.40580", "2005-09-30": "4.72060", "2005-06-30": "5.53730", "2005-03-31": "7.37140"}, "ROA - Return On Assets": {"2020-09-30": "0.50390", "2020-06-30": "0.17710", "2020-03-31": "1.10850", "2019-12-31": "0.64100", "2019-09-30": "1.26650", "2019-06-30": "1.05600", "2019-03-31": "0.67750", "2018-12-31": "1.12910", "2018-09-30": "2.71310", "2018-06-30": "2.53830", "2018-03-31": "2.55950", "2017-12-31": "6.75720", "2017-09-30": "1.94770", "2017-06-30": "1.46060", "2017-03-31": "1.35200", "2016-12-31": "0.96810", "2016-09-30": "0.64250", "2016-06-30": "1.95290", "2016-03-31": "2.25240", "2015-12-31": "2.08490", "2015-09-30": "3.41070", "2015-06-30": "3.88210", "2015-03-31": "2.90370", "2014-12-31": "3.59390", "2014-09-30": "3.31930", "2014-06-30": "3.87800", "2014-03-31": "3.78800", "2013-12-31": "4.21020", "2013-09-30": "4.34030", "2013-06-30": "3.93210", "2013-03-31": "3.46560", "2012-12-31": "2.79220", "2012-09-30": "2.45370", "2012-06-30": "3.35570", "2012-03-31": "2.63700", "2011-12-31": "0.80940", "2011-09-30": "2.11810", "2011-06-30": "2.57480", "2011-03-31": "2.77840", "2010-12-31": "2.84590", "2010-09-30": "2.35130", "2010-06-30": "2.23820", "2010-03-31": "0.71530", "2009-12-31": "0.50900", "2009-09-30": "1.23440", "2009-06-30": "0.72170", "2009-03-31": "-0.26550", "2008-12-31": "-4.79090", "2008-09-30": "1.05380", "2008-06-30": "1.76000", "2008-03-31": "0.21320", "2007-12-31": "0.73270", "2007-09-30": "1.65630", "2007-06-30": "1.74420", "2007-03-31": "0.93210", "2006-12-31": "0.69150", "2006-09-30": "3.12640", "2006-06-30": "3.45810", "2006-03-31": "2.82470", "2005-12-31": "4.02920", "2005-09-30": "2.55460", "2005-06-30": "2.94460", "2005-03-31": "3.75500"}, "ROI - Return On Investment": {"2020-09-30": "0.67850", "2020-06-30": "0.23570", "2020-03-31": "1.44430", "2019-12-31": "0.86310", "2019-09-30": "1.69630", "2019-06-30": "1.44490", "2019-03-31": "0.92610", "2018-12-31": "1.49820", "2018-09-30": "3.63220", "2018-06-30": "3.38350", "2018-03-31": "3.57530", "2017-12-31": "9.60450", "2017-09-30": "2.77180", "2017-06-30": "2.06520", "2017-03-31": "1.89930", "2016-12-31": "1.39260", "2016-09-30": "0.93290", "2016-06-30": "2.57170", "2016-03-31": "2.88920", "2015-12-31": "2.68770", "2015-09-30": "4.39830", "2015-06-30": "5.02390", "2015-03-31": "3.72780", "2014-12-31": "4.72490", "2014-09-30": "4.37830", "2014-06-30": "4.85230", "2014-03-31": "4.74220", "2013-12-31": "5.37230", "2013-09-30": "5.62220", "2013-06-30": "5.06960", "2013-03-31": "4.47950", "2012-12-31": "3.61440", "2012-09-30": "3.10900", "2012-06-30": "4.25120", "2012-03-31": "3.34190", "2011-12-31": "1.04900", "2011-09-30": "2.72410", "2011-06-30": "3.32390", "2011-03-31": "3.54150", "2010-12-31": "3.70440", "2010-09-30": "3.09010", "2010-06-30": "3.03930", "2010-03-31": "0.97030", "2009-12-31": "0.69170", "2009-09-30": "1.66010", "2009-06-30": "0.95850", "2009-03-31": "-0.34880", "2008-12-31": "-6.26320", "2008-09-30": "1.45950", "2008-06-30": "2.50940", "2008-03-31": "0.29220", "2007-12-31": "1.04700", "2007-09-30": "2.39230", "2007-06-30": "2.54330", "2007-03-31": "1.33610", "2006-12-31": "1.00420", "2006-09-30": "4.30430", "2006-06-30": "4.89720", "2006-03-31": "3.93430", "2005-12-31": "5.84400", "2005-09-30": "3.66370", "2005-06-30": "4.24680", "2005-03-31": "5.57850"}, "Book Value Per Share": {"2020-09-30": "50.79830", "2020-06-30": "50.41190", "2020-03-31": "50.42610", "2019-12-31": "49.87350", "2019-09-30": "49.65030", "2019-06-30": "48.79600", "2019-03-31": "48.09780", "2018-12-31": "47.29570", "2018-09-30": "47.13340", "2018-06-30": "45.08990", "2018-03-31": "43.52830", "2017-12-31": "41.48540", "2017-09-30": "35.25560", "2017-06-30": "32.61480", "2017-03-31": "31.25190", "2016-12-31": "30.18810", "2016-09-30": "29.66770", "2016-06-30": "29.02100", "2016-03-31": "28.43180", "2015-12-31": "27.35360", "2015-09-30": "26.88130", "2015-06-30": "25.88120", "2015-03-31": "24.61760", "2014-12-31": "24.09410", "2014-09-30": "23.39540", "2014-06-30": "20.43750", "2014-03-31": "19.25050", "2013-12-31": "18.14040", "2013-09-30": "16.96160", "2013-06-30": "15.80920", "2013-03-31": "14.86070", "2012-12-31": "13.99230", "2012-09-30": "15.24380", "2012-06-30": "14.65570", "2012-03-31": "13.98290", "2011-12-31": "13.19900", "2011-09-30": "12.98080", "2011-06-30": "12.56700", "2011-03-31": "11.97580", "2010-12-31": "11.35800", "2010-09-30": "10.72480", "2010-06-30": "10.26690", "2010-03-31": "9.85260", "2009-12-31": "9.73770", "2009-09-30": "9.68250", "2009-06-30": "9.50120", "2009-03-31": "9.33730", "2008-12-31": "9.43570", "2008-09-30": "10.34880", "2008-06-30": "10.16570", "2008-03-31": "9.81850", "2007-12-31": "9.82390", "2007-09-30": "9.67740", "2007-06-30": "9.39090", "2007-03-31": "9.10000", "2006-12-31": "8.99000", "2006-09-30": "8.98440", "2006-06-30": "8.52770", "2006-03-31": "8.01580", "2005-12-31": "7.63260", "2005-09-30": "7.08110", "2005-06-30": "6.74170", "2005-03-31": "6.38100"}, "Operating Cash Flow Per Share": {"2020-09-30": 2.7861, "2020-06-30": 3.5071, "2020-03-31": "0.47490", "2019-12-31": 2.5743, "2019-09-30": 3.9056, "2019-06-30": 2.4841, "2019-03-31": "1.14030", "2018-12-31": 1.9587, "2018-09-30": 4.6679, "2018-06-30": 2.4849, "2018-03-31": "1.72820", "2017-12-31": 4.3893, "2017-09-30": 3.7079, "2017-06-30": 2.4878, "2017-03-31": "1.21060", "2016-12-31": 2.4646, "2016-09-30": 1.3602, "2016-06-30": 1.8584, "2016-03-31": "0.98730", "2015-12-31": 1.788, "2015-09-30": 3.0954, "2015-06-30": 1.8417, "2015-03-31": "1.43050", "2014-12-31": 1.9263, "2014-09-30": 2.5673, "2014-06-30": 1.6408, "2014-03-31": "1.59050", "2013-12-31": 1.5351, "2013-09-30": 2.1821, "2013-06-30": 1.0408, "2013-03-31": "0.86870", "2012-12-31": 0.8956, "2012-09-30": 1.3251, "2012-06-30": 1.5786, "2012-03-31": "0.79310", "2011-12-31": 0.8664, "2011-09-30": 0.8973, "2011-06-30": 0.6357, "2011-03-31": "0.30750", "2010-12-31": 0.52, "2010-09-30": 1.2129, "2010-06-30": 0.844, "2010-03-31": "-0.42030", "2009-12-31": 0.1853, "2009-09-30": 0.4526, "2009-06-30": 0.2479, "2009-03-31": "0.91420", "2008-12-31": 0.8347, "2008-09-30": 0.6444, "2008-06-30": 0.1541, "2008-03-31": "-0.21540", "2007-12-31": -0.2527, "2007-09-30": 0.4655, "2007-06-30": 0.5862, "2007-03-31": "-0.32460", "2006-12-31": 0.1782, "2006-09-30": 0.5133, "2006-06-30": 0.6142, "2006-03-31": "0.51170", "2005-12-31": 1.0985, "2005-09-30": 0.2398, "2005-06-30": 0.7017, "2005-03-31": "0.40020"}, "Free Cash Flow Per Share": {"2020-09-30": 1.913, "2020-06-30": 2.5074, "2020-03-31": "-0.80190", "2019-12-31": 1.1605, "2019-09-30": 2.3969, "2019-06-30": 0.869, "2019-03-31": "-0.43440", "2018-12-31": 0.4565, "2018-09-30": 3.1638, "2018-06-30": 1.2734, "2018-03-31": "0.54540", "2017-12-31": 3.1224, "2017-09-30": 2.6857, "2017-06-30": 1.356, "2017-03-31": "0.17730", "2016-12-31": 1.2356, "2016-09-30": -0.0418, "2016-06-30": 0.6931, "2016-03-31": "-0.05580", "2015-12-31": 0.5686, "2015-09-30": 2.1364, "2015-06-30": 1.0282, "2015-03-31": "0.71120", "2014-12-31": 1.0256, "2014-09-30": 1.865, "2014-06-30": 0.8481, "2014-03-31": "0.76170", "2013-12-31": 0.1823, "2013-09-30": 0.6847, "2013-06-30": -0.0594, "2013-03-31": "-0.25800", "2012-12-31": -0.2318, "2012-09-30": 0.5856, "2012-06-30": 1.0015, "2012-03-31": "0.30560", "2011-12-31": 0.3783, "2011-09-30": 0.5757, "2011-06-30": 0.3466, "2011-03-31": "0.09440", "2010-12-31": 0.2919, "2010-09-30": 1.0629, "2010-06-30": 0.7227, "2010-03-31": "-0.53260", "2009-12-31": -0.085, "2009-09-30": 0.3423, "2009-06-30": 0.1401, "2009-03-31": "0.66500", "2008-12-31": 0.4899, "2008-09-30": 0.3005, "2008-06-30": -0.1398, "2008-03-31": "-0.54140", "2007-12-31": -0.6268, "2007-09-30": 0.1914, "2007-06-30": 0.3446, "2007-03-31": "-0.46910", "2006-12-31": -0.0928, "2006-09-30": 0.2238, "2006-06-30": 0.3511, "2006-03-31": "0.29290", "2005-12-31": 0.9065, "2005-09-30": 0.1127, "2005-06-30": 0.4967, "2005-03-31": "0.26740"}}, "revenue": {"Westlake Chemical Annual Revenue (Millions of US $)": {"2019": "$8,118", "2018": "$8,635", "2017": "$8,041", "2016": "$5,076", "2015": "$4,463", "2014": "$4,415", "2013": "$3,759", "2012": "$3,571", "2011": "$3,620", "2010": "$3,172", "2009": "$2,326", "2008": "$3,692", "2007": "$3,192", "2006": "$2,484", "2005": "$2,441"}, "Westlake Chemical Quarterly Revenue (Millions of US $)": {"2020-09-30": "$1,898", "2020-06-30": "$1,709", "2020-03-31": "$1,932", "2019-12-31": "$1,883", "2019-09-30": "$2,066", "2019-06-30": "$2,144", "2019-03-31": "$2,025", "2018-12-31": "$1,995", "2018-09-30": "$2,255", "2018-06-30": "$2,235", "2018-03-31": "$2,150", "2017-12-31": "$2,010", "2017-09-30": "$2,109", "2017-06-30": "$1,979", "2017-03-31": "$1,943", "2016-12-31": "$1,736", "2016-09-30": "$1,279", "2016-06-30": "$1,086", "2016-03-31": "$975", "2015-12-31": "$986", "2015-09-30": "$1,188", "2015-06-30": "$1,185", "2015-03-31": "$1,104", "2014-12-31": "$1,136", "2014-09-30": "$1,253", "2014-06-30": "$999", "2014-03-31": "$1,028", "2013-12-31": "$952", "2013-09-30": "$1,004", "2013-06-30": "$939", "2013-03-31": "$865", "2012-12-31": "$801", "2012-09-30": "$821", "2012-06-30": "$914", "2012-03-31": "$1,035", "2011-12-31": "$859", "2011-09-30": "$968", "2011-06-30": "$925", "2011-03-31": "$867", "2010-12-31": "$795", "2010-09-30": "$780", "2010-06-30": "$818", "2010-03-31": "$778", "2009-12-31": "$630", "2009-09-30": "$633", "2009-06-30": "$575", "2009-03-31": "$488", "2008-12-31": "$597", "2008-09-30": "$1,074", "2008-06-30": "$1,106", "2008-03-31": "$915", "2007-12-31": "$851", "2007-09-30": "$840", "2007-06-30": "$783", "2007-03-31": "$719", "2006-12-31": "$524", "2006-09-30": "$672", "2006-06-30": "$669", "2006-03-31": "$619", "2005-12-31": "$636", "2005-09-30": "$605", "2005-06-30": "$581", "2005-03-31": "$619"}}, "gross-profit": {"Westlake Chemical Annual Gross Profit (Millions of US $)": {"2019": "$1,260", "2018": "$1,987", "2017": "$1,761", "2016": "$983", "2015": "$1,185", "2014": "$1,317", "2013": "$1,101", "2012": "$737", "2011": "$559", "2010": "$483", "2009": "$195", "2008": "$69", "2007": "$271", "2006": "$396", "2005": "$444"}, "Westlake Chemical Quarterly Gross Profit (Millions of US $)": {"2020-09-30": "$248", "2020-06-30": "$169", "2020-03-31": "$283", "2019-12-31": "$250", "2019-09-30": "$371", "2019-06-30": "$340", "2019-03-31": "$299", "2018-12-31": "$354", "2018-09-30": "$539", "2018-06-30": "$552", "2018-03-31": "$542", "2017-12-31": "$496", "2017-09-30": "$496", "2017-06-30": "$403", "2017-03-31": "$366", "2016-12-31": "$284", "2016-09-30": "$202", "2016-06-30": "$241", "2016-03-31": "$256", "2015-12-31": "$236", "2015-09-30": "$311", "2015-06-30": "$353", "2015-03-31": "$285", "2014-12-31": "$363", "2014-09-30": "$362", "2014-06-30": "$306", "2014-03-31": "$287", "2013-12-31": "$296", "2013-09-30": "$304", "2013-06-30": "$273", "2013-03-31": "$228", "2012-12-31": "$190", "2012-09-30": "$172", "2012-06-30": "$202", "2012-03-31": "$173", "2011-12-31": "$77", "2011-09-30": "$147", "2011-06-30": "$167", "2011-03-31": "$168", "2010-12-31": "$164", "2010-09-30": "$135", "2010-06-30": "$126", "2010-03-31": "$58", "2009-12-31": "$47", "2009-09-30": "$73", "2009-06-30": "$56", "2009-03-31": "$20", "2008-12-31": "$-136", "2008-09-30": "$72", "2008-06-30": "$96", "2008-03-31": "$37", "2007-12-31": "$43", "2007-09-30": "$86", "2007-06-30": "$84", "2007-03-31": "$58", "2006-12-31": "$31", "2006-09-30": "$109", "2006-06-30": "$125", "2006-03-31": "$131", "2005-12-31": "$135", "2005-09-30": "$89", "2005-06-30": "$99", "2005-03-31": "$120"}}, "operating-income": {"Westlake Chemical Annual Operating Income (Millions of US $)": {"2019": "$656", "2018": "$1,408", "2017": "$1,225", "2016": "$583", "2015": "$960", "2014": "$1,124", "2013": "$953", "2012": "$615", "2011": "$447", "2010": "$378", "2009": "$107", "2008": "$-30", "2007": "$175", "2006": "$313", "2005": "$367"}, "Westlake Chemical Quarterly Operating Income (Millions of US $)": {"2020-09-30": "$79", "2020-06-30": "$36", "2020-03-31": "$136", "2019-12-31": "$102", "2019-09-30": "$226", "2019-06-30": "$194", "2019-03-31": "$134", "2018-12-31": "$207", "2018-09-30": "$396", "2018-06-30": "$404", "2018-03-31": "$401", "2017-12-31": "$363", "2017-09-30": "$364", "2017-06-30": "$264", "2017-03-31": "$234", "2016-12-31": "$154", "2016-09-30": "$47", "2016-06-30": "$180", "2016-03-31": "$202", "2015-12-31": "$181", "2015-09-30": "$254", "2015-06-30": "$295", "2015-03-31": "$229", "2014-12-31": "$302", "2014-09-30": "$307", "2014-06-30": "$267", "2014-03-31": "$248", "2013-12-31": "$258", "2013-09-30": "$267", "2013-06-30": "$235", "2013-03-31": "$194", "2012-12-31": "$156", "2012-09-30": "$143", "2012-06-30": "$171", "2012-03-31": "$146", "2011-12-31": "$50", "2011-09-30": "$117", "2011-06-30": "$138", "2011-03-31": "$141", "2010-12-31": "$137", "2010-09-30": "$107", "2010-06-30": "$100", "2010-03-31": "$34", "2009-12-31": "$23", "2009-09-30": "$49", "2009-06-30": "$36", "2009-03-31": "$-1", "2008-12-31": "$-166", "2008-09-30": "$49", "2008-06-30": "$74", "2008-03-31": "$14", "2007-12-31": "$20", "2007-09-30": "$60", "2007-06-30": "$62", "2007-03-31": "$33", "2006-12-31": "$9", "2006-09-30": "$87", "2006-06-30": "$107", "2006-03-31": "$111", "2005-12-31": "$113", "2005-09-30": "$70", "2005-06-30": "$83", "2005-03-31": "$102"}}, "ebitda": {"Westlake Chemical Annual EBITDA (Millions of US $)": {"2019": "$1,369", "2018": "$2,049", "2017": "$1,826", "2016": "$961", "2015": "$1,206", "2014": "$1,334", "2013": "$1,113", "2012": "$761", "2011": "$580", "2010": "$509", "2009": "$232", "2008": "$83", "2007": "$279", "2006": "$400", "2005": "$450"}, "Westlake Chemical Quarterly EBITDA (Millions of US $)": {"2020-09-30": "$275", "2020-06-30": "$227", "2020-03-31": "$326", "2019-12-31": "$290", "2019-09-30": "$404", "2019-06-30": "$370", "2019-03-31": "$305", "2018-12-31": "$375", "2018-09-30": "$557", "2018-06-30": "$560", "2018-03-31": "$557", "2017-12-31": "$515", "2017-09-30": "$518", "2017-06-30": "$409", "2017-03-31": "$384", "2016-12-31": "$304", "2016-09-30": "$141", "2016-06-30": "$247", "2016-03-31": "$268", "2015-12-31": "$246", "2015-09-30": "$316", "2015-06-30": "$356", "2015-03-31": "$288", "2014-12-31": "$363", "2014-09-30": "$361", "2014-06-30": "$316", "2014-03-31": "$294", "2013-12-31": "$299", "2013-09-30": "$308", "2013-06-30": "$276", "2013-03-31": "$230", "2012-12-31": "$192", "2012-09-30": "$181", "2012-06-30": "$207", "2012-03-31": "$181", "2011-12-31": "$84", "2011-09-30": "$151", "2011-06-30": "$172", "2011-03-31": "$174", "2010-12-31": "$170", "2010-09-30": "$141", "2010-06-30": "$132", "2010-03-31": "$67", "2009-12-31": "$55", "2009-09-30": "$81", "2009-06-30": "$67", "2009-03-31": "$28", "2008-12-31": "$-135", "2008-09-30": "$77", "2008-06-30": "$101", "2008-03-31": "$40", "2007-12-31": "$46", "2007-09-30": "$87", "2007-06-30": "$89", "2007-03-31": "$57", "2006-12-31": "$33", "2006-09-30": "$108", "2006-06-30": "$127", "2006-03-31": "$132", "2005-12-31": "$133", "2005-09-30": "$90", "2005-06-30": "$104", "2005-03-31": "$123"}}, "net-income": {"Westlake Chemical Annual Net Income (Millions of US $)": {"2019": "$419", "2018": "$991", "2017": "$1,297", "2016": "$397", "2015": "$643", "2014": "$677", "2013": "$608", "2012": "$386", "2011": "$257", "2010": "$219", "2009": "$53", "2008": "$-30", "2007": "$115", "2006": "$195", "2005": "$227"}, "Westlake Chemical Quarterly Net Income (Millions of US $)": {"2020-09-30": "$57", "2020-06-30": "$15", "2020-03-31": "$145", "2019-12-31": "$70", "2019-09-30": "$158", "2019-06-30": "$119", "2019-03-31": "$72", "2018-12-31": "$118", "2018-09-30": "$308", "2018-06-30": "$278", "2018-03-31": "$287", "2017-12-31": "$796", "2017-09-30": "$210", "2017-06-30": "$153", "2017-03-31": "$138", "2016-12-31": "$97", "2016-09-30": "$66", "2016-06-30": "$111", "2016-03-31": "$123", "2015-12-31": "$108", "2015-09-30": "$184", "2015-06-30": "$205", "2015-03-31": "$146", "2014-12-31": "$182", "2014-09-30": "$168", "2014-06-30": "$169", "2014-03-31": "$158", "2013-12-31": "$169", "2013-09-30": "$170", "2013-06-30": "$145", "2013-03-31": "$123", "2012-12-31": "$97", "2012-09-30": "$87", "2012-06-30": "$115", "2012-03-31": "$87", "2011-12-31": "$26", "2011-09-30": "$67", "2011-06-30": "$80", "2011-03-31": "$83", "2010-12-31": "$82", "2010-09-30": "$63", "2010-06-30": "$57", "2010-03-31": "$18", "2009-12-31": "$12", "2009-09-30": "$30", "2009-06-30": "$17", "2009-03-31": "$-6", "2008-12-31": "$-110", "2008-09-30": "$27", "2008-06-30": "$47", "2008-03-31": "$5", "2007-12-31": "$19", "2007-09-30": "$38", "2007-06-30": "$38", "2007-03-31": "$20", "2006-12-31": "$14", "2006-09-30": "$62", "2006-06-30": "$67", "2006-03-31": "$51", "2005-12-31": "$74", "2005-09-30": "$44", "2005-06-30": "$49", "2005-03-31": "$61"}}, "eps-earnings-per-share-diluted": {"Westlake Chemical Annual EPS": {"2019": "$3.25", "2018": "$7.62", "2017": "$10.00", "2016": "$3.06", "2015": "$4.86", "2014": "$5.07", "2013": "$4.55", "2012": "$2.88", "2011": "$1.94", "2010": "$1.67", "2009": "$0.40", "2008": "$-0.23", "2007": "$0.88", "2006": "$1.49", "2005": "$1.74"}, "Westlake Chemical Quarterly EPS": {"2020-09-30": "$0.45", "2020-06-30": "$0.11", "2020-03-31": "$1.13", "2019-12-31": "$0.56", "2019-09-30": "$1.22", "2019-06-30": "$0.92", "2019-03-31": "$0.55", "2018-12-31": "$0.95", "2018-09-30": "$2.35", "2018-06-30": "$2.12", "2018-03-31": "$2.20", "2017-12-31": "$6.16", "2017-09-30": "$1.61", "2017-06-30": "$1.17", "2017-03-31": "$1.06", "2016-12-31": "$0.76", "2016-09-30": "$0.51", "2016-06-30": "$0.85", "2016-03-31": "$0.94", "2015-12-31": "$0.83", "2015-09-30": "$1.39", "2015-06-30": "$1.54", "2015-03-31": "$1.10", "2014-12-31": "$1.38", "2014-09-30": "$1.25", "2014-06-30": "$1.26", "2014-03-31": "$1.18", "2013-12-31": "$1.27", "2013-09-30": "$1.27", "2013-06-30": "$1.09", "2013-03-31": "$0.92", "2012-12-31": "$0.72", "2012-09-30": "$0.65", "2012-06-30": "$0.86", "2012-03-31": "$0.66", "2011-12-31": "$0.20", "2011-09-30": "$0.51", "2011-06-30": "$0.61", "2011-03-31": "$0.63", "2010-12-31": "$0.63", "2010-09-30": "$0.48", "2010-06-30": "$0.43", "2010-03-31": "$0.14", "2009-12-31": "$0.09", "2009-09-30": "$0.23", "2009-06-30": "$0.13", "2009-03-31": "$-0.05", "2008-12-31": "$-0.84", "2008-09-30": "$0.21", "2008-06-30": "$0.36", "2008-03-31": "$0.04", "2007-12-31": "$0.14", "2007-09-30": "$0.30", "2007-06-30": "$0.29", "2007-03-31": "$0.15", "2006-12-31": "$0.11", "2006-09-30": "$0.48", "2006-06-30": "$0.52", "2006-03-31": "$0.40", "2005-12-31": "$0.57", "2005-09-30": "$0.34", "2005-06-30": "$0.37", "2005-03-31": "$0.47"}}, "shares-outstanding": {"Westlake Chemical Annual Shares Outstanding (Millions of Shares)": {"2019": "129", "2018": "130", "2017": "130", "2016": "130", "2015": "132", "2014": "134", "2013": "134", "2012": "133", "2011": "133", "2010": "131", "2009": "131", "2008": "131", "2007": "131", "2006": "131", "2005": "131"}, "Westlake Chemical Quarterly Shares Outstanding (Millions of Shares)": {"2020-09-30": "128", "2020-06-30": "128", "2020-03-31": "128", "2019-12-31": "129", "2019-09-30": "129", "2019-06-30": "129", "2019-03-31": "129", "2018-12-31": "130", "2018-09-30": "130", "2018-06-30": "130", "2018-03-31": "130", "2017-12-31": "130", "2017-09-30": "130", "2017-06-30": "130", "2017-03-31": "130", "2016-12-31": "130", "2016-09-30": "129", "2016-06-30": "130", "2016-03-31": "131", "2015-12-31": "132", "2015-09-30": "132", "2015-06-30": "133", "2015-03-31": "133", "2014-12-31": "134", "2014-09-30": "134", "2014-06-30": "134", "2014-03-31": "134", "2013-12-31": "134", "2013-09-30": "134", "2013-06-30": "134", "2013-03-31": "134", "2012-12-31": "133", "2012-09-30": "133", "2012-06-30": "133", "2012-03-31": "133", "2011-12-31": "133", "2011-09-30": "133", "2011-06-30": "133", "2011-03-31": "132", "2010-12-31": "131", "2010-09-30": "131", "2010-06-30": "131", "2010-03-31": "131", "2009-12-31": "131", "2009-09-30": "132", "2009-06-30": "132", "2009-03-31": "132", "2008-12-31": "131", "2008-09-30": "131", "2008-06-30": "131", "2008-03-31": "131", "2007-12-31": "131", "2007-09-30": "131", "2007-06-30": "131", "2007-03-31": "131", "2006-12-31": "131", "2006-09-30": "130", "2006-06-30": "130", "2006-03-31": "130", "2005-12-31": "131", "2005-09-30": "131", "2005-06-30": "130", "2005-03-31": "131"}}, "total-assets": {"Westlake Chemical Annual Total Assets (Millions of US $)": {"2019": "$13,261", "2018": "$11,602", "2017": "$12,076", "2016": "$10,890", "2015": "$5,569", "2014": "$5,214", "2013": "$4,061", "2012": "$3,412", "2011": "$3,267", "2010": "$2,954", "2009": "$2,446", "2008": "$2,287", "2007": "$2,569", "2006": "$2,082", "2005": "$1,827"}, "Westlake Chemical Quarterly Total Assets (Millions of US $)": {"2020-09-30": "$13,694", "2020-06-30": "$13,555", "2020-03-31": "$14,163", "2019-12-31": "$13,261", "2019-09-30": "$13,107", "2019-06-30": "$12,216", "2019-03-31": "$12,104", "2018-12-31": "$11,602", "2018-09-30": "$11,721", "2018-06-30": "$11,346", "2018-03-31": "$11,604", "2017-12-31": "$12,076", "2017-09-30": "$11,244", "2017-06-30": "$10,886", "2017-03-31": "$10,725", "2016-12-31": "$10,890", "2016-09-30": "$10,897", "2016-06-30": "$5,921", "2016-03-31": "$5,724", "2015-12-31": "$5,569", "2015-09-30": "$5,524", "2015-06-30": "$5,411", "2015-03-31": "$5,180", "2014-12-31": "$5,214", "2014-09-30": "$5,126", "2014-06-30": "$4,369", "2014-03-31": "$4,172", "2013-12-31": "$4,061", "2013-09-30": "$3,923", "2013-06-30": "$3,708", "2013-03-31": "$3,559", "2012-12-31": "$3,412", "2012-09-30": "$3,544", "2012-06-30": "$3,442", "2012-03-31": "$3,330", "2011-12-31": "$3,267", "2011-09-30": "$3,207", "2011-06-30": "$3,148", "2011-03-31": "$3,007", "2010-12-31": "$2,954", "2010-09-30": "$2,668", "2010-06-30": "$2,544", "2010-03-31": "$2,467", "2009-12-31": "$2,446", "2009-09-30": "$2,411", "2009-06-30": "$2,335", "2009-03-31": "$2,288", "2008-12-31": "$2,287", "2008-09-30": "$2,597", "2008-06-30": "$2,686", "2008-03-31": "$2,526", "2007-12-31": "$2,569", "2007-09-30": "$2,315", "2007-06-30": "$2,172", "2007-03-31": "$2,110", "2006-12-31": "$2,082", "2006-09-30": "$1,972", "2006-06-30": "$1,942", "2006-03-31": "$1,817", "2005-12-31": "$1,827", "2005-09-30": "$1,704", "2005-06-30": "$1,648", "2005-03-31": "$1,628"}}, "cash-on-hand": {"Westlake Chemical Annual Cash on Hand (Millions of US $)": {"2019": "$728", "2018": "$753", "2017": "$1,531", "2016": "$620", "2015": "$1,183", "2014": "$881", "2013": "$701", "2012": "$915", "2011": "$826", "2010": "$630", "2009": "$246", "2008": "$90", "2007": "$25", "2006": "$53", "2005": "$238"}, "Westlake Chemical Quarterly Cash on Hand (Millions of US $)": {"2020-09-30": "$1,217", "2020-06-30": "$1,109", "2020-03-31": "$1,537", "2019-12-31": "$728", "2019-09-30": "$1,437", "2019-06-30": "$409", "2019-03-31": "$445", "2018-12-31": "$753", "2018-09-30": "$788", "2018-06-30": "$482", "2018-03-31": "$851", "2017-12-31": "$1,531", "2017-09-30": "$687", "2017-06-30": "$404", "2017-03-31": "$382", "2016-12-31": "$620", "2016-09-30": "$550", "2016-06-30": "$1,123", "2016-03-31": "$1,140", "2015-12-31": "$1,183", "2015-09-30": "$1,248", "2015-06-30": "$1,027", "2015-03-31": "$946", "2014-12-31": "$881", "2014-09-30": "$813", "2014-06-30": "$876", "2014-03-31": "$776", "2013-12-31": "$701", "2013-09-30": "$717", "2013-06-30": "$655", "2013-03-31": "$873", "2012-12-31": "$915", "2012-09-30": "$1,198", "2012-06-30": "$1,111", "2012-03-31": "$895", "2011-12-31": "$826", "2011-09-30": "$759", "2011-06-30": "$712", "2011-03-31": "$655", "2010-12-31": "$630", "2010-09-30": "$428", "2010-06-30": "$289", "2010-03-31": "$185", "2009-12-31": "$246", "2009-09-30": "$253", "2009-06-30": "$204", "2009-03-31": "$179", "2008-12-31": "$90", "2008-09-30": "$22", "2008-06-30": "$22", "2008-03-31": "$8", "2007-12-31": "$25", "2007-09-30": "$139", "2007-06-30": "$43", "2007-03-31": "$13", "2006-12-31": "$53", "2006-09-30": "$303", "2006-06-30": "$276", "2006-03-31": "$236", "2005-12-31": "$238", "2005-09-30": "$123", "2005-06-30": "$110", "2005-03-31": "$47"}}, "long-term-debt": {"Westlake Chemical Annual Long Term Debt (Millions of US $)": {"2019": "$3,445", "2018": "$2,668", "2017": "$3,127", "2016": "$3,679", "2015": "$758", "2014": "$764", "2013": "$764", "2012": "$764", "2011": "$765", "2010": "$764", "2009": "$515", "2008": "$510", "2007": "$511", "2006": "$260", "2005": "$266"}, "Westlake Chemical Quarterly Long Term Debt (Millions of US $)": {"2020-09-30": "$3,681", "2020-06-30": "$3,745", "2020-03-31": "$4,432", "2019-12-31": "$3,445", "2019-09-30": "$3,424", "2019-06-30": "$2,669", "2019-03-31": "$2,669", "2018-12-31": "$2,668", "2018-09-30": "$2,667", "2018-06-30": "$2,666", "2018-03-31": "$2,666", "2017-12-31": "$3,127", "2017-09-30": "$3,349", "2017-06-30": "$3,490", "2017-03-31": "$3,602", "2016-12-31": "$3,679", "2016-09-30": "$3,681", "2016-06-30": "$758", "2016-03-31": "$758", "2015-12-31": "$758", "2015-09-30": "$764", "2015-06-30": "$764", "2015-03-31": "$764", "2014-12-31": "$764", "2014-09-30": "$764", "2014-06-30": "$764", "2014-03-31": "$764", "2013-12-31": "$764", "2013-09-30": "$764", "2013-06-30": "$764", "2013-03-31": "$764", "2012-12-31": "$764", "2012-09-30": "$764", "2012-06-30": "$765", "2012-03-31": "$765", "2011-12-31": "$765", "2011-09-30": "$765", "2011-06-30": "$765", "2011-03-31": "$765", "2010-12-31": "$764", "2010-09-30": "$610", "2010-06-30": "$515", "2010-03-31": "$515", "2009-12-31": "$515", "2009-09-30": "$515", "2009-06-30": "$510", "2009-03-31": "$510", "2008-12-31": "$510", "2008-09-30": "$516", "2008-06-30": "$549", "2008-03-31": "$555", "2007-12-31": "$511", "2007-09-30": "$335", "2007-06-30": "$260", "2007-03-31": "$281", "2006-12-31": "$260", "2006-09-30": "$260", "2006-06-30": "$260", "2006-03-31": "$260", "2005-12-31": "$266", "2005-09-30": "$266", "2005-06-30": "$266", "2005-03-31": "$267"}}, "total-liabilities": {"Westlake Chemical Annual Total Liabilities (Millions of US $)": {"2019": "$6,858", "2018": "$5,526", "2017": "$6,707", "2016": "$6,998", "2015": "$2,007", "2014": "$2,012", "2013": "$1,642", "2012": "$1,540", "2011": "$1,511", "2010": "$1,449", "2009": "$1,161", "2008": "$1,048", "2007": "$1,283", "2006": "$909", "2005": "$833"}, "Westlake Chemical Quarterly Total Liabilities (Millions of US $)": {"2020-09-30": "$7,206", "2020-06-30": "$7,118", "2020-03-31": "$7,725", "2019-12-31": "$6,858", "2019-09-30": "$6,745", "2019-06-30": "$5,957", "2019-03-31": "$5,919", "2018-12-31": "$5,526", "2018-09-30": "$5,633", "2018-06-30": "$5,500", "2018-03-31": "$5,963", "2017-12-31": "$6,707", "2017-09-30": "$6,693", "2017-06-30": "$6,677", "2017-03-31": "$6,692", "2016-12-31": "$6,998", "2016-09-30": "$7,073", "2016-06-30": "$2,183", "2016-03-31": "$2,020", "2015-12-31": "$2,007", "2015-09-30": "$2,005", "2015-06-30": "$1,994", "2015-03-31": "$1,909", "2014-12-31": "$2,012", "2014-09-30": "$2,004", "2014-06-30": "$1,641", "2014-03-31": "$1,603", "2013-12-31": "$1,642", "2013-09-30": "$1,658", "2013-06-30": "$1,596", "2013-03-31": "$1,569", "2012-12-31": "$1,540", "2012-09-30": "$1,511", "2012-06-30": "$1,490", "2012-03-31": "$1,467", "2011-12-31": "$1,511", "2011-09-30": "$1,478", "2011-06-30": "$1,474", "2011-03-31": "$1,412", "2010-12-31": "$1,449", "2010-09-30": "$1,248", "2010-06-30": "$1,186", "2010-03-31": "$1,164", "2009-12-31": "$1,161", "2009-09-30": "$1,134", "2009-06-30": "$1,087", "2009-03-31": "$1,057", "2008-12-31": "$1,048", "2008-09-30": "$1,238", "2008-06-30": "$1,352", "2008-03-31": "$1,237", "2007-12-31": "$1,283", "2007-09-30": "$1,047", "2007-06-30": "$943", "2007-03-31": "$919", "2006-12-31": "$909", "2006-09-30": "$800", "2006-06-30": "$831", "2006-03-31": "$773", "2005-12-31": "$833", "2005-09-30": "$782", "2005-06-30": "$772", "2005-03-31": "$799"}}, "total-share-holder-equity": {"Westlake Chemical Annual Share Holder Equity (Millions of US $)": {"2019": "$6,403", "2018": "$6,076", "2017": "$5,369", "2016": "$3,892", "2015": "$3,562", "2014": "$3,202", "2013": "$2,419", "2012": "$1,872", "2011": "$1,756", "2010": "$1,505", "2009": "$1,285", "2008": "$1,239", "2007": "$1,287", "2006": "$1,174", "2005": "$994"}, "Westlake Chemical Quarterly Share Holder Equity (Millions of US $)": {"2020-09-30": "$6,488", "2020-06-30": "$6,437", "2020-03-31": "$6,438", "2019-12-31": "$6,403", "2019-09-30": "$6,362", "2019-06-30": "$6,259", "2019-03-31": "$6,185", "2018-12-31": "$6,076", "2018-09-30": "$6,088", "2018-06-30": "$5,846", "2018-03-31": "$5,641", "2017-12-31": "$5,369", "2017-09-30": "$4,551", "2017-06-30": "$4,209", "2017-03-31": "$4,033", "2016-12-31": "$3,892", "2016-09-30": "$3,824", "2016-06-30": "$3,737", "2016-03-31": "$3,704", "2015-12-31": "$3,562", "2015-09-30": "$3,520", "2015-06-30": "$3,417", "2015-03-31": "$3,271", "2014-12-31": "$3,202", "2014-09-30": "$3,122", "2014-06-30": "$2,728", "2014-03-31": "$2,569", "2013-12-31": "$2,419", "2013-09-30": "$2,265", "2013-06-30": "$2,112", "2013-03-31": "$1,990", "2012-12-31": "$1,872", "2012-09-30": "$2,033", "2012-06-30": "$1,952", "2012-03-31": "$1,863", "2011-12-31": "$1,756", "2011-09-30": "$1,729", "2011-06-30": "$1,674", "2011-03-31": "$1,595", "2010-12-31": "$1,505", "2010-09-30": "$1,420", "2010-06-30": "$1,358", "2010-03-31": "$1,303", "2009-12-31": "$1,285", "2009-09-30": "$1,278", "2009-06-30": "$1,248", "2009-03-31": "$1,231", "2008-12-31": "$1,239", "2008-09-30": "$1,359", "2008-06-30": "$1,334", "2008-03-31": "$1,289", "2007-12-31": "$1,287", "2007-09-30": "$1,267", "2007-06-30": "$1,230", "2007-03-31": "$1,192", "2006-12-31": "$1,174", "2006-09-30": "$1,172", "2006-06-30": "$1,111", "2006-03-31": "$1,045", "2005-12-31": "$994", "2005-09-30": "$922", "2005-06-30": "$876", "2005-03-31": "$829"}}, "profit-margins": {"current": "3.89%"}, "gross margin": {"2020-09-30": "12.80%", "2020-06-30": "14.14%", "2020-03-31": "15.50%", "2019-12-31": "15.52%", "2019-09-30": "16.57%", "2019-06-30": "18.20%", "2019-03-31": "20.49%", "2018-12-31": "23.01%", "2018-09-30": "24.61%", "2018-06-30": "24.53%", "2018-03-31": "23.48%", "2017-12-31": "21.90%", "2017-09-30": "19.94%", "2017-06-30": "18.09%", "2017-03-31": "18.08%", "2016-12-31": "19.37%", "2016-09-30": "21.61%", "2016-06-30": "24.65%", "2016-03-31": "26.67%", "2015-12-31": "26.55%", "2015-09-30": "28.44%", "2015-06-30": "29.14%", "2015-03-31": "29.30%", "2014-12-31": "29.85%", "2014-09-30": "29.56%", "2014-06-30": "29.95%", "2014-03-31": "29.57%", "2013-12-31": "29.28%", "2013-09-30": "27.57%", "2013-06-30": "25.19%", "2013-03-31": "23.29%", "2012-12-31": "20.64%", "2012-09-30": "17.19%", "2012-06-30": "15.86%", "2012-03-31": "14.89%", "2011-12-31": "15.45%", "2011-09-30": "18.17%", "2011-06-30": "18.83%", "2011-03-31": "18.19%", "2010-12-31": "15.23%", "2010-09-30": "12.18%", "2010-06-30": "10.63%", "2010-03-31": "8.94%", "2009-12-31": "8.43%", "2009-09-30": "0.57%", "2009-06-30": "0.44%", "2009-03-31": "1.59%", "2008-12-31": "1.87%", "2008-09-30": "6.28%", "2008-06-30": "7.06%", "2008-03-31": "7.38%", "2007-12-31": "8.49%", "2007-09-30": "9.04%", "2007-06-30": "10.45%", "2007-03-31": "12.50%", "2006-12-31": "15.94%", "2006-09-30": "19.26%", "2006-06-30": "18.98%", "2006-03-31": "18.60%", "2005-12-31": "18.15%"}, "operating margin": {"2020-09-30": "4.76%", "2020-06-30": "6.59%", "2020-03-31": "8.20%", "2019-12-31": "8.08%", "2019-09-30": "9.25%", "2019-06-30": "11.06%", "2019-03-31": "13.41%", "2018-12-31": "16.31%", "2018-09-30": "18.08%", "2018-06-30": "18.02%", "2018-03-31": "16.88%", "2017-12-31": "15.23%", "2017-09-30": "13.08%", "2017-06-30": "10.08%", "2017-03-31": "10.18%", "2016-12-31": "11.49%", "2016-09-30": "14.10%", "2016-06-30": "19.29%", "2016-03-31": "21.50%", "2015-12-31": "21.49%", "2015-09-30": "23.41%", "2015-06-30": "24.22%", "2015-03-31": "24.60%", "2014-12-31": "25.45%", "2014-09-30": "25.52%", "2014-06-30": "26.11%", "2014-03-31": "25.69%", "2013-12-31": "25.37%", "2013-09-30": "23.61%", "2013-06-30": "21.25%", "2013-03-31": "19.52%", "2012-12-31": "17.25%", "2012-09-30": "14.05%", "2012-06-30": "12.82%", "2012-03-31": "11.91%", "2011-12-31": "12.32%", "2011-09-30": "14.99%", "2011-06-30": "15.53%", "2011-03-31": "14.88%", "2010-12-31": "11.92%", "2010-09-30": "8.78%", "2010-06-30": "7.21%", "2010-03-31": "5.43%", "2009-12-31": "4.60%", "2009-09-30": "-3.58%", "2009-06-30": "-3.00%", "2009-03-31": "-1.35%", "2008-12-31": "-0.79%", "2008-09-30": "3.98%", "2008-06-30": "4.53%", "2008-03-31": "4.60%", "2007-12-31": "5.48%", "2007-09-30": "5.72%", "2007-06-30": "7.08%", "2007-03-31": "9.13%", "2006-12-31": "12.64%", "2006-09-30": "16.10%", "2006-06-30": "15.86%", "2006-03-31": "15.44%", "2005-12-31": "15.08%"}, "ebitda margin": {"2020-09-30": "15.06%", "2020-06-30": "16.43%", "2020-03-31": "17.32%", "2019-12-31": "16.86%", "2019-09-30": "17.67%", "2019-06-30": "19.09%", "2019-03-31": "21.12%", "2018-12-31": "23.73%", "2018-09-30": "25.31%", "2018-06-30": "25.28%", "2018-03-31": "24.24%", "2017-12-31": "22.71%", "2017-09-30": "20.79%", "2017-06-30": "17.85%", "2017-03-31": "17.80%", "2016-12-31": "18.91%", "2016-09-30": "20.85%", "2016-06-30": "25.43%", "2016-03-31": "27.37%", "2015-12-31": "27.02%", "2015-09-30": "28.68%", "2015-06-30": "29.24%", "2015-03-31": "29.56%", "2014-12-31": "30.21%", "2014-09-30": "30.01%", "2014-06-30": "30.55%", "2014-03-31": "30.00%", "2013-12-31": "29.60%", "2013-09-30": "27.87%", "2013-06-30": "25.66%", "2013-03-31": "23.82%", "2012-12-31": "21.31%", "2012-09-30": "17.99%", "2012-06-30": "16.50%", "2012-03-31": "15.53%", "2011-12-31": "16.05%", "2011-09-30": "18.76%", "2011-06-30": "19.51%", "2011-03-31": "18.93%", "2010-12-31": "16.08%", "2010-09-30": "13.14%", "2010-06-30": "11.72%", "2010-03-31": "10.32%", "2009-12-31": "9.93%", "2009-09-30": "1.79%", "2009-06-30": "1.35%", "2009-03-31": "2.17%", "2008-12-31": "2.25%", "2008-09-30": "6.69%", "2008-06-30": "7.38%", "2008-03-31": "7.73%", "2007-12-31": "8.74%", "2007-09-30": "9.28%", "2007-06-30": "10.64%", "2007-03-31": "12.58%", "2006-12-31": "16.10%", "2006-09-30": "19.26%", "2006-06-30": "19.06%", "2006-03-31": "18.80%", "2005-12-31": "18.44%"}, "pre tax profit margin": {"2020-09-30": "3.34%", "2020-06-30": "5.40%", "2020-03-31": "7.14%", "2019-12-31": "7.02%", "2019-09-30": "8.18%", "2019-06-30": "10.07%", "2019-03-31": "12.47%", "2018-12-31": "15.45%", "2018-09-30": "17.14%", "2018-06-30": "16.70%", "2018-03-31": "15.35%", "2017-12-31": "13.44%", "2017-09-30": "11.20%", "2017-06-30": "8.72%", "2017-03-31": "9.27%", "2016-12-31": "10.97%", "2016-09-30": "14.33%", "2016-06-30": "19.01%", "2016-03-31": "21.48%", "2015-12-31": "21.56%", "2015-09-30": "23.22%", "2015-06-30": "23.90%", "2015-03-31": "23.86%", "2014-12-31": "24.55%", "2014-09-30": "24.95%", "2014-06-30": "25.71%", "2014-03-31": "25.29%", "2013-12-31": "25.05%", "2013-09-30": "23.08%", "2013-06-30": "20.29%", "2013-03-31": "18.85%", "2012-12-31": "16.38%", "2012-09-30": "13.09%", "2012-06-30": "12.08%", "2012-03-31": "10.75%", "2011-12-31": "11.08%", "2011-09-30": "13.81%", "2011-06-30": "14.32%", "2011-03-31": "13.68%", "2010-12-31": "10.85%", "2010-09-30": "7.65%", "2010-06-30": "6.12%", "2010-03-31": "4.32%", "2009-12-31": "3.40%", "2009-09-30": "-4.80%", "2009-06-30": "-4.02%", "2009-03-31": "-2.24%", "2008-12-31": "-1.57%", "2008-09-30": "3.35%", "2008-06-30": "3.91%", "2008-03-31": "4.01%", "2007-12-31": "4.95%", "2007-09-30": "5.23%", "2007-06-30": "6.75%", "2007-03-31": "8.94%", "2006-12-31": "11.35%", "2006-09-30": "14.75%", "2006-06-30": "14.27%", "2006-03-31": "13.56%", "2005-12-31": "14.17%"}, "net profit margin": {"2020-09-30": "3.87%", "2020-06-30": "5.11%", "2020-03-31": "6.13%", "2019-12-31": "5.16%", "2019-09-30": "5.67%", "2019-06-30": "7.33%", "2019-03-31": "9.12%", "2018-12-31": "11.48%", "2018-09-30": "19.29%", "2018-06-30": "18.47%", "2018-03-31": "17.53%", "2017-12-31": "16.13%", "2017-09-30": "7.70%", "2017-06-30": "6.54%", "2017-03-31": "6.82%", "2016-12-31": "7.82%", "2016-09-30": "9.43%", "2016-06-30": "12.42%", "2016-03-31": "14.31%", "2015-12-31": "14.41%", "2015-09-30": "15.54%", "2015-06-30": "14.99%", "2015-03-31": "14.80%", "2014-12-31": "15.33%", "2014-09-30": "15.69%", "2014-06-30": "16.72%", "2014-03-31": "16.37%", "2013-12-31": "16.14%", "2013-09-30": "14.82%", "2013-06-30": "13.19%", "2013-03-31": "12.41%", "2012-12-31": "10.81%", "2012-09-30": "8.68%", "2012-06-30": "7.81%", "2012-03-31": "6.87%", "2011-12-31": "7.07%", "2011-09-30": "8.78%", "2011-06-30": "9.15%", "2011-03-31": "8.74%", "2010-12-31": "6.94%", "2010-09-30": "4.99%", "2010-06-30": "4.09%", "2010-03-31": "2.94%", "2009-12-31": "2.28%", "2009-09-30": "-3.01%", "2009-06-30": "-2.63%", "2009-03-31": "-1.29%", "2008-12-31": "-0.84%", "2008-09-30": "2.48%", "2008-06-30": "2.94%", "2008-03-31": "2.95%", "2007-12-31": "3.60%", "2007-09-30": "3.84%", "2007-06-30": "4.97%", "2007-03-31": "6.31%", "2006-12-31": "7.81%", "2006-09-30": "9.78%", "2006-06-30": "9.33%", "2006-03-31": "8.93%", "2005-12-31": "9.34%"}, "pe ratio": {"current": "48.70", "2021-02-05": "37.44", "2020-09-30": "28.00", "2020-06-30": "17.62", "2020-03-31": "9.83", "2019-12-31": "21.19", "2019-09-30": "17.61", "2019-06-30": "14.18", "2019-03-31": "11.02", "2018-12-31": "8.39", "2018-09-30": "6.24", "2018-06-30": "8.56", "2018-03-31": "9.57", "2017-12-31": "10.20", "2017-09-30": "17.25", "2017-06-30": "18.01", "2017-03-31": "19.72", "2016-12-31": "17.32", "2016-09-30": "16.07", "2016-06-30": "10.03", "2016-03-31": "9.20", "2015-12-31": "10.39", "2015-09-30": "8.93", "2015-06-30": "12.07", "2015-03-31": "13.34", "2014-12-31": "11.12", "2014-09-30": "16.04", "2014-06-30": "15.43", "2014-03-31": "12.61", "2013-12-31": "12.29", "2013-09-30": "11.99", "2013-06-30": "13.05", "2013-03-31": "13.54", "2012-12-31": "12.51", "2012-09-30": "13.30", "2012-06-30": "10.11", "2012-03-31": "14.14", "2011-12-31": "8.91", "2011-09-30": "6.20", "2011-06-30": "9.49", "2011-03-31": "11.10", "2010-12-31": "11.09", "2010-09-30": "11.22", "2010-06-30": "8.90", "2010-03-31": "18.65", "2009-12-31": "25.97", "2009-09-30": "0.00", "2009-06-30": "0.00", "2009-03-31": "0.00", "2008-12-31": "0.00", "2008-09-30": "11.58", "2008-06-30": "7.33", "2008-03-31": "7.01", "2007-12-31": "8.90", "2007-09-30": "12.32", "2007-06-30": "11.26", "2007-03-31": "8.90", "2006-12-31": "8.59"}, "price sales": {"2021-02-05": "1.46", "2020-09-30": "1.09", "2020-06-30": "0.90", "2020-03-31": "0.60", "2019-12-31": "1.09", "2019-09-30": "1.01", "2019-06-30": "1.04", "2019-03-31": "1.00", "2018-12-31": "0.96", "2018-09-30": "1.20", "2018-06-30": "1.58", "2018-03-31": "1.68", "2017-12-31": "1.64", "2017-09-30": "1.33", "2017-06-30": "1.18", "2017-03-31": "1.35", "2016-12-31": "1.36", "2016-09-30": "1.52", "2016-06-30": "1.25", "2016-03-31": "1.32", "2015-12-31": "1.50", "2015-09-30": "1.39", "2015-06-30": "1.81", "2015-03-31": "1.98", "2014-12-31": "1.70", "2014-09-30": "2.52", "2014-06-30": "2.58", "2014-03-31": "2.07", "2013-12-31": "1.99", "2013-09-30": "1.77", "2013-06-30": "1.71", "2013-03-31": "1.67", "2012-12-31": "1.34", "2012-09-30": "1.15", "2012-06-30": "0.79", "2012-03-31": "0.97", "2011-12-31": "0.63", "2011-09-30": "0.55", "2011-06-30": "0.87", "2011-03-31": "0.97", "2010-12-31": "0.77", "2010-09-30": "0.56", "2010-06-30": "0.36", "2010-03-31": "0.55", "2009-12-31": "0.60", "2009-09-30": "0.62", "2009-06-30": "0.41", "2009-03-31": "0.25", "2008-12-31": "0.24", "2008-09-30": "0.29", "2008-06-30": "0.22", "2008-03-31": "0.21", "2007-12-31": "0.32", "2007-09-30": "0.47", "2007-06-30": "0.56", "2007-03-31": "0.56", "2006-12-31": "0.67"}, "price book": {"current": "1.66", "2021-02-05": "1.66", "2020-09-30": "1.24", "2020-06-30": "1.06", "2020-03-31": "0.75", "2019-12-31": "1.38", "2019-09-30": "1.29", "2019-06-30": "1.39", "2019-03-31": "1.37", "2018-12-31": "1.35", "2018-09-30": "1.70", "2018-06-30": "2.29", "2018-03-31": "2.45", "2017-12-31": "2.46", "2017-09-30": "2.25", "2017-06-30": "1.93", "2017-03-31": "2.01", "2016-12-31": "1.76", "2016-09-30": "1.70", "2016-06-30": "1.39", "2016-03-31": "1.52", "2015-12-31": "1.85", "2015-09-30": "1.79", "2015-06-30": "2.45", "2015-03-31": "2.70", "2014-12-31": "2.34", "2014-09-30": "3.40", "2014-06-30": "3.76", "2014-03-31": "3.15", "2013-12-31": "3.08", "2013-09-30": "2.82", "2013-06-30": "2.78", "2013-03-31": "2.86", "2012-12-31": "2.57", "2012-09-30": "2.06", "2012-06-30": "1.53", "2012-03-31": "1.99", "2011-12-31": "1.31", "2011-09-30": "1.13", "2011-06-30": "1.76", "2011-03-31": "2.00", "2010-12-31": "1.63", "2010-09-30": "1.19", "2010-06-30": "0.77", "2010-03-31": "1.11", "2009-12-31": "1.08", "2009-09-30": "1.12", "2009-06-30": "0.90", "2009-03-31": "0.66", "2008-12-31": "0.72", "2008-09-30": "0.84", "2008-06-30": "0.61", "2008-03-31": "0.55", "2007-12-31": "0.80", "2007-09-30": "1.08", "2007-06-30": "1.23", "2007-03-31": "1.22", "2006-12-31": "1.43", "2006-09-30": "1.46", "2006-06-30": "1.43", "2006-03-31": "1.76"}, "price fcf": {"2021-02-05": "", "2020-09-30": "$4.78", "2020-06-30": "$5.26", "2020-03-31": "$3.62", "2019-12-31": "$3.99", "2019-09-30": "$3.29", "2019-06-30": "$4.05", "2019-03-31": "$4.46", "2018-12-31": "$5.44", "2018-09-30": "$8.11", "2018-06-30": "$7.63", "2018-03-31": "$7.71", "2017-12-31": "$7.34", "2017-09-30": "$5.45", "2017-06-30": "$2.73", "2017-03-31": "$2.06", "2016-12-31": "$1.83", "2016-09-30": "$1.16", "2016-06-30": "$3.34", "2016-03-31": "$3.68", "2015-12-31": "$4.44", "2015-09-30": "$4.90", "2015-06-30": "$4.63", "2015-03-31": "$4.45", "2014-12-31": "$4.50", "2014-09-30": "$3.66", "2014-06-30": "$2.48", "2014-03-31": "$1.57", "2013-12-31": "$0.55", "2013-09-30": "$0.14", "2013-06-30": "$0.04", "2013-03-31": "$1.10", "2012-12-31": "$1.66", "2012-09-30": "$2.27", "2012-06-30": "$2.26", "2012-03-31": "$1.61", "2011-12-31": "$1.40", "2011-09-30": "$1.31", "2011-06-30": "$1.80", "2011-03-31": "$2.17", "2010-12-31": "$1.54", "2010-09-30": "$1.17", "2010-06-30": "$0.45", "2010-03-31": "$-0.14", "2009-12-31": "$1.06", "2009-09-30": "$1.64", "2009-06-30": "$1.60", "2009-03-31": "$1.32", "2008-12-31": "$0.11", "2008-09-30": "$-1.01", "2008-06-30": "$-1.12", "2008-03-31": "$-0.63", "2007-12-31": "$-0.56", "2007-09-30": "$-0.03", "2007-06-30": "$0.01", "2007-03-31": "$0.01", "2006-12-31": "$0.78"}, "net worth": {"value": "$10.76B"}, "current ratio": {"current": "2.78", "2020-09-30": "2.78", "2020-06-30": "2.85", "2020-03-31": "3.68", "2019-12-31": "2.21", "2019-09-30": "2.81", "2019-06-30": "2.07", "2019-03-31": "2.14", "2018-12-31": "2.40", "2018-09-30": "2.31", "2018-06-30": "2.27", "2018-03-31": "1.79", "2017-12-31": "1.76", "2017-09-30": "2.31", "2017-06-30": "2.31", "2017-03-31": "2.39", "2016-12-31": "2.04", "2016-09-30": "2.01", "2016-06-30": "3.53", "2016-03-31": "4.33", "2015-12-31": "4.16", "2015-09-30": "4.20", "2015-06-30": "4.05", "2015-03-31": "4.42", "2014-12-31": "3.74", "2014-09-30": "3.41", "2014-06-30": "4.71", "2014-03-31": "4.69", "2013-12-31": "4.07", "2013-09-30": "3.80", "2013-06-30": "4.06", "2013-03-31": "4.32", "2012-12-31": "4.40", "2012-09-30": "5.51", "2012-06-30": "5.83", "2012-03-31": "5.76", "2011-12-31": "4.82", "2011-09-30": "5.18", "2011-06-30": "5.12", "2011-03-31": "5.56", "2010-12-31": "4.56", "2010-09-30": "4.32", "2010-06-30": "3.71", "2010-03-31": "3.55", "2009-12-31": "3.45", "2009-09-30": "3.59", "2009-06-30": "3.25", "2009-03-31": "3.68", "2008-12-31": "3.76", "2008-09-30": "2.83", "2008-06-30": "2.62", "2008-03-31": "2.95", "2007-12-31": "2.48", "2007-09-30": "2.90", "2007-06-30": "2.77", "2007-03-31": "2.87", "2006-12-31": "2.64", "2006-09-30": "3.61", "2006-06-30": "3.21", "2006-03-31": "3.58", "2005-12-31": "2.95", "2005-09-30": "2.92", "2005-06-30": "3.07", "2005-03-31": "2.72"}, "quick ratio": {"2020-09-30": "2.10", "2020-06-30": "2.09", "2020-03-31": "2.77", "2019-12-31": "1.46", "2019-09-30": "2.08", "2019-06-30": "1.33", "2019-03-31": "1.31", "2018-12-31": "1.55", "2018-09-30": "1.59", "2018-06-30": "1.51", "2018-03-31": "1.22", "2017-12-31": "1.30", "2017-09-30": "1.59", "2017-06-30": "1.50", "2017-03-31": "1.52", "2016-12-31": "1.36", "2016-09-30": "1.39", "2016-06-30": "2.81", "2016-03-31": "3.38", "2015-12-31": "3.33", "2015-09-30": "3.40", "2015-06-30": "3.14", "2015-03-31": "3.36", "2014-12-31": "2.77", "2014-09-30": "2.53", "2014-06-30": "3.58", "2014-03-31": "3.47", "2013-12-31": "2.91", "2013-09-30": "2.75", "2013-06-30": "2.98", "2013-03-31": "3.30", "2012-12-31": "3.39", "2012-09-30": "4.48", "2012-06-30": "4.63", "2012-03-31": "4.40", "2011-12-31": "3.47", "2011-09-30": "3.77", "2011-06-30": "3.58", "2011-03-31": "3.95", "2010-12-31": "3.17", "2010-09-30": "3.02", "2010-06-30": "2.50", "2010-03-31": "2.17", "2009-12-31": "2.16", "2009-09-30": "2.40", "2009-06-30": "2.15", "2009-03-31": "2.34", "2008-12-31": "2.22", "2008-09-30": "1.57", "2008-06-30": "1.51", "2008-03-31": "1.43", "2007-12-31": "1.28", "2007-09-30": "1.63", "2007-06-30": "1.40", "2007-03-31": "1.51", "2006-12-31": "1.22", "2006-09-30": "2.45", "2006-06-30": "2.07", "2006-03-31": "2.19", "2005-12-31": "1.84", "2005-09-30": "1.86", "2005-06-30": "1.77", "2005-03-31": "1.50"}, "debt equity ratio": {"current": "0.57", "2020-09-30": "1.11", "2020-06-30": "1.11", "2020-03-31": "1.20", "2019-12-31": "1.07", "2019-09-30": "1.06", "2019-06-30": "0.95", "2019-03-31": "0.96", "2018-12-31": "0.91", "2018-09-30": "0.93", "2018-06-30": "0.94", "2018-03-31": "1.06", "2017-12-31": "1.25", "2017-09-30": "1.47", "2017-06-30": "1.59", "2017-03-31": "1.66", "2016-12-31": "1.80", "2016-09-30": "1.85", "2016-06-30": "0.58", "2016-03-31": "0.55", "2015-12-31": "0.56", "2015-09-30": "0.57", "2015-06-30": "0.58", "2015-03-31": "0.58", "2014-12-31": "0.63", "2014-09-30": "0.64", "2014-06-30": "0.60", "2014-03-31": "0.62", "2013-12-31": "0.68", "2013-09-30": "0.73", "2013-06-30": "0.76", "2013-03-31": "0.79", "2012-12-31": "0.82", "2012-09-30": "0.74", "2012-06-30": "0.76", "2012-03-31": "0.79", "2011-12-31": "0.86", "2011-09-30": "0.86", "2011-06-30": "0.88", "2011-03-31": "0.89", "2010-12-31": "0.96", "2010-09-30": "0.88", "2010-06-30": "0.87", "2010-03-31": "0.89", "2009-12-31": "0.90", "2009-09-30": "0.89", "2009-06-30": "0.87", "2009-03-31": "0.86", "2008-12-31": "0.85", "2008-09-30": "0.91", "2008-06-30": "1.01", "2008-03-31": "0.96", "2007-12-31": "1.00", "2007-09-30": "0.83", "2007-06-30": "0.77", "2007-03-31": "0.77", "2006-12-31": "0.77", "2006-09-30": "0.68", "2006-06-30": "0.75", "2006-03-31": "0.74", "2005-12-31": "0.84", "2005-09-30": "0.85", "2005-06-30": "0.88", "2005-03-31": "0.96"}, "return on equity": {"2020-09-30": "4.46%", "2020-06-30": "6.05%", "2020-03-31": "7.73%", "2019-12-31": "6.65%", "2019-09-30": "7.51%", "2019-06-30": "10.03%", "2019-03-31": "12.83%", "2018-12-31": "16.76%", "2018-09-30": "29.10%", "2018-06-30": "29.35%", "2018-03-31": "29.26%", "2017-12-31": "28.57%", "2017-09-30": "14.34%", "2017-06-30": "11.38%", "2017-03-31": "10.64%", "2016-12-31": "10.48%", "2016-09-30": "11.01%", "2016-06-30": "14.49%", "2016-03-31": "17.46%", "2015-12-31": "18.68%", "2015-09-30": "21.39%", "2015-06-30": "21.55%", "2015-03-31": "21.59%", "2014-12-31": "23.30%", "2014-09-30": "24.51%", "2014-06-30": "26.69%", "2014-03-31": "27.42%", "2013-12-31": "27.63%", "2013-09-30": "25.97%", "2013-06-30": "22.58%", "2013-03-31": "21.51%", "2012-12-31": "20.00%", "2012-09-30": "16.57%", "2012-06-30": "16.16%", "2012-03-31": "14.81%", "2011-12-31": "15.16%", "2011-09-30": "19.19%", "2011-06-30": "19.89%", "2011-03-31": "19.39%", "2010-12-31": "15.75%", "2010-09-30": "11.18%", "2010-06-30": "8.96%", "2010-03-31": "6.02%", "2009-12-31": "4.20%", "2009-09-30": "-5.52%", "2009-06-30": "-5.67%", "2009-03-31": "-3.25%", "2008-12-31": "-2.38%", "2008-09-30": "7.44%", "2008-06-30": "8.42%", "2008-03-31": "7.88%", "2007-12-31": "9.24%", "2007-09-30": "9.05%", "2007-06-30": "11.24%", "2007-03-31": "14.02%", "2006-12-31": "17.24%", "2006-09-30": "23.51%", "2006-06-30": "23.18%", "2006-03-31": "22.73%", "2005-12-31": "25.19%"}, "return on assets": {"2020-09-30": "2.10%", "2020-06-30": "2.87%", "2020-03-31": "3.73%", "2019-12-31": "3.31%", "2019-09-30": "3.81%", "2019-06-30": "5.18%", "2019-03-31": "6.64%", "2018-12-31": "8.57%", "2018-09-30": "14.28%", "2018-06-30": "13.58%", "2018-03-31": "12.63%", "2017-12-31": "11.55%", "2017-09-30": "5.47%", "2017-06-30": "4.18%", "2017-03-31": "4.29%", "2016-12-31": "4.75%", "2016-09-30": "5.81%", "2016-06-30": "9.25%", "2016-03-31": "11.16%", "2015-12-31": "11.86%", "2015-09-30": "13.45%", "2015-06-30": "13.40%", "2015-03-31": "13.37%", "2014-12-31": "14.34%", "2014-09-30": "14.98%", "2014-06-30": "16.12%", "2014-03-31": "16.19%", "2013-12-31": "15.92%", "2013-09-30": "14.66%", "2013-06-30": "12.71%", "2013-03-31": "12.09%", "2012-12-31": "11.25%", "2012-09-30": "9.28%", "2012-06-30": "8.91%", "2012-03-31": "8.03%", "2011-12-31": "8.11%", "2011-09-30": "10.13%", "2011-06-30": "10.46%", "2011-03-31": "10.20%", "2010-12-31": "8.28%", "2010-09-30": "5.93%", "2010-06-30": "4.74%", "2010-03-31": "3.19%", "2009-12-31": "2.24%", "2009-09-30": "-2.96%", "2009-06-30": "-3.03%", "2009-03-31": "-1.70%", "2008-12-31": "-1.23%", "2008-09-30": "3.78%", "2008-06-30": "4.32%", "2008-03-31": "4.17%", "2007-12-31": "5.02%", "2007-09-30": "5.07%", "2007-06-30": "6.43%", "2007-03-31": "8.04%", "2006-12-31": "9.93%", "2006-09-30": "13.44%", "2006-06-30": "12.95%", "2006-03-31": "12.46%", "2005-12-31": "13.40%"}, "return on investments": {"2020-09-30": "3.44%", "2020-06-30": "4.92%", "2020-03-31": "6.67%", "2019-12-31": "7.01%", "2019-09-30": "8.38%", "2019-06-30": "10.56%", "2019-03-31": "13.09%", "2018-12-31": "16.41%", "2018-09-30": "18.36%", "2018-06-30": "18.45%", "2018-03-31": "17.18%", "2017-12-31": "15.44%", "2017-09-30": "13.19%", "2017-06-30": "9.19%", "2017-03-31": "9.04%", "2016-12-31": "9.70%", "2016-09-30": "11.74%", "2016-06-30": "18.61%", "2016-03-31": "21.61%", "2015-12-31": "22.81%", "2015-09-30": "26.24%", "2015-06-30": "28.21%", "2015-03-31": "28.74%", "2014-12-31": "30.64%", "2014-09-30": "31.10%", "2014-06-30": "31.91%", "2014-03-31": "32.47%", "2013-12-31": "32.23%", "2013-09-30": "30.17%", "2013-06-30": "26.32%", "2013-03-31": "24.36%", "2012-12-31": "22.86%", "2012-09-30": "19.13%", "2012-06-30": "18.69%", "2012-03-31": "17.90%", "2011-12-31": "18.18%", "2011-09-30": "22.30%", "2011-06-30": "23.00%", "2011-03-31": "22.74%", "2010-12-31": "18.92%", "2010-09-30": "14.04%", "2010-06-30": "11.31%", "2010-03-31": "7.92%", "2009-12-31": "6.03%", "2009-09-30": "-4.66%", "2009-06-30": "-4.60%", "2009-03-31": "-2.43%", "2008-12-31": "-1.58%", "2008-09-30": "8.49%", "2008-06-30": "9.43%", "2008-03-31": "9.27%", "2007-12-31": "11.00%", "2007-09-30": "10.94%", "2007-06-30": "13.11%", "2007-03-31": "16.53%", "2006-12-31": "22.66%", "2006-09-30": "31.14%", "2006-06-30": "31.30%", "2006-03-31": "30.80%", "2005-12-31": "31.41%"}, "return on tangible equity": {"2020-09-30": "6.10%", "2020-06-30": "8.35%", "2020-03-31": "10.76%", "2019-12-31": "9.32%", "2019-09-30": "10.51%", "2019-06-30": "14.02%", "2019-03-31": "17.93%", "2018-12-31": "23.59%", "2018-09-30": "41.81%", "2018-06-30": "43.89%", "2018-03-31": "45.98%", "2017-12-31": "47.10%", "2017-09-30": "24.93%", "2017-06-30": "20.26%", "2017-03-31": "16.30%", "2016-12-31": "14.07%", "2016-09-30": "13.08%", "2016-06-30": "15.39%", "2016-03-31": "18.59%", "2015-12-31": "19.91%", "2015-09-30": "22.85%", "2015-06-30": "23.08%", "2015-03-31": "23.09%", "2014-12-31": "24.92%", "2014-09-30": "26.18%", "2014-06-30": "28.49%", "2014-03-31": "29.42%", "2013-12-31": "29.40%", "2013-09-30": "27.36%", "2013-06-30": "23.33%", "2013-03-31": "21.78%", "2012-12-31": "20.13%", "2012-09-30": "16.68%", "2012-06-30": "16.27%", "2012-03-31": "14.91%", "2011-12-31": "15.27%", "2011-09-30": "19.19%", "2011-06-30": "19.89%", "2011-03-31": "19.39%", "2010-12-31": "15.75%", "2010-09-30": "11.18%", "2010-06-30": "8.96%", "2010-03-31": "6.02%", "2009-12-31": "4.20%", "2009-09-30": "-5.52%", "2009-06-30": "-5.67%", "2009-03-31": "-3.25%", "2008-12-31": "-2.38%", "2008-09-30": "7.44%", "2008-06-30": "8.42%", "2008-03-31": "7.88%", "2007-12-31": "9.24%", "2007-09-30": "9.05%", "2007-06-30": "11.24%", "2007-03-31": "14.02%", "2006-12-31": "17.24%", "2006-09-30": "23.51%", "2006-06-30": "23.18%", "2006-03-31": "22.73%", "2005-12-31": "25.19%"}, "dividend yield history": {"last payout": "$1.08", "last yield": "1.28%"}}