{"ticker": "WAL", "price": {"title": "Western Alliance Bancorporation Historical Annual Stock Price Data", "value": 73.87, "historical": {"2020": {"Average Stock Price": "41.7432", "Year Open": "57.7500", "Year High": "60.5300", "Year Low": "22.1600", "Year Close": "59.9500", "Annual % Change": "5.18%"}, "2019": {"Average Stock Price": "46.2712", "Year Open": "39.9000", "Year High": "57.3100", "Year Low": "39.0700", "Year Close": "57.0000", "Annual % Change": "44.34%"}, "2018": {"Average Stock Price": "55.9979", "Year Open": "56.8700", "Year High": "63.3600", "Year Low": "37.6100", "Year Close": "39.4900", "Annual % Change": "-30.25%"}, "2017": {"Average Stock Price": "50.6026", "Year Open": "49.3300", "Year High": "58.9700", "Year Low": "45.0000", "Year Close": "56.6200", "Annual % Change": "16.24%"}, "2016": {"Average Stock Price": "36.2787", "Year Open": "35.1300", "Year High": "50.4000", "Year Low": "27.3800", "Year Close": "48.7100", "Annual % Change": "35.83%"}, "2015": {"Average Stock Price": "32.0942", "Year Open": "27.6500", "Year High": "38.7900", "Year Low": "24.6800", "Year Close": "35.8600", "Annual % Change": "28.99%"}, "2014": {"Average Stock Price": "24.0277", "Year Open": "23.3400", "Year High": "28.1700", "Year Low": "20.9900", "Year Close": "27.8000", "Annual % Change": "16.51%"}, "2013": {"Average Stock Price": "16.7079", "Year Open": "11.0100", "Year High": "24.4600", "Year Low": "11.0100", "Year Close": "23.8600", "Annual % Change": "126.59%"}, "2012": {"Average Stock Price": "9.1112", "Year Open": "6.5600", "Year High": "10.9500", "Year Low": "6.5600", "Year Close": "10.5300", "Annual % Change": "69.02%"}, "2011": {"Average Stock Price": "6.8587", "Year Open": "7.5900", "Year High": "8.3900", "Year Low": "4.6700", "Year Close": "6.2300", "Annual % Change": "-15.35%"}, "2010": {"Average Stock Price": "6.5685", "Year Open": "3.9300", "Year High": "9.0900", "Year Low": "3.8600", "Year Close": "7.3600", "Annual % Change": "94.71%"}, "2009": {"Average Stock Price": "6.0256", "Year Open": "10.1200", "Year High": "10.3800", "Year Low": "3.0200", "Year Close": "3.7800", "Annual % Change": "-62.54%"}, "2008": {"Average Stock Price": "12.2293", "Year Open": "17.4000", "Year High": "25.7500", "Year Low": "7.1800", "Year Close": "10.0900", "Annual % Change": "-46.24%"}, "2007": {"Average Stock Price": "28.0466", "Year Open": "34.3400", "Year High": "35.3000", "Year Low": "18.2000", "Year Close": "18.7700", "Annual % Change": "-46.02%"}, "2006": {"Average Stock Price": "34.8810", "Year Open": "30.1600", "Year High": "38.4100", "Year Low": "28.6000", "Year Close": "34.7700", "Annual % Change": "16.40%"}, "2005": {"Average Stock Price": "28.2511", "Year Open": "26.0000", "Year High": "31.4500", "Year Low": "25.0000", "Year Close": "29.8700", "Annual % Change": "0.00%"}}}, "market cap": {"value": "$7.45B"}, "income statement": {"Revenue": {"2019-12-31": "1290.14000", "2018-12-31": "1076.59900", "2017-12-31": "890.85700", "2016-12-31": "743.42100", "2015-12-31": "554.91200", "2014-12-31": "441.03000", "2013-12-31": "384.85200", "2012-12-31": "364.80000", "2011-12-31": "331.04800", "2010-12-31": "328.64900", "2009-12-31": "280.45800", "2008-12-31": "178.33300", "2007-12-31": "328.36000", "2006-12-31": "246.51900", "2005-12-31": "147.04800"}, "Cost Of Goods Sold": {"2019-12-31": "184.63300", "2018-12-31": "117.60400", "2017-12-31": "60.84900", "2016-12-31": "43.29300", "2015-12-31": "32.56800", "2014-12-31": "31.48600", "2013-12-31": "29.76000", "2012-12-31": "28.03200", "2011-12-31": "38.92300", "2010-12-31": "49.26000", "2009-12-31": "73.73400", "2008-12-31": "100.68300", "2007-12-31": "125.93300", "2006-12-31": "84.29700", "2005-12-31": "32.56800"}, "Gross Profit": {"2019-12-31": "1105.50700", "2018-12-31": "958.99500", "2017-12-31": "830.00800", "2016-12-31": "700.12790", "2015-12-31": "522.34400", "2014-12-31": "409.54400", "2013-12-31": "355.09200", "2012-12-31": "336.76800", "2011-12-31": "292.12500", "2010-12-31": "279.38900", "2009-12-31": "206.72400", "2008-12-31": "77.65000", "2007-12-31": "202.42700", "2006-12-31": "162.22200", "2005-12-31": "114.48000"}, "Research And Development Expenses": {"2019-12-31": "", "2018-12-31": "", "2017-12-31": "", "2016-12-31": "", "2015-12-31": "", "2014-12-31": "", "2013-12-31": "", "2012-12-31": "", "2011-12-31": "", "2010-12-31": "", "2009-12-31": "", "2008-12-31": "", "2007-12-31": "", "2006-12-31": "", "2005-12-31": ""}, "SG&A Expenses": {"2019-12-31": "495.91600", "2018-12-31": "447.06400", "2017-12-31": "376.19700", "2016-12-31": "323.87400", "2015-12-31": "255.07000", "2014-12-31": "215.73600", "2013-12-31": "203.68300", "2012-12-31": "221.98700", "2011-12-31": "212.07100", "2010-12-31": "255.88800", "2009-12-31": "314.12100", "2008-12-31": "211.11600", "2007-12-31": "152.58400", "2006-12-31": "100.13900", "2005-12-31": "70.97500"}, "Other Operating Income Or Expenses": {"2019-12-31": "", "2018-12-31": "", "2017-12-31": "", "2016-12-31": "", "2015-12-31": "", "2014-12-31": "", "2013-12-31": "", "2012-12-31": "", "2011-12-31": "", "2010-12-31": "", "2009-12-31": "", "2008-12-31": "", "2007-12-31": "", "2006-12-31": "", "2005-12-31": ""}, "Operating Expenses": {"2019-12-31": "682.09600", "2018-12-31": "566.26200", "2017-12-31": "439.12000", "2016-12-31": "369.95500", "2015-12-31": "289.60800", "2014-12-31": "248.68300", "2013-12-31": "235.83100", "2012-12-31": "256.71000", "2011-12-31": "254.55300", "2010-12-31": "308.75200", "2009-12-31": "444.53600", "2008-12-31": "457.16000", "2007-12-31": "279.97200", "2006-12-31": "185.04300", "2005-12-31": "103.61100"}, "Operating Income": {"2019-12-31": "608.04400", "2018-12-31": "510.33700", "2017-12-31": "451.73700", "2016-12-31": "373.46600", "2015-12-31": "265.30400", "2014-12-31": "192.34700", "2013-12-31": "149.02100", "2012-12-31": "108.09000", "2011-12-31": "76.49500", "2010-12-31": "19.89700", "2009-12-31": "-164.07800", "2008-12-31": "-278.82700", "2007-12-31": "48.38800", "2006-12-31": "61.47600", "2005-12-31": "43.43700"}, "Total Non-Operating Income/Expense": {"2019-12-31": "-3.81800", "2018-12-31": "-0.00900", "2017-12-31": "0.08000", "2016-12-31": "-12.28700", "2015-12-31": "-6.76600", "2014-12-31": "5.15200", "2013-12-31": "-3.36500", "2012-12-31": "-7.02600", "2011-12-31": "-26.15600", "2010-12-31": "-30.47700", "2009-12-31": "-21.27400", "2008-12-31": "-0.67900", "2007-12-31": "", "2006-12-31": "", "2005-12-31": ""}, "Pre-Tax Income": {"2019-12-31": "604.22600", "2018-12-31": "510.32800", "2017-12-31": "451.81700", "2016-12-31": "361.17900", "2015-12-31": "258.53800", "2014-12-31": "197.49900", "2013-12-31": "145.65600", "2012-12-31": "101.06400", "2011-12-31": "50.33900", "2010-12-31": "-10.58000", "2009-12-31": "-185.35200", "2008-12-31": "-279.50600", "2007-12-31": "48.38800", "2006-12-31": "61.47600", "2005-12-31": "43.43700"}, "Income Taxes": {"2019-12-31": "105.05500", "2018-12-31": "74.54000", "2017-12-31": "126.32500", "2016-12-31": "101.38100", "2015-12-31": "64.29400", "2014-12-31": "48.39000", "2013-12-31": "29.83000", "2012-12-31": "25.93500", "2011-12-31": "16.84900", "2010-12-31": "-6.41000", "2009-12-31": "-38.45300", "2008-12-31": "-49.49600", "2007-12-31": "15.51300", "2006-12-31": "21.58700", "2005-12-31": "15.37200"}, "Income After Taxes": {"2019-12-31": "499.17100", "2018-12-31": "435.78800", "2017-12-31": "325.49200", "2016-12-31": "259.79800", "2015-12-31": "194.24400", "2014-12-31": "149.10900", "2013-12-31": "115.82600", "2012-12-31": "75.12900", "2011-12-31": "33.49000", "2010-12-31": "-4.17000", "2009-12-31": "-146.89900", "2008-12-31": "-230.01000", "2007-12-31": "32.87500", "2006-12-31": "39.88900", "2005-12-31": "28.06500"}, "Other Income": {"2019-12-31": "", "2018-12-31": "", "2017-12-31": "", "2016-12-31": "", "2015-12-31": "", "2014-12-31": "", "2013-12-31": "", "2012-12-31": "", "2011-12-31": "", "2010-12-31": "", "2009-12-31": "", "2008-12-31": "", "2007-12-31": "", "2006-12-31": "", "2005-12-31": ""}, "Income From Continuous Operations": {"2019-12-31": "499.17100", "2018-12-31": "435.78800", "2017-12-31": "325.49200", "2016-12-31": "259.79800", "2015-12-31": "194.24400", "2014-12-31": "149.10900", "2013-12-31": "115.82600", "2012-12-31": "75.12900", "2011-12-31": "33.49000", "2010-12-31": "-4.17000", "2009-12-31": "-146.89900", "2008-12-31": "-230.01000", "2007-12-31": "32.87500", "2006-12-31": "39.88900", "2005-12-31": "28.06500"}, "Income From Discontinued Operations": {"2019-12-31": "", "2018-12-31": "", "2017-12-31": "", "2016-12-31": "", "2015-12-31": "", "2014-12-31": "-1.15800", "2013-12-31": "-0.86100", "2012-12-31": "-2.49000", "2011-12-31": "-1.99600", "2010-12-31": "-3.02500", "2009-12-31": "-4.50700", "2008-12-31": "-6.45000", "2007-12-31": "", "2006-12-31": "", "2005-12-31": ""}, "Net Income": {"2019-12-31": "499.17100", "2018-12-31": "435.78800", "2017-12-31": "325.49200", "2016-12-31": "259.79800", "2015-12-31": "193.49400", "2014-12-31": "146.56400", "2013-12-31": "113.55500", "2012-12-31": "68.84600", "2011-12-31": "15.28800", "2010-12-31": "-17.07700", "2009-12-31": "-161.14800", "2008-12-31": "-237.54100", "2007-12-31": "32.87500", "2006-12-31": "39.88900", "2005-12-31": "28.06500"}, "EBITDA": {"2019-12-31": "", "2018-12-31": "", "2017-12-31": "", "2016-12-31": "", "2015-12-31": "", "2014-12-31": "", "2013-12-31": "", "2012-12-31": "", "2011-12-31": "", "2010-12-31": "", "2009-12-31": "", "2008-12-31": "", "2007-12-31": "", "2006-12-31": "", "2005-12-31": ""}, "EBIT": {"2019-12-31": "", "2018-12-31": "", "2017-12-31": "", "2016-12-31": "", "2015-12-31": "", "2014-12-31": "", "2013-12-31": "", "2012-12-31": "", "2011-12-31": "", "2010-12-31": "", "2009-12-31": "", "2008-12-31": "", "2007-12-31": "", "2006-12-31": "", "2005-12-31": ""}, "Basic Shares Outstanding": {"2019-12-31": "102.66700", "2018-12-31": "104.66900", "2017-12-31": "104.17900", "2016-12-31": "103.04200", "2015-12-31": "94.57000", "2014-12-31": "86.69300", "2013-12-31": "85.68200", "2012-12-31": "82.28500", "2011-12-31": "80.90900", "2010-12-31": "75.08300", "2009-12-31": "58.83600", "2008-12-31": "32.65200", "2007-12-31": "28.91800", "2006-12-31": "25.62300", "2005-12-31": "20.58300"}, "Shares Outstanding": {"2019-12-31": "103.13300", "2018-12-31": "105.37000", "2017-12-31": "104.99700", "2016-12-31": "103.84300", "2015-12-31": "95.21900", "2014-12-31": "87.50600", "2013-12-31": "86.54100", "2012-12-31": "82.91200", "2011-12-31": "81.18300", "2010-12-31": "75.08300", "2009-12-31": "58.83600", "2008-12-31": "32.65200", "2007-12-31": "31.01900", "2006-12-31": "28.21800", "2005-12-31": "22.66600"}, "Basic EPS": {"2019-12-31": "4.86000", "2018-12-31": "4.16000", "2017-12-31": "3.12000", "2016-12-31": "2.52000", "2015-12-31": "2.05000", "2014-12-31": "1.69000", "2013-12-31": "1.33000", "2012-12-31": "0.84000", "2011-12-31": "0.19000", "2010-12-31": "-0.23000", "2009-12-31": "-2.74000", "2008-12-31": "-7.27000", "2007-12-31": "1.14000", "2006-12-31": "1.56000", "2005-12-31": "1.36000"}, "EPS - Earnings Per Share": {"2019-12-31": "4.84000", "2018-12-31": "4.14000", "2017-12-31": "3.10000", "2016-12-31": "2.50000", "2015-12-31": "2.03000", "2014-12-31": "1.67000", "2013-12-31": "1.31000", "2012-12-31": "0.83000", "2011-12-31": "0.19000", "2010-12-31": "-0.23000", "2009-12-31": "-2.74000", "2008-12-31": "-7.27000", "2007-12-31": "1.06000", "2006-12-31": "1.41000", "2005-12-31": "1.24000"}}, "income statement, quarterly": {"Revenue": {"2020-09-30": "325.44900", "2020-06-30": "339.50800", "2020-03-31": "312.32500", "2019-12-31": "331.44700", "2019-09-30": "335.04900", "2019-06-30": "317.06600", "2019-03-31": "306.57800", "2018-12-31": "295.57890", "2018-09-30": "269.63400", "2018-06-30": "265.04600", "2018-03-31": "246.34000", "2017-12-31": "242.14700", "2017-09-30": "228.29200", "2017-06-30": "217.55400", "2017-03-31": "202.86400", "2016-12-31": "197.95100", "2016-09-30": "195.43300", "2016-06-30": "182.64800", "2016-03-31": "167.38900", "2015-12-31": "160.81000", "2015-09-30": "154.73500", "2015-06-30": "122.16300", "2015-03-31": "117.20400", "2014-12-31": "118.55700", "2014-09-30": "111.62700", "2014-06-30": "107.57200", "2014-03-31": "103.27400", "2013-12-31": "99.08900", "2013-09-30": "96.80900", "2013-06-30": "101.04700", "2013-03-31": "87.90700", "2012-12-31": "110.58500", "2012-09-30": "85.65100", "2012-06-30": "85.24300", "2012-03-31": "83.32100", "2011-12-31": "81.79400", "2011-09-30": "87.21500", "2011-06-30": "83.24300", "2011-03-31": "78.79600", "2010-12-31": "71.65400", "2010-09-30": "82.87200", "2010-06-30": "90.76000", "2010-03-31": "83.36300", "2009-12-31": "72.08200", "2009-09-30": "80.29300", "2009-06-30": "85.74300", "2009-03-31": "42.34000", "2008-12-31": "-37.58200", "2008-09-30": "54.05500", "2008-06-30": "80.34500", "2008-03-31": "81.51500", "2007-12-31": "87.61800", "2007-09-30": "88.46900", "2007-06-30": "79.09900", "2007-03-31": "73.17400", "2006-12-31": "67.98700", "2006-09-30": "68.97500", "2006-06-30": "63.86400", "2006-03-31": "45.69300", "2005-12-31": "42.37800", "2005-09-30": "38.93300", "2005-06-30": "34.73000", "2005-03-31": "31.00700"}, "Cost Of Goods Sold": {"2020-09-30": "20.10500", "2020-06-30": "19.83800", "2020-03-31": "38.19600", "2019-12-31": "43.44800", "2019-09-30": "49.18600", "2019-06-30": "48.16700", "2019-03-31": "43.83200", "2018-12-31": "38.45500", "2018-09-30": "31.17800", "2018-06-30": "27.49400", "2018-03-31": "20.47700", "2017-12-31": "17.43000", "2017-09-30": "16.25300", "2017-06-30": "14.21000", "2017-03-31": "12.95600", "2016-12-31": "12.14200", "2016-09-30": "12.20300", "2016-06-30": "10.40300", "2016-03-31": "8.54500", "2015-12-31": "7.98800", "2015-09-30": "8.82600", "2015-06-30": "7.90000", "2015-03-31": "7.85400", "2014-12-31": "8.00600", "2014-09-30": "7.48100", "2014-06-30": "8.07500", "2014-03-31": "7.92400", "2013-12-31": "7.60100", "2013-09-30": "8.12100", "2013-06-30": "7.13300", "2013-03-31": "6.90500", "2012-12-31": "6.88800", "2012-09-30": "6.72300", "2012-06-30": "7.04100", "2012-03-31": "7.38000", "2011-12-31": "8.14700", "2011-09-30": "9.54800", "2011-06-30": "10.36000", "2011-03-31": "10.86800", "2010-12-31": "11.46300", "2010-09-30": "11.23700", "2010-06-30": "12.54400", "2010-03-31": "14.01600", "2009-12-31": "16.02500", "2009-09-30": "18.77600", "2009-06-30": "19.49500", "2009-03-31": "19.43800", "2008-12-31": "21.90600", "2008-09-30": "24.16300", "2008-06-30": "24.68400", "2008-03-31": "29.93000", "2007-12-31": "34.75700", "2007-09-30": "33.69900", "2007-06-30": "31.02000", "2007-03-31": "26.45700", "2006-12-31": "26.58800", "2006-09-30": "25.06800", "2006-06-30": "19.83900", "2006-03-31": "12.80200", "2005-12-31": "10.36000", "2005-09-30": "8.36900", "2005-06-30": "7.43000", "2005-03-31": "6.40900"}, "Gross Profit": {"2020-09-30": "305.34400", "2020-06-30": "319.67000", "2020-03-31": "274.12900", "2019-12-31": "287.99900", "2019-09-30": "285.86300", "2019-06-30": "268.89900", "2019-03-31": "262.74600", "2018-12-31": "257.12390", "2018-09-30": "238.45600", "2018-06-30": "237.55200", "2018-03-31": "225.86300", "2017-12-31": "224.71700", "2017-09-30": "212.03900", "2017-06-30": "203.34400", "2017-03-31": "189.90800", "2016-12-31": "185.80900", "2016-09-30": "183.23000", "2016-06-30": "172.24500", "2016-03-31": "158.84400", "2015-12-31": "152.82200", "2015-09-30": "145.90900", "2015-06-30": "114.26300", "2015-03-31": "109.35000", "2014-12-31": "110.55100", "2014-09-30": "104.14600", "2014-06-30": "99.49700", "2014-03-31": "95.35000", "2013-12-31": "91.48800", "2013-09-30": "88.68800", "2013-06-30": "93.91400", "2013-03-31": "81.00200", "2012-12-31": "103.69700", "2012-09-30": "78.92800", "2012-06-30": "78.20200", "2012-03-31": "75.94100", "2011-12-31": "73.64700", "2011-09-30": "77.66700", "2011-06-30": "72.88300", "2011-03-31": "67.92800", "2010-12-31": "60.19100", "2010-09-30": "71.63500", "2010-06-30": "78.21600", "2010-03-31": "69.34700", "2009-12-31": "56.05700", "2009-09-30": "61.51700", "2009-06-30": "66.24800", "2009-03-31": "22.90200", "2008-12-31": "-59.48800", "2008-09-30": "29.89200", "2008-06-30": "55.66100", "2008-03-31": "51.58500", "2007-12-31": "52.86100", "2007-09-30": "54.77000", "2007-06-30": "48.07900", "2007-03-31": "46.71700", "2006-12-31": "41.39900", "2006-09-30": "43.90700", "2006-06-30": "44.02500", "2006-03-31": "32.89100", "2005-12-31": "32.01800", "2005-09-30": "30.56400", "2005-06-30": "27.30000", "2005-03-31": "24.59800"}, "Research And Development Expenses": {"2020-09-30": "", "2020-06-30": "", "2020-03-31": "", "2019-12-31": "", "2019-09-30": "", "2019-06-30": "", "2019-03-31": "", "2018-12-31": "", "2018-09-30": "", "2018-06-30": "", "2018-03-31": "", "2017-12-31": "", "2017-09-30": "", "2017-06-30": "", "2017-03-31": "", "2016-12-31": "", "2016-09-30": "", "2016-06-30": "", "2016-03-31": "", "2015-12-31": "", "2015-09-30": "", "2015-06-30": "", "2015-03-31": "", "2014-12-31": "", "2014-09-30": "", "2014-06-30": "", "2014-03-31": "", "2013-12-31": "", "2013-09-30": "", "2013-06-30": "", "2013-03-31": "", "2012-12-31": "", "2012-09-30": "", "2012-06-30": "", "2012-03-31": "", "2011-12-31": "", "2011-09-30": "", "2011-06-30": "", "2011-03-31": "", "2010-12-31": "", "2010-09-30": "", "2010-06-30": "", "2010-03-31": "", "2009-12-31": "", "2009-09-30": "", "2009-06-30": "", "2009-03-31": "", "2008-12-31": "", "2008-09-30": "", "2008-06-30": "", "2008-03-31": "", "2007-12-31": "", "2007-09-30": "", "2007-06-30": "", "2007-03-31": "", "2006-12-31": "", "2006-09-30": "", "2006-06-30": "", "2006-03-31": "", "2005-12-31": "", "2005-09-30": "", "2005-06-30": "", "2005-03-31": ""}, "SG&A Expenses": {"2020-09-30": "138.25700", "2020-06-30": "206.43100", "2020-03-31": "172.73600", "2019-12-31": "132.35100", "2019-09-30": "126.18900", "2019-06-30": "121.44600", "2019-03-31": "115.93000", "2018-12-31": "115.24700", "2018-09-30": "119.51000", "2018-06-30": "107.32800", "2018-03-31": "104.97900", "2017-12-31": "100.02400", "2017-09-30": "93.54100", "2017-06-30": "90.70100", "2017-03-31": "91.93100", "2016-12-31": "82.96100", "2016-09-30": "83.72700", "2016-06-30": "79.58800", "2016-03-31": "77.59800", "2015-12-31": "74.64100", "2015-09-30": "71.48100", "2015-06-30": "54.30400", "2015-03-31": "54.64400", "2014-12-31": "56.86300", "2014-09-30": "51.85600", "2014-06-30": "52.23700", "2014-03-31": "54.78000", "2013-12-31": "55.01800", "2013-09-30": "47.68900", "2013-06-30": "49.91900", "2013-03-31": "51.05700", "2012-12-31": "56.86700", "2012-09-30": "51.92100", "2012-06-30": "56.97000", "2012-03-31": "56.22900", "2011-12-31": "55.38700", "2011-09-30": "52.66900", "2011-06-30": "53.48500", "2011-03-31": "50.53000", "2010-12-31": "60.08600", "2010-09-30": "63.31800", "2010-06-30": "63.47600", "2010-03-31": "69.00800", "2009-12-31": "81.24000", "2009-09-30": "91.67200", "2009-06-30": "81.98900", "2009-03-31": "59.22000", "2008-12-31": "57.33500", "2008-09-30": "54.47800", "2008-06-30": "51.42900", "2008-03-31": "45.27300", "2007-12-31": "50.21100", "2007-09-30": "38.28600", "2007-06-30": "34.98200", "2007-03-31": "29.10500", "2006-12-31": "27.54000", "2006-09-30": "25.76800", "2006-06-30": "26.82500", "2006-03-31": "20.00600", "2005-12-31": "18.94400", "2005-09-30": "18.55700", "2005-06-30": "17.15400", "2005-03-31": "16.32000"}, "Other Operating Income Or Expenses": {"2020-09-30": "", "2020-06-30": "", "2020-03-31": "", "2019-12-31": "", "2019-09-30": "", "2019-06-30": "", "2019-03-31": "", "2018-12-31": "", "2018-09-30": "", "2018-06-30": "", "2018-03-31": "", "2017-12-31": "", "2017-09-30": "", "2017-06-30": "", "2017-03-31": "", "2016-12-31": "", "2016-09-30": "", "2016-06-30": "", "2016-03-31": "", "2015-12-31": "", "2015-09-30": "", "2015-06-30": "", "2015-03-31": "", "2014-12-31": "", "2014-09-30": "", "2014-06-30": "", "2014-03-31": "", "2013-12-31": "", "2013-09-30": "", "2013-06-30": "", "2013-03-31": "", "2012-12-31": "", "2012-09-30": "", "2012-06-30": "", "2012-03-31": "", "2011-12-31": "", "2011-09-30": "", "2011-06-30": "", "2011-03-31": "", "2010-12-31": "", "2010-09-30": "", "2010-06-30": "", "2010-03-31": "", "2009-12-31": "", "2009-09-30": "", "2009-06-30": "", "2009-03-31": "", "2008-12-31": "", "2008-09-30": "", "2008-06-30": "", "2008-03-31": "", "2007-12-31": "", "2007-09-30": "", "2007-06-30": "", "2007-03-31": "", "2006-12-31": "", "2006-09-30": "", "2006-06-30": "", "2006-03-31": "", "2005-12-31": "", "2005-09-30": "", "2005-06-30": "", "2005-03-31": ""}, "Operating Expenses": {"2020-09-30": "158.73500", "2020-06-30": "226.64300", "2020-03-31": "211.30500", "2019-12-31": "176.18500", "2019-09-30": "175.76200", "2019-06-30": "170.00000", "2019-03-31": "160.14900", "2018-12-31": "154.10100", "2018-09-30": "151.08600", "2018-06-30": "135.22100", "2018-03-31": "125.85400", "2017-12-31": "117.86200", "2017-09-30": "110.28300", "2017-06-30": "105.39900", "2017-03-31": "105.57600", "2016-12-31": "95.80000", "2016-09-30": "96.62700", "2016-06-30": "90.68800", "2016-03-31": "86.84000", "2015-12-31": "83.33300", "2015-09-30": "81.01100", "2015-06-30": "62.48500", "2015-03-31": "62.77900", "2014-12-31": "65.15000", "2014-09-30": "59.61800", "2014-06-30": "60.61400", "2014-03-31": "63.30100", "2013-12-31": "63.21600", "2013-09-30": "56.40700", "2013-06-30": "57.64900", "2013-03-31": "58.55900", "2012-12-31": "64.14300", "2012-09-30": "62.95900", "2012-06-30": "64.90100", "2012-03-31": "64.70700", "2011-12-31": "64.00200", "2011-09-30": "63.10700", "2011-06-30": "64.73500", "2011-03-31": "62.70900", "2010-12-31": "71.74900", "2010-09-30": "75.45600", "2010-06-30": "76.92700", "2010-03-31": "84.62000", "2009-12-31": "103.05600", "2009-09-30": "112.69100", "2009-06-30": "103.26700", "2009-03-31": "125.52200", "2008-12-31": "142.73600", "2008-09-30": "158.80300", "2008-06-30": "77.02800", "2008-03-31": "75.99200", "2007-12-31": "85.34900", "2007-09-30": "72.24500", "2007-06-30": "66.55900", "2007-03-31": "55.81900", "2006-12-31": "54.23600", "2006-09-30": "51.07800", "2006-06-30": "46.86500", "2006-03-31": "32.86400", "2005-12-31": "29.30400", "2005-09-30": "26.92600", "2005-06-30": "24.58400", "2005-03-31": "22.72900"}, "Operating Income": {"2020-09-30": "166.71400", "2020-06-30": "112.86500", "2020-03-31": "101.02000", "2019-12-31": "155.26210", "2019-09-30": "159.28700", "2019-06-30": "147.06600", "2019-03-31": "146.42900", "2018-12-31": "141.47790", "2018-09-30": "118.54800", "2018-06-30": "129.82500", "2018-03-31": "120.48600", "2017-12-31": "124.28500", "2017-09-30": "118.00900", "2017-06-30": "112.15500", "2017-03-31": "97.28800", "2016-12-31": "102.15100", "2016-09-30": "98.80600", "2016-06-30": "91.96000", "2016-03-31": "80.54900", "2015-12-31": "77.47700", "2015-09-30": "73.72400", "2015-06-30": "59.67800", "2015-03-31": "54.42500", "2014-12-31": "53.40700", "2014-09-30": "52.00900", "2014-06-30": "46.95800", "2014-03-31": "39.97300", "2013-12-31": "35.87300", "2013-09-30": "40.40200", "2013-06-30": "43.39800", "2013-03-31": "29.34800", "2012-12-31": "46.44200", "2012-09-30": "22.69200", "2012-06-30": "20.34200", "2012-03-31": "18.61400", "2011-12-31": "17.79200", "2011-09-30": "24.10800", "2011-06-30": "18.50800", "2011-03-31": "16.08700", "2010-12-31": "-0.09500", "2010-09-30": "7.41600", "2010-06-30": "13.83300", "2010-03-31": "-1.25700", "2009-12-31": "-30.97400", "2009-09-30": "-32.39800", "2009-06-30": "-17.52400", "2009-03-31": "-83.18200", "2008-12-31": "-180.31800", "2008-09-30": "-104.74800", "2008-06-30": "3.31700", "2008-03-31": "5.52300", "2007-12-31": "2.26900", "2007-09-30": "16.22400", "2007-06-30": "12.54000", "2007-03-31": "17.35500", "2006-12-31": "13.75100", "2006-09-30": "17.89700", "2006-06-30": "16.99900", "2006-03-31": "12.82900", "2005-12-31": "13.07400", "2005-09-30": "12.00700", "2005-06-30": "10.14600", "2005-03-31": "8.27800"}, "Total Non-Operating Income/Expense": {"2020-09-30": "-0.12300", "2020-06-30": "0.00600", "2020-03-31": "1.45200", "2019-12-31": "-0.96200", "2019-09-30": "-3.37900", "2019-06-30": "0.62000", "2019-03-31": "-0.09700", "2018-12-31": "-1.48300", "2018-09-30": "0.06700", "2018-06-30": "0.17900", "2018-03-31": "1.22800", "2017-12-31": "0.03400", "2017-09-30": "-0.26600", "2017-06-30": "-0.23100", "2017-03-31": "0.54300", "2016-12-31": "-5.98700", "2016-09-30": "-2.58300", "2016-06-30": "-4.01900", "2016-03-31": "0.30200", "2015-12-31": "0.39700", "2015-09-30": "-0.73100", "2015-06-30": "-6.62400", "2015-03-31": "0.19200", "2014-12-31": "1.11300", "2014-09-30": "1.85900", "2014-06-30": "-0.21000", "2014-03-31": "2.39000", "2013-12-31": "0.23400", "2013-09-30": "-1.38900", "2013-06-30": "-1.49600", "2013-03-31": "-0.71400", "2012-12-31": "-3.23500", "2012-09-30": "-0.23900", "2012-06-30": "-0.90100", "2012-03-31": "-2.65100", "2011-12-31": "-8.18400", "2011-09-30": "-3.10200", "2011-06-30": "-8.52400", "2011-03-31": "-6.34600", "2010-12-31": "-12.99100", "2010-09-30": "-4.85500", "2010-06-30": "-11.99400", "2010-03-31": "1.01400", "2009-12-31": "-5.08100", "2009-09-30": "-7.28300", "2009-06-30": "-3.97400", "2009-03-31": "-4.93600", "2008-12-31": "", "2008-09-30": "", "2008-06-30": "", "2008-03-31": "", "2007-12-31": "", "2007-09-30": "", "2007-06-30": "-0.74700", "2007-03-31": "", "2006-12-31": "", "2006-09-30": "", "2006-06-30": "", "2006-03-31": "", "2005-12-31": "", "2005-09-30": "", "2005-06-30": "", "2005-03-31": ""}, "Pre-Tax Income": {"2020-09-30": "166.59100", "2020-06-30": "112.87100", "2020-03-31": "102.47200", "2019-12-31": "154.30000", "2019-09-30": "155.90800", "2019-06-30": "147.68600", "2019-03-31": "146.33200", "2018-12-31": "139.99500", "2018-09-30": "118.61500", "2018-06-30": "130.00400", "2018-03-31": "121.71400", "2017-12-31": "124.31900", "2017-09-30": "117.74300", "2017-06-30": "111.92400", "2017-03-31": "97.83100", "2016-12-31": "96.16400", "2016-09-30": "96.22300", "2016-06-30": "87.94100", "2016-03-31": "80.85100", "2015-12-31": "77.87400", "2015-09-30": "72.99300", "2015-06-30": "53.05400", "2015-03-31": "54.61700", "2014-12-31": "54.52000", "2014-09-30": "53.86800", "2014-06-30": "46.74800", "2014-03-31": "42.36300", "2013-12-31": "36.10700", "2013-09-30": "39.01300", "2013-06-30": "41.90200", "2013-03-31": "28.63400", "2012-12-31": "43.20700", "2012-09-30": "22.45300", "2012-06-30": "19.44100", "2012-03-31": "15.96300", "2011-12-31": "9.60800", "2011-09-30": "21.00600", "2011-06-30": "9.98400", "2011-03-31": "9.74100", "2010-12-31": "-14.73700", "2010-09-30": "2.56100", "2010-06-30": "1.83900", "2010-03-31": "-0.24300", "2009-12-31": "-36.05500", "2009-09-30": "-39.68100", "2009-06-30": "-21.49800", "2009-03-31": "-88.11800", "2008-12-31": "-183.59800", "2008-09-30": "-104.74800", "2008-06-30": "3.31700", "2008-03-31": "5.52300", "2007-12-31": "3.01600", "2007-09-30": "16.22400", "2007-06-30": "11.79300", "2007-03-31": "17.35500", "2006-12-31": "13.75100", "2006-09-30": "17.89700", "2006-06-30": "16.99900", "2006-03-31": "12.82900", "2005-12-31": "13.00600", "2005-09-30": "12.00700", "2005-06-30": "10.14600", "2005-03-31": "8.27800"}, "Income Taxes": {"2020-09-30": "30.82200", "2020-06-30": "19.59900", "2020-03-31": "18.50800", "2019-12-31": "26.23600", "2019-09-30": "28.53300", "2019-06-30": "24.75000", "2019-03-31": "25.53600", "2018-12-31": "20.90900", "2018-09-30": "7.49200", "2018-06-30": "25.32500", "2018-03-31": "20.81400", "2017-12-31": "34.97300", "2017-09-30": "34.89900", "2017-06-30": "31.96400", "2017-03-31": "24.48900", "2016-12-31": "26.36400", "2016-09-30": "29.17100", "2016-06-30": "26.32700", "2016-03-31": "19.51900", "2015-12-31": "19.34800", "2015-09-30": "17.13300", "2015-06-30": "13.57900", "2015-03-31": "14.23400", "2014-12-31": "14.11100", "2014-09-30": "12.94900", "2014-06-30": "10.70600", "2014-03-31": "10.62400", "2013-12-31": "3.99200", "2013-09-30": "10.39000", "2013-06-30": "7.66100", "2013-03-31": "7.78700", "2012-12-31": "9.48300", "2012-09-30": "6.75200", "2012-06-30": "5.25900", "2012-03-31": "4.44100", "2011-12-31": "2.01100", "2011-09-30": "7.51400", "2011-06-30": "3.29500", "2011-03-31": "4.02900", "2010-12-31": "-4.57900", "2010-09-30": "-0.07900", "2010-06-30": "-0.19000", "2010-03-31": "-1.56200", "2009-12-31": "-10.25800", "2009-09-30": "-16.72400", "2009-06-30": "-8.42700", "2009-03-31": "-3.04400", "2008-12-31": "-41.73900", "2008-09-30": "-10.04000", "2008-06-30": "0.90200", "2008-03-31": "1.38100", "2007-12-31": "0.61400", "2007-09-30": "5.10000", "2007-06-30": "3.84700", "2007-03-31": "5.95200", "2006-12-31": "4.74400", "2006-09-30": "6.33000", "2006-06-30": "6.12200", "2006-03-31": "4.39100", "2005-12-31": "4.56400", "2005-09-30": "4.25800", "2005-06-30": "3.59300", "2005-03-31": "2.95700"}, "Income After Taxes": {"2020-09-30": "135.76900", "2020-06-30": "93.27200", "2020-03-31": "83.96400", "2019-12-31": "128.06400", "2019-09-30": "127.37500", "2019-06-30": "122.93600", "2019-03-31": "120.79600", "2018-12-31": "119.08600", "2018-09-30": "111.12300", "2018-06-30": "104.67900", "2018-03-31": "100.90000", "2017-12-31": "89.34600", "2017-09-30": "82.84400", "2017-06-30": "79.96000", "2017-03-31": "73.34200", "2016-12-31": "69.80000", "2016-09-30": "67.05200", "2016-06-30": "61.61400", "2016-03-31": "61.33200", "2015-12-31": "58.52600", "2015-09-30": "55.86000", "2015-06-30": "39.47500", "2015-03-31": "40.38300", "2014-12-31": "40.40900", "2014-09-30": "40.91900", "2014-06-30": "36.04200", "2014-03-31": "31.73900", "2013-12-31": "32.11500", "2013-09-30": "28.62300", "2013-06-30": "34.24100", "2013-03-31": "20.84700", "2012-12-31": "33.72400", "2012-09-30": "15.70100", "2012-06-30": "14.18200", "2012-03-31": "11.52200", "2011-12-31": "7.59700", "2011-09-30": "13.49200", "2011-06-30": "6.68900", "2011-03-31": "5.71200", "2010-12-31": "-10.15800", "2010-09-30": "2.64000", "2010-06-30": "2.02900", "2010-03-31": "1.31900", "2009-12-31": "-25.79700", "2009-09-30": "-22.95700", "2009-06-30": "-13.07100", "2009-03-31": "-85.07400", "2008-12-31": "-141.85900", "2008-09-30": "-94.70800", "2008-06-30": "2.41500", "2008-03-31": "4.14200", "2007-12-31": "2.40200", "2007-09-30": "11.12400", "2007-06-30": "7.94600", "2007-03-31": "11.40300", "2006-12-31": "9.00700", "2006-09-30": "11.56700", "2006-06-30": "10.87700", "2006-03-31": "8.43800", "2005-12-31": "8.44200", "2005-09-30": "7.74900", "2005-06-30": "6.55300", "2005-03-31": "5.32100"}, "Other Income": {"2020-09-30": "", "2020-06-30": "", "2020-03-31": "", "2019-12-31": "", "2019-09-30": "", "2019-06-30": "", "2019-03-31": "", "2018-12-31": "", "2018-09-30": "", "2018-06-30": "", "2018-03-31": "", "2017-12-31": "", "2017-09-30": "", "2017-06-30": "", "2017-03-31": "", "2016-12-31": "", "2016-09-30": "", "2016-06-30": "", "2016-03-31": "", "2015-12-31": "", "2015-09-30": "", "2015-06-30": "", "2015-03-31": "", "2014-12-31": "", "2014-09-30": "", "2014-06-30": "", "2014-03-31": "", "2013-12-31": "", "2013-09-30": "", "2013-06-30": "", "2013-03-31": "", "2012-12-31": "", "2012-09-30": "", "2012-06-30": "", "2012-03-31": "", "2011-12-31": "", "2011-09-30": "", "2011-06-30": "", "2011-03-31": "", "2010-12-31": "", "2010-09-30": "", "2010-06-30": "", "2010-03-31": "", "2009-12-31": "", "2009-09-30": "", "2009-06-30": "", "2009-03-31": "", "2008-12-31": "", "2008-09-30": "", "2008-06-30": "", "2008-03-31": "", "2007-12-31": "", "2007-09-30": "", "2007-06-30": "", "2007-03-31": "", "2006-12-31": "", "2006-09-30": "", "2006-06-30": "", "2006-03-31": "", "2005-12-31": "", "2005-09-30": "", "2005-06-30": "", "2005-03-31": ""}, "Income From Continuous Operations": {"2020-09-30": "135.76900", "2020-06-30": "93.27200", "2020-03-31": "83.96400", "2019-12-31": "128.06400", "2019-09-30": "127.37500", "2019-06-30": "122.93600", "2019-03-31": "120.79600", "2018-12-31": "119.08600", "2018-09-30": "111.12300", "2018-06-30": "104.67900", "2018-03-31": "100.90000", "2017-12-31": "89.34600", "2017-09-30": "82.84400", "2017-06-30": "79.96000", "2017-03-31": "73.34200", "2016-12-31": "69.80000", "2016-09-30": "67.05200", "2016-06-30": "61.61400", "2016-03-31": "61.33200", "2015-12-31": "58.52600", "2015-09-30": "55.86000", "2015-06-30": "39.47500", "2015-03-31": "40.38300", "2014-12-31": "40.40900", "2014-09-30": "40.91900", "2014-06-30": "36.04200", "2014-03-31": "31.73900", "2013-12-31": "32.11500", "2013-09-30": "28.62300", "2013-06-30": "34.24100", "2013-03-31": "20.84700", "2012-12-31": "33.72400", "2012-09-30": "15.70100", "2012-06-30": "14.18200", "2012-03-31": "11.52200", "2011-12-31": "7.59700", "2011-09-30": "13.49200", "2011-06-30": "6.68900", "2011-03-31": "5.71200", "2010-12-31": "-10.15800", "2010-09-30": "2.64000", "2010-06-30": "2.02900", "2010-03-31": "1.31900", "2009-12-31": "-25.79700", "2009-09-30": "-22.95700", "2009-06-30": "-13.07100", "2009-03-31": "-85.07400", "2008-12-31": "-141.85900", "2008-09-30": "-94.70800", "2008-06-30": "2.41500", "2008-03-31": "4.14200", "2007-12-31": "2.44300", "2007-09-30": "11.08300", "2007-06-30": "7.94600", "2007-03-31": "11.40300", "2006-12-31": "9.00700", "2006-09-30": "11.56700", "2006-06-30": "10.87700", "2006-03-31": "8.43800", "2005-12-31": "8.44200", "2005-09-30": "7.74900", "2005-06-30": "6.55300", "2005-03-31": "5.32100"}, "Income From Discontinued Operations": {"2020-09-30": "", "2020-06-30": "", "2020-03-31": "", "2019-12-31": "", "2019-09-30": "", "2019-06-30": "", "2019-03-31": "", "2018-12-31": "", "2018-09-30": "", "2018-06-30": "", "2018-03-31": "", "2017-12-31": "", "2017-09-30": "", "2017-06-30": "", "2017-03-31": "", "2016-12-31": "", "2016-09-30": "", "2016-06-30": "", "2016-03-31": "", "2015-12-31": "", "2015-09-30": "", "2015-06-30": "", "2015-03-31": "", "2014-12-31": "", "2014-09-30": "", "2014-06-30": "-0.50400", "2014-03-31": "-0.65400", "2013-12-31": "-0.70100", "2013-09-30": "-0.02900", "2013-06-30": "-0.16900", "2013-03-31": "0.03800", "2012-12-31": "-1.80400", "2012-09-30": "-0.24300", "2012-06-30": "-0.22100", "2012-03-31": "-0.22200", "2011-12-31": "-0.49600", "2011-09-30": "-0.48100", "2011-06-30": "-0.46000", "2011-03-31": "-0.55900", "2010-12-31": "-0.65700", "2010-09-30": "-0.63100", "2010-06-30": "-0.80200", "2010-03-31": "-0.93500", "2009-12-31": "-1.11500", "2009-09-30": "-0.95800", "2009-06-30": "-1.06600", "2009-03-31": "-1.36800", "2008-12-31": "", "2008-09-30": "", "2008-06-30": "", "2008-03-31": "", "2007-12-31": "", "2007-09-30": "", "2007-06-30": "", "2007-03-31": "", "2006-12-31": "", "2006-09-30": "", "2006-06-30": "", "2006-03-31": "", "2005-12-31": "", "2005-09-30": "", "2005-06-30": "", "2005-03-31": ""}, "Net Income": {"2020-09-30": "135.76900", "2020-06-30": "93.27200", "2020-03-31": "83.96400", "2019-12-31": "128.06400", "2019-09-30": "127.37500", "2019-06-30": "122.93600", "2019-03-31": "120.79600", "2018-12-31": "119.08600", "2018-09-30": "111.12300", "2018-06-30": "104.67900", "2018-03-31": "100.90000", "2017-12-31": "89.34600", "2017-09-30": "82.84400", "2017-06-30": "79.96000", "2017-03-31": "73.34200", "2016-12-31": "69.80000", "2016-09-30": "67.05200", "2016-06-30": "61.61400", "2016-03-31": "61.33200", "2015-12-31": "58.37500", "2015-09-30": "55.68400", "2015-06-30": "39.22800", "2015-03-31": "40.20700", "2014-12-31": "40.08000", "2014-09-30": "40.56600", "2014-06-30": "35.18600", "2014-03-31": "30.73200", "2013-12-31": "31.06200", "2013-09-30": "28.24200", "2013-06-30": "33.71900", "2013-03-31": "20.53200", "2012-12-31": "31.56700", "2012-09-30": "15.10600", "2012-06-30": "12.63600", "2012-03-31": "9.53700", "2011-12-31": "5.32000", "2011-09-30": "3.59200", "2011-06-30": "3.72600", "2011-03-31": "2.65000", "2010-12-31": "-13.29900", "2010-09-30": "-0.45700", "2010-06-30": "-1.23900", "2010-03-31": "-2.08200", "2009-12-31": "-29.35900", "2009-09-30": "-26.35400", "2009-06-30": "-16.56100", "2009-03-31": "-88.87400", "2008-12-31": "-149.39000", "2008-09-30": "-94.70800", "2008-06-30": "2.41500", "2008-03-31": "4.14200", "2007-12-31": "2.44300", "2007-09-30": "11.08300", "2007-06-30": "7.94600", "2007-03-31": "11.40300", "2006-12-31": "9.00700", "2006-09-30": "11.56700", "2006-06-30": "10.87700", "2006-03-31": "8.43800", "2005-12-31": "8.44200", "2005-09-30": "7.74900", "2005-06-30": "6.55300", "2005-03-31": "5.32100"}, "EBITDA": {"2020-09-30": "", "2020-06-30": "", "2020-03-31": "", "2019-12-31": "", "2019-09-30": "", "2019-06-30": "", "2019-03-31": "", "2018-12-31": "", "2018-09-30": "", "2018-06-30": "", "2018-03-31": "", "2017-12-31": "", "2017-09-30": "", "2017-06-30": "", "2017-03-31": "", "2016-12-31": "", "2016-09-30": "", "2016-06-30": "", "2016-03-31": "", "2015-12-31": "", "2015-09-30": "", "2015-06-30": "", "2015-03-31": "", "2014-12-31": "", "2014-09-30": "", "2014-06-30": "", "2014-03-31": "", "2013-12-31": "", "2013-09-30": "", "2013-06-30": "", "2013-03-31": "", "2012-12-31": "", "2012-09-30": "", "2012-06-30": "", "2012-03-31": "", "2011-12-31": "", "2011-09-30": "", "2011-06-30": "", "2011-03-31": "", "2010-12-31": "", "2010-09-30": "", "2010-06-30": "", "2010-03-31": "", "2009-12-31": "", "2009-09-30": "", "2009-06-30": "", "2009-03-31": "", "2008-12-31": "", "2008-09-30": "", "2008-06-30": "", "2008-03-31": "", "2007-12-31": "", "2007-09-30": "", "2007-06-30": "", "2007-03-31": "", "2006-12-31": "", "2006-09-30": "", "2006-06-30": "", "2006-03-31": "", "2005-12-31": "", "2005-09-30": "", "2005-06-30": "", "2005-03-31": ""}, "EBIT": {"2020-09-30": "", "2020-06-30": "", "2020-03-31": "", "2019-12-31": "", "2019-09-30": "", "2019-06-30": "", "2019-03-31": "", "2018-12-31": "", "2018-09-30": "", "2018-06-30": "", "2018-03-31": "", "2017-12-31": "", "2017-09-30": "", "2017-06-30": "", "2017-03-31": "", "2016-12-31": "", "2016-09-30": "", "2016-06-30": "", "2016-03-31": "", "2015-12-31": "", "2015-09-30": "", "2015-06-30": "", "2015-03-31": "", "2014-12-31": "", "2014-09-30": "", "2014-06-30": "", "2014-03-31": "", "2013-12-31": "", "2013-09-30": "", "2013-06-30": "", "2013-03-31": "", "2012-12-31": "", "2012-09-30": "", "2012-06-30": "", "2012-03-31": "", "2011-12-31": "", "2011-09-30": "", "2011-06-30": "", "2011-03-31": "", "2010-12-31": "", "2010-09-30": "", "2010-06-30": "", "2010-03-31": "", "2009-12-31": "", "2009-09-30": "", "2009-06-30": "", "2009-03-31": "", "2008-12-31": "", "2008-09-30": "", "2008-06-30": "", "2008-03-31": "", "2007-12-31": "", "2007-09-30": "", "2007-06-30": "", "2007-03-31": "", "2006-12-31": "", "2006-09-30": "", "2006-06-30": "", "2006-03-31": "", "2005-12-31": "", "2005-09-30": "", "2005-06-30": "", "2005-03-31": ""}, "Basic Shares Outstanding": {"2020-09-30": "99.85000", "2020-06-30": "99.79200", "2020-03-31": "101.32800", "2019-12-31": "102.66700", "2019-09-30": "102.04100", "2019-06-30": "103.01900", "2019-03-31": "104.03300", "2018-12-31": "104.66900", "2018-09-30": "104.76800", "2018-06-30": "104.69100", "2018-03-31": "104.53000", "2017-12-31": "104.17900", "2017-09-30": "104.22100", "2017-06-30": "104.16200", "2017-03-31": "103.98700", "2016-12-31": "103.04200", "2016-09-30": "103.76800", "2016-06-30": "102.68800", "2016-03-31": "101.89500", "2015-12-31": "94.57000", "2015-09-30": "100.77600", "2015-06-30": "88.17700", "2015-03-31": "87.94100", "2014-12-31": "86.69300", "2014-09-30": "86.72300", "2014-06-30": "86.50100", "2014-03-31": "86.25600", "2013-12-31": "85.68200", "2013-09-30": "85.79900", "2013-06-30": "85.65900", "2013-03-31": "85.32400", "2012-12-31": "82.28500", "2012-09-30": "81.75800", "2012-06-30": "81.59000", "2012-03-31": "81.35900", "2011-12-31": "80.90900", "2011-09-30": "80.93100", "2011-06-30": "80.88300", "2011-03-31": "80.79400", "2010-12-31": "75.08300", "2010-09-30": "75.55400", "2010-06-30": "72.16000", "2010-03-31": "71.96500", "2009-12-31": "58.83600", "2009-09-30": "71.69700", "2009-06-30": "53.25200", "2009-03-31": "38.09600", "2008-12-31": "32.65200", "2008-09-30": "33.29900", "2008-06-30": "29.75900", "2008-03-31": "29.54400", "2007-12-31": "28.91800", "2007-09-30": "29.50100", "2007-06-30": "29.66600", "2007-03-31": "26.95000", "2006-12-31": "25.62300", "2006-09-30": "26.47100", "2006-06-30": "26.29500", "2006-03-31": "22.99900", "2005-12-31": "20.58300", "2005-09-30": "22.73300", "2005-06-30": "18.47100", "2005-03-31": "18.29400"}, "Shares Outstanding": {"2020-09-30": "100.05900", "2020-06-30": "99.99300", "2020-03-31": "101.67500", "2019-12-31": "103.13300", "2019-09-30": "102.45100", "2019-06-30": "103.50100", "2019-03-31": "104.47500", "2018-12-31": "105.37000", "2018-09-30": "105.44800", "2018-06-30": "105.42000", "2018-03-31": "105.32400", "2017-12-31": "104.99700", "2017-09-30": "104.94200", "2017-06-30": "105.04500", "2017-03-31": "104.83600", "2016-12-31": "103.84300", "2016-09-30": "104.56400", "2016-06-30": "103.47200", "2016-03-31": "102.53800", "2015-12-31": "95.21900", "2015-09-30": "101.52000", "2015-06-30": "88.68200", "2015-03-31": "88.45200", "2014-12-31": "87.50600", "2014-09-30": "87.57200", "2014-06-30": "87.33300", "2014-03-31": "87.12300", "2013-12-31": "86.54100", "2013-09-30": "86.76900", "2013-06-30": "86.52400", "2013-03-31": "85.98000", "2012-12-31": "82.91200", "2012-09-30": "82.29400", "2012-06-30": "81.95500", "2012-03-31": "82.22700", "2011-12-31": "81.18300", "2011-09-30": "81.12500", "2011-06-30": "81.22300", "2011-03-31": "81.01300", "2010-12-31": "75.08300", "2010-09-30": "75.55400", "2010-06-30": "72.16000", "2010-03-31": "71.96500", "2009-12-31": "58.83600", "2009-09-30": "71.69700", "2009-06-30": "53.25200", "2009-03-31": "38.09600", "2008-12-31": "32.65200", "2008-09-30": "33.29900", "2008-06-30": "30.21100", "2008-03-31": "30.54700", "2007-12-31": "31.01900", "2007-09-30": "31.70300", "2007-06-30": "31.83500", "2007-03-31": "29.18100", "2006-12-31": "28.21800", "2006-09-30": "29.16100", "2006-06-30": "28.98300", "2006-03-31": "25.35500", "2005-12-31": "22.66600", "2005-09-30": "25.08200", "2005-06-30": "20.46700", "2005-03-31": "20.02100"}, "Basic EPS": {"2020-09-30": "1.36000", "2020-06-30": "0.93000", "2020-03-31": "0.83000", "2019-12-31": "1.26000", "2019-09-30": "1.25000", "2019-06-30": "1.19000", "2019-03-31": "1.16000", "2018-12-31": "1.13000", "2018-09-30": "1.06000", "2018-06-30": "1.00000", "2018-03-31": "0.97000", "2017-12-31": "0.85000", "2017-09-30": "0.79000", "2017-06-30": "0.77000", "2017-03-31": "0.71000", "2016-12-31": "0.67000", "2016-09-30": "0.65000", "2016-06-30": "0.60000", "2016-03-31": "0.60000", "2015-12-31": "0.60000", "2015-09-30": "0.55000", "2015-06-30": "0.44000", "2015-03-31": "0.46000", "2014-12-31": "0.46000", "2014-09-30": "0.47000", "2014-06-30": "0.41000", "2014-03-31": "0.35000", "2013-12-31": "0.37000", "2013-09-30": "0.33000", "2013-06-30": "0.39000", "2013-03-31": "0.24000", "2012-12-31": "0.38000", "2012-09-30": "0.19000", "2012-06-30": "0.15000", "2012-03-31": "0.12000", "2011-12-31": "0.07000", "2011-09-30": "0.04000", "2011-06-30": "0.05000", "2011-03-31": "0.03000", "2010-12-31": "-0.17000", "2010-09-30": "-0.01000", "2010-06-30": "-0.02000", "2010-03-31": "-0.03000", "2009-12-31": "0.27000", "2009-09-30": "-0.37000", "2009-06-30": "-0.31000", "2009-03-31": "-2.33000", "2008-12-31": "-4.65000", "2008-09-30": "-2.84000", "2008-06-30": "0.08000", "2008-03-31": "0.14000", "2007-12-31": "0.07000", "2007-09-30": "0.38000", "2007-06-30": "0.27000", "2007-03-31": "0.42000", "2006-12-31": "0.34000", "2006-09-30": "0.44000", "2006-06-30": "0.41000", "2006-03-31": "0.37000", "2005-12-31": "0.38000", "2005-09-30": "0.34000", "2005-06-30": "0.35000", "2005-03-31": "0.29000"}, "EPS - Earnings Per Share": {"2020-09-30": "1.36000", "2020-06-30": "0.93000", "2020-03-31": "0.83000", "2019-12-31": "1.25000", "2019-09-30": "1.24000", "2019-06-30": "1.19000", "2019-03-31": "1.16000", "2018-12-31": "1.14000", "2018-09-30": "1.05000", "2018-06-30": "0.99000", "2018-03-31": "0.96000", "2017-12-31": "0.85000", "2017-09-30": "0.79000", "2017-06-30": "0.76000", "2017-03-31": "0.70000", "2016-12-31": "0.66000", "2016-09-30": "0.64000", "2016-06-30": "0.60000", "2016-03-31": "0.60000", "2015-12-31": "0.59000", "2015-09-30": "0.55000", "2015-06-30": "0.44000", "2015-03-31": "0.45000", "2014-12-31": "0.46000", "2014-09-30": "0.46000", "2014-06-30": "0.40000", "2014-03-31": "0.35000", "2013-12-31": "0.35000", "2013-09-30": "0.33000", "2013-06-30": "0.39000", "2013-03-31": "0.24000", "2012-12-31": "0.38000", "2012-09-30": "0.18000", "2012-06-30": "0.15000", "2012-03-31": "0.12000", "2011-12-31": "0.07000", "2011-09-30": "0.04000", "2011-06-30": "0.05000", "2011-03-31": "0.03000", "2010-12-31": "-0.17000", "2010-09-30": "-0.01000", "2010-06-30": "-0.02000", "2010-03-31": "-0.03000", "2009-12-31": "0.27000", "2009-09-30": "-0.37000", "2009-06-30": "-0.31000", "2009-03-31": "-2.33000", "2008-12-31": "-4.65000", "2008-09-30": "-2.84000", "2008-06-30": "0.08000", "2008-03-31": "0.14000", "2007-12-31": "0.07000", "2007-09-30": "0.35000", "2007-06-30": "0.25000", "2007-03-31": "0.39000", "2006-12-31": "0.30000", "2006-09-30": "0.40000", "2006-06-30": "0.38000", "2006-03-31": "0.33000", "2005-12-31": "0.34000", "2005-09-30": "0.31000", "2005-06-30": "0.32000", "2005-03-31": "0.27000"}}, "balance sheet": {"Cash On Hand": {"2019-12-31": "434.59600", "2018-12-31": "498.57900", "2017-12-31": "416.76800", "2016-12-31": "284.49100", "2015-12-31": "224.76200", "2014-12-31": "164.84700", "2013-12-31": "308.14600", "2012-12-31": "205.28900", "2011-12-31": "162.33800", "2010-12-31": "254.47900", "2009-12-31": "450.85900", "2008-12-31": "139.95400", "2007-12-31": "115.62900", "2006-12-31": "264.88000", "2005-12-31": "174.33600"}, "Receivables": {"2019-12-31": "", "2018-12-31": "", "2017-12-31": "", "2016-12-31": "", "2015-12-31": "", "2014-12-31": "", "2013-12-31": "", "2012-12-31": "", "2011-12-31": "", "2010-12-31": "", "2009-12-31": "", "2008-12-31": "", "2007-12-31": "", "2006-12-31": "", "2005-12-31": ""}, "Inventory": {"2019-12-31": "", "2018-12-31": "", "2017-12-31": "", "2016-12-31": "", "2015-12-31": "", "2014-12-31": "", "2013-12-31": "", "2012-12-31": "", "2011-12-31": "", "2010-12-31": "", "2009-12-31": "", "2008-12-31": "", "2007-12-31": "", "2006-12-31": "", "2005-12-31": ""}, "Pre-Paid Expenses": {"2019-12-31": "", "2018-12-31": "", "2017-12-31": "", "2016-12-31": "", "2015-12-31": "", "2014-12-31": "", "2013-12-31": "", "2012-12-31": "", "2011-12-31": "", "2010-12-31": "", "2009-12-31": "", "2008-12-31": "", "2007-12-31": "", "2006-12-31": "", "2005-12-31": ""}, "Other Current Assets": {"2019-12-31": "", "2018-12-31": "", "2017-12-31": "", "2016-12-31": "", "2015-12-31": "", "2014-12-31": "", "2013-12-31": "", "2012-12-31": "", "2011-12-31": "", "2010-12-31": "", "2009-12-31": "", "2008-12-31": "", "2007-12-31": "", "2006-12-31": "", "2005-12-31": ""}, "Total Current Assets": {"2019-12-31": "21390.09000", "2018-12-31": "18056.49000", "2017-12-31": "15370.65000", "2016-12-31": "13368.22000", "2015-12-31": "11242.36000", "2014-12-31": "8452.89600", "2013-12-31": "7009.51100", "2012-12-31": "5819.18000", "2011-12-31": "4843.23700", "2010-12-31": "4384.32200", "2009-12-31": "4421.87500", "2008-12-31": "4209.20500", "2007-12-31": "3721.67700", "2006-12-31": "3251.97600", "2005-12-31": "1957.02600"}, "Property, Plant, And Equipment": {"2019-12-31": "125.83800", "2018-12-31": "119.47400", "2017-12-31": "118.71900", "2016-12-31": "119.83300", "2015-12-31": "118.53500", "2014-12-31": "113.81800", "2013-12-31": "105.56500", "2012-12-31": "107.91000", "2011-12-31": "105.54600", "2010-12-31": "114.37200", "2009-12-31": "125.88300", "2008-12-31": "140.91000", "2007-12-31": "143.42100", "2006-12-31": "99.85900", "2005-12-31": "58.43000"}, "Long-Term Investments": {"2019-12-31": "4445.99200", "2018-12-31": "4130.73400", "2017-12-31": "4087.37700", "2016-12-31": "2955.13900", "2015-12-31": "2042.11500", "2014-12-31": "1547.37000", "2013-12-31": "1686.92400", "2012-12-31": "1266.92000", "2011-12-31": "1516.67800", "2010-12-31": "1272.24200", "2009-12-31": "852.12800", "2008-12-31": "606.42400", "2007-12-31": "763.20300", "2006-12-31": "560.80400", "2005-12-31": "762.98900"}, "Goodwill And Intangible Assets": {"2019-12-31": "297.60800", "2018-12-31": "299.15500", "2017-12-31": "300.74800", "2016-12-31": "302.89400", "2015-12-31": "305.35400", "2014-12-31": "25.91300", "2013-12-31": "27.37400", "2012-12-31": "29.76300", "2011-12-31": "35.73200", "2010-12-31": "39.29100", "2009-12-31": "43.12100", "2008-12-31": "100.00000", "2007-12-31": "242.18000", "2006-12-31": "148.23000", "2005-12-31": "5.16400"}, "Other Long-Term Assets": {"2019-12-31": "471.83200", "2018-12-31": "471.64200", "2017-12-31": "445.80800", "2016-12-31": "359.55900", "2015-12-31": "480.37600", "2014-12-31": "397.81500", "2013-12-31": "397.28000", "2012-12-31": "347.10700", "2011-12-31": "281.62400", "2010-12-31": "303.70500", "2009-12-31": "241.31500", "2008-12-31": "151.82200", "2007-12-31": "119.71500", "2006-12-31": "100.73500", "2005-12-31": "62.85500"}, "Total Long-Term Assets": {"2019-12-31": "5359.29400", "2018-12-31": "5052.99500", "2017-12-31": "4958.43200", "2016-12-31": "3832.61900", "2015-12-31": "3032.73200", "2014-12-31": "2147.60200", "2013-12-31": "2297.83100", "2012-12-31": "1803.45700", "2011-12-31": "2001.30400", "2010-12-31": "1809.56100", "2009-12-31": "1331.40400", "2008-12-31": "1033.55600", "2007-12-31": "1294.41900", "2006-12-31": "917.62790", "2005-12-31": "900.24500"}, "Total Assets": {"2019-12-31": "26821.95000", "2018-12-31": "23109.49000", "2017-12-31": "20329.09000", "2016-12-31": "17200.84000", "2015-12-31": "14275.10000", "2014-12-31": "10600.50000", "2013-12-31": "9307.34200", "2012-12-31": "7622.63700", "2011-12-31": "6844.54100", "2010-12-31": "6193.88300", "2009-12-31": "5753.27900", "2008-12-31": "5242.76100", "2007-12-31": "5016.09600", "2006-12-31": "4169.60400", "2005-12-31": "2857.27100"}, "Total Current Liabilities": {"2019-12-31": "22813.17000", "2018-12-31": "19199.86000", "2017-12-31": "16998.55000", "2016-12-31": "14591.59000", "2015-12-31": "12068.78000", "2014-12-31": "8985.94200", "2013-12-31": "7909.39700", "2012-12-31": "6534.21100", "2011-12-31": "5782.13800", "2010-12-31": "5447.85000", "2009-12-31": "4945.37100", "2008-12-31": "3973.27000", "2007-12-31": "3847.52900", "2006-12-31": "3590.15700", "2005-12-31": "2501.60800"}, "Long Term Debt": {"2019-12-31": "393.56300", "2018-12-31": "851.45800", "2017-12-31": "766.90500", "2016-12-31": "447.93700", "2015-12-31": "360.32800", "2014-12-31": "430.70000", "2013-12-31": "382.95400", "2012-12-31": "229.93500", "2011-12-31": "390.30600", "2010-12-31": "115.99800", "2009-12-31": "131.79000", "2008-12-31": "740.15600", "2007-12-31": "666.93900", "2006-12-31": "170.86800", "2005-12-31": "111.44000"}, "Other Non-Current Liabilities": {"2019-12-31": "520.35700", "2018-12-31": "444.43600", "2017-12-31": "333.93300", "2016-12-31": "269.78500", "2015-12-31": "254.48000", "2014-12-31": "182.92800", "2013-12-31": "159.49300", "2012-12-31": "98.87500", "2011-12-31": "35.41400", "2010-12-31": "27.86100", "2009-12-31": "100.39300", "2008-12-31": "33.83800", "2007-12-31": "", "2006-12-31": "", "2005-12-31": ""}, "Total Long Term Liabilities": {"2019-12-31": "913.92000", "2018-12-31": "1295.89400", "2017-12-31": "1100.83800", "2016-12-31": "717.72200", "2015-12-31": "614.80800", "2014-12-31": "613.62800", "2013-12-31": "542.44700", "2012-12-31": "328.81000", "2011-12-31": "425.72000", "2010-12-31": "143.85900", "2009-12-31": "232.18300", "2008-12-31": "773.99400", "2007-12-31": "667.04900", "2006-12-31": "170.86800", "2005-12-31": "111.44000"}, "Total Liabilities": {"2019-12-31": "23805.20000", "2018-12-31": "20495.75000", "2017-12-31": "18099.39000", "2016-12-31": "15309.31000", "2015-12-31": "12683.59000", "2014-12-31": "9599.57000", "2013-12-31": "8451.84400", "2012-12-31": "6863.02100", "2011-12-31": "6207.85800", "2010-12-31": "5591.70900", "2009-12-31": "5177.55400", "2008-12-31": "4747.26400", "2007-12-31": "4514.57800", "2006-12-31": "3761.02500", "2005-12-31": "2613.04800"}, "Common Stock Net": {"2019-12-31": "0.01000", "2018-12-31": "0.01000", "2017-12-31": "0.01000", "2016-12-31": "0.01000", "2015-12-31": "0.01000", "2014-12-31": "0.00900", "2013-12-31": "0.00900", "2012-12-31": "0.00900", "2011-12-31": "0.00800", "2010-12-31": "0.00800", "2009-12-31": "0.00700", "2008-12-31": "0.00400", "2007-12-31": "0.00300", "2006-12-31": "0.00300", "2005-12-31": "0.00200"}, "Retained Earnings (Accumulated Deficit)": {"2019-12-31": "1680.31700", "2018-12-31": "1282.70500", "2017-12-31": "848.46600", "2016-12-31": "522.43600", "2015-12-31": "262.63800", "2014-12-31": "85.45300", "2013-12-31": "-61.11100", "2012-12-31": "-174.47100", "2011-12-31": "-243.51200", "2010-12-31": "-258.80000", "2009-12-31": "-241.72400", "2008-12-31": "-85.42400", "2007-12-31": "152.28600", "2006-12-31": "126.17000", "2005-12-31": "86.28100"}, "Comprehensive Income": {"2019-12-31": "25.00800", "2018-12-31": "-33.62200", "2017-12-31": "-3.14500", "2016-12-31": "-4.69500", "2015-12-31": "22.26000", "2014-12-31": "16.63900", "2013-12-31": "-21.54600", "2012-12-31": "8.22600", "2011-12-31": "-4.59300", "2010-12-31": "-9.42200", "2009-12-31": "5.40500", "2008-12-31": "-28.49100", "2007-12-31": "-28.74400", "2006-12-31": "-5.14700", "2005-12-31": "-9.69200"}, "Other Share Holders Equity": {"2019-12-31": "", "2018-12-31": "", "2017-12-31": "", "2016-12-31": "", "2015-12-31": "", "2014-12-31": "", "2013-12-31": "", "2012-12-31": "", "2011-12-31": "", "2010-12-31": "", "2009-12-31": "", "2008-12-31": "", "2007-12-31": "", "2006-12-31": "", "2005-12-31": ""}, "Share Holder Equity": {"2019-12-31": "3016.74800", "2018-12-31": "2613.73400", "2017-12-31": "2229.69800", "2016-12-31": "1891.52900", "2015-12-31": "1591.50200", "2014-12-31": "1000.92800", "2013-12-31": "855.49800", "2012-12-31": "759.61600", "2011-12-31": "636.68300", "2010-12-31": "602.17400", "2009-12-31": "575.72500", "2008-12-31": "495.49700", "2007-12-31": "501.51800", "2006-12-31": "408.57900", "2005-12-31": "244.22300"}, "Total Liabilities And Share Holders Equity": {"2019-12-31": "26821.95000", "2018-12-31": "23109.49000", "2017-12-31": "20329.09000", "2016-12-31": "17200.84000", "2015-12-31": "14275.09000", "2014-12-31": "10600.50000", "2013-12-31": "9307.34200", "2012-12-31": "7622.63700", "2011-12-31": "6844.54100", "2010-12-31": "6193.88300", "2009-12-31": "5753.27900", "2008-12-31": "5242.76100", "2007-12-31": "5016.09600", "2006-12-31": "4169.60400", "2005-12-31": "2857.27100"}}, "balance sheet, quarterly": {"Cash On Hand": {"2020-09-30": "1418.73500", "2020-06-30": "1518.46300", "2020-03-31": "415.71000", "2019-12-31": "434.59600", "2019-09-30": "872.05900", "2019-06-30": "1067.85100", "2019-03-31": "785.61100", "2018-12-31": "498.57900", "2018-09-30": "700.56900", "2018-06-30": "506.82300", "2018-03-31": "439.37600", "2017-12-31": "416.76800", "2017-09-30": "650.52900", "2017-06-30": "606.82200", "2017-03-31": "647.12400", "2016-12-31": "284.49100", "2016-09-30": "356.33000", "2016-06-30": "696.35200", "2016-03-31": "1036.89700", "2015-12-31": "224.76200", "2015-09-30": "326.49700", "2015-06-30": "759.21110", "2015-03-31": "493.06500", "2014-12-31": "164.84700", "2014-09-30": "259.14300", "2014-06-30": "380.68900", "2014-03-31": "466.77600", "2013-12-31": "308.14600", "2013-09-30": "513.20900", "2013-06-30": "385.25400", "2013-03-31": "557.07100", "2012-12-31": "205.28900", "2012-09-30": "313.68300", "2012-06-30": "182.55000", "2012-03-31": "184.60700", "2011-12-31": "162.33800", "2011-09-30": "320.27000", "2011-06-30": "558.30500", "2011-03-31": "393.28500", "2010-12-31": "254.47900", "2010-09-30": "617.59000", "2010-06-30": "565.68600", "2010-03-31": "843.34500", "2009-12-31": "450.85900", "2009-09-30": "812.91600", "2009-06-30": "737.61510", "2009-03-31": "227.61600", "2008-12-31": "139.95400", "2008-09-30": "172.89600", "2008-06-30": "181.28300", "2008-03-31": "191.86100", "2007-12-31": "115.62900", "2007-09-30": "166.52700", "2007-06-30": "195.91900", "2007-03-31": "296.45700", "2006-12-31": "264.88000", "2006-09-30": "207.07000", "2006-06-30": "224.33800", "2006-03-31": "363.28600", "2005-12-31": "174.33600", "2005-09-30": "294.61700", "2005-06-30": "305.38100", "2005-03-31": ""}, "Receivables": {"2020-09-30": "", "2020-06-30": "", "2020-03-31": "", "2019-12-31": "", "2019-09-30": "", "2019-06-30": "", "2019-03-31": "", "2018-12-31": "", "2018-09-30": "", "2018-06-30": "", "2018-03-31": "", "2017-12-31": "", "2017-09-30": "", "2017-06-30": "", "2017-03-31": "", "2016-12-31": "", "2016-09-30": "", "2016-06-30": "", "2016-03-31": "", "2015-12-31": "", "2015-09-30": "", "2015-06-30": "", "2015-03-31": "", "2014-12-31": "", "2014-09-30": "", "2014-06-30": "", "2014-03-31": "", "2013-12-31": "", "2013-09-30": "", "2013-06-30": "", "2013-03-31": "", "2012-12-31": "", "2012-09-30": "", "2012-06-30": "", "2012-03-31": "", "2011-12-31": "", "2011-09-30": "", "2011-06-30": "", "2011-03-31": "", "2010-12-31": "", "2010-09-30": "", "2010-06-30": "", "2010-03-31": "", "2009-12-31": "", "2009-09-30": "", "2009-06-30": "", "2009-03-31": "", "2008-12-31": "", "2008-09-30": "", "2008-06-30": "", "2008-03-31": "", "2007-12-31": "", "2007-09-30": "", "2007-06-30": "", "2007-03-31": "", "2006-12-31": "", "2006-09-30": "", "2006-06-30": "", "2006-03-31": "", "2005-12-31": "", "2005-09-30": "", "2005-06-30": "", "2005-03-31": ""}, "Inventory": {"2020-09-30": "", "2020-06-30": "", "2020-03-31": "", "2019-12-31": "", "2019-09-30": "", "2019-06-30": "", "2019-03-31": "", "2018-12-31": "", "2018-09-30": "", "2018-06-30": "", "2018-03-31": "", "2017-12-31": "", "2017-09-30": "", "2017-06-30": "", "2017-03-31": "", "2016-12-31": "", "2016-09-30": "", "2016-06-30": "", "2016-03-31": "", "2015-12-31": "", "2015-09-30": "", "2015-06-30": "", "2015-03-31": "", "2014-12-31": "", "2014-09-30": "", "2014-06-30": "", "2014-03-31": "", "2013-12-31": "", "2013-09-30": "", "2013-06-30": "", "2013-03-31": "", "2012-12-31": "", "2012-09-30": "", "2012-06-30": "", "2012-03-31": "", "2011-12-31": "", "2011-09-30": "", "2011-06-30": "", "2011-03-31": "", "2010-12-31": "", "2010-09-30": "", "2010-06-30": "", "2010-03-31": "", "2009-12-31": "", "2009-09-30": "", "2009-06-30": "", "2009-03-31": "", "2008-12-31": "", "2008-09-30": "", "2008-06-30": "", "2008-03-31": "", "2007-12-31": "", "2007-09-30": "", "2007-06-30": "", "2007-03-31": "", "2006-12-31": "", "2006-09-30": "", "2006-06-30": "", "2006-03-31": "", "2005-12-31": "", "2005-09-30": "", "2005-06-30": "", "2005-03-31": ""}, "Pre-Paid Expenses": {"2020-09-30": "", "2020-06-30": "", "2020-03-31": "", "2019-12-31": "", "2019-09-30": "", "2019-06-30": "", "2019-03-31": "", "2018-12-31": "", "2018-09-30": "", "2018-06-30": "", "2018-03-31": "", "2017-12-31": "", "2017-09-30": "", "2017-06-30": "", "2017-03-31": "", "2016-12-31": "", "2016-09-30": "", "2016-06-30": "", "2016-03-31": "", "2015-12-31": "", "2015-09-30": "", "2015-06-30": "", "2015-03-31": "", "2014-12-31": "", "2014-09-30": "", "2014-06-30": "", "2014-03-31": "", "2013-12-31": "", "2013-09-30": "", "2013-06-30": "", "2013-03-31": "", "2012-12-31": "", "2012-09-30": "", "2012-06-30": "", "2012-03-31": "", "2011-12-31": "", "2011-09-30": "", "2011-06-30": "", "2011-03-31": "", "2010-12-31": "", "2010-09-30": "", "2010-06-30": "", "2010-03-31": "", "2009-12-31": "", "2009-09-30": "", "2009-06-30": "", "2009-03-31": "", "2008-12-31": "", "2008-09-30": "", "2008-06-30": "", "2008-03-31": "", "2007-12-31": "", "2007-09-30": "", "2007-06-30": "", "2007-03-31": "", "2006-12-31": "", "2006-09-30": "", "2006-06-30": "", "2006-03-31": "", "2005-12-31": "", "2005-09-30": "", "2005-06-30": "", "2005-03-31": ""}, "Other Current Assets": {"2020-09-30": "", "2020-06-30": "", "2020-03-31": "", "2019-12-31": "", "2019-09-30": "", "2019-06-30": "", "2019-03-31": "", "2018-12-31": "", "2018-09-30": "", "2018-06-30": "", "2018-03-31": "", "2017-12-31": "", "2017-09-30": "", "2017-06-30": "", "2017-03-31": "", "2016-12-31": "", "2016-09-30": "", "2016-06-30": "", "2016-03-31": "", "2015-12-31": "", "2015-09-30": "", "2015-06-30": "", "2015-03-31": "", "2014-12-31": "", "2014-09-30": "", "2014-06-30": "", "2014-03-31": "", "2013-12-31": "", "2013-09-30": "", "2013-06-30": "", "2013-03-31": "", "2012-12-31": "", "2012-09-30": "", "2012-06-30": "", "2012-03-31": "", "2011-12-31": "", "2011-09-30": "", "2011-06-30": "", "2011-03-31": "", "2010-12-31": "", "2010-09-30": "", "2010-06-30": "", "2010-03-31": "", "2009-12-31": "", "2009-09-30": "", "2009-06-30": "", "2009-03-31": "", "2008-12-31": "", "2008-09-30": "", "2008-06-30": "", "2008-03-31": "", "2007-12-31": "", "2007-09-30": "", "2007-06-30": "", "2007-03-31": "", "2006-12-31": "", "2006-09-30": "", "2006-06-30": "", "2006-03-31": "", "2005-12-31": "", "2005-09-30": "", "2005-06-30": "", "2005-03-31": ""}, "Total Current Assets": {"2020-09-30": "27122.19000", "2020-06-30": "26237.34000", "2020-03-31": "23346.52000", "2019-12-31": "21390.09000", "2019-09-30": "20859.90000", "2019-06-30": "20157.69000", "2019-03-31": "18747.37000", "2018-12-31": "18056.49000", "2018-09-30": "17283.32000", "2018-06-30": "16498.00000", "2018-03-31": "15855.17000", "2017-12-31": "15370.65000", "2017-09-30": "15036.14000", "2017-06-30": "14465.01000", "2017-03-31": "14182.22000", "2016-12-31": "13368.22000", "2016-09-30": "13267.04000", "2016-06-30": "13452.09000", "2016-03-31": "12159.13000", "2015-12-31": "11242.36000", "2015-09-30": "10997.72000", "2015-06-30": "11004.78000", "2015-03-31": "9199.52100", "2014-12-31": "8452.89600", "2014-09-30": "8079.50200", "2014-06-30": "7819.31900", "2014-03-31": "7471.47600", "2013-12-31": "7009.51100", "2013-09-30": "6931.64100", "2013-06-30": "6700.45000", "2013-03-31": "6316.93300", "2012-12-31": "5819.18000", "2012-09-30": "5549.20500", "2012-06-30": "5249.89600", "2012-03-31": "5012.70800", "2011-12-31": "4843.23700", "2011-09-30": "4746.55500", "2011-06-30": "4865.63500", "2011-03-31": "4565.15900", "2010-12-31": "4384.32200", "2010-09-30": "4682.90000", "2010-06-30": "4585.62400", "2010-03-31": "4789.73800", "2009-12-31": "4421.87500", "2009-09-30": "4698.02300", "2009-06-30": "4706.58300", "2009-03-31": "4289.58700", "2008-12-31": "4209.20500", "2008-09-30": "4082.90900", "2008-06-30": "4015.50100", "2008-03-31": "3884.29000", "2007-12-31": "3721.67700", "2007-09-30": "3694.73000", "2007-06-30": "3567.49000", "2007-03-31": "3614.08200", "2006-12-31": "3251.97600", "2006-09-30": "3109.38600", "2006-06-30": "2979.61400", "2006-03-31": "2702.60700", "2005-12-31": "1957.02600", "2005-09-30": "1902.05900", "2005-06-30": "1748.92900", "2005-03-31": ""}, "Property, Plant, And Equipment": {"2020-09-30": "128.25600", "2020-06-30": "127.81800", "2020-03-31": "125.88900", "2019-12-31": "125.83800", "2019-09-30": "125.06300", "2019-06-30": "123.08400", "2019-03-31": "119.82700", "2018-12-31": "119.47400", "2018-09-30": "119.21100", "2018-06-30": "115.37800", "2018-03-31": "116.70200", "2017-12-31": "118.71900", "2017-09-30": "120.06300", "2017-06-30": "120.46700", "2017-03-31": "120.03800", "2016-12-31": "119.83300", "2016-09-30": "121.27400", "2016-06-30": "120.51800", "2016-03-31": "119.75900", "2015-12-31": "118.53500", "2015-09-30": "121.73900", "2015-06-30": "116.04400", "2015-03-31": "114.26100", "2014-12-31": "113.81800", "2014-09-30": "112.05700", "2014-06-30": "109.60300", "2014-03-31": "106.57900", "2013-12-31": "105.56500", "2013-09-30": "105.92500", "2013-06-30": "106.09700", "2013-03-31": "107.10500", "2012-12-31": "107.91000", "2012-09-30": "106.90200", "2012-06-30": "106.89500", "2012-03-31": "105.05500", "2011-12-31": "105.54600", "2011-09-30": "106.22700", "2011-06-30": "109.24300", "2011-03-31": "112.02800", "2010-12-31": "114.37200", "2010-09-30": "116.54700", "2010-06-30": "118.74300", "2010-03-31": "121.19800", "2009-12-31": "125.88300", "2009-09-30": "128.64700", "2009-06-30": "136.65300", "2009-03-31": "138.07900", "2008-12-31": "140.91000", "2008-09-30": "142.88300", "2008-06-30": "143.47200", "2008-03-31": "143.92300", "2007-12-31": "143.42100", "2007-09-30": "138.41500", "2007-06-30": "130.25500", "2007-03-31": "125.57000", "2006-12-31": "99.85900", "2006-09-30": "93.76300", "2006-06-30": "82.71800", "2006-03-31": "71.86200", "2005-12-31": "58.43000", "2005-09-30": "36.85900", "2005-06-30": "35.82200", "2005-03-31": ""}, "Long-Term Investments": {"2020-09-30": "5115.44700", "2020-06-30": "4631.83700", "2020-03-31": "4771.58400", "2019-12-31": "4445.99200", "2019-09-30": "4486.66600", "2019-06-30": "4191.54000", "2019-03-31": "4071.37600", "2018-12-31": "4130.73400", "2018-09-30": "3928.76900", "2018-06-30": "3992.75800", "2018-03-31": "4023.19600", "2017-12-31": "4087.37700", "2017-09-30": "3773.44400", "2017-06-30": "3282.81700", "2017-03-31": "2869.02400", "2016-12-31": "2955.13900", "2016-09-30": "2777.89500", "2016-06-30": "2262.47600", "2016-03-31": "2093.95000", "2015-12-31": "2042.11500", "2015-09-30": "1992.50300", "2015-06-30": "1530.97500", "2015-03-31": "1452.99000", "2014-12-31": "1547.37000", "2014-09-30": "1596.89900", "2014-06-30": "1605.34000", "2014-03-31": "1670.38900", "2013-12-31": "1686.92400", "2013-09-30": "1396.80100", "2013-06-30": "1310.83800", "2013-03-31": "1331.32400", "2012-12-31": "1266.92000", "2012-09-30": "1365.95800", "2012-06-30": "1432.14300", "2012-03-31": "1450.97400", "2011-12-31": "1516.67800", "2011-09-30": "1325.00600", "2011-06-30": "1150.33500", "2011-03-31": "1325.07400", "2010-12-31": "1272.24200", "2010-09-30": "967.09590", "2010-06-30": "883.94400", "2010-03-31": "809.20310", "2009-12-31": "852.12800", "2009-09-30": "713.80900", "2009-06-30": "598.04100", "2009-03-31": "624.53600", "2008-12-31": "606.42400", "2008-09-30": "663.93500", "2008-06-30": "663.25200", "2008-03-31": "777.47410", "2007-12-31": "763.20300", "2007-09-30": "810.72600", "2007-06-30": "702.62400", "2007-03-31": "647.71090", "2006-12-31": "560.80400", "2006-09-30": "571.41500", "2006-06-30": "605.70000", "2006-03-31": "642.56400", "2005-12-31": "762.98900", "2005-09-30": "727.08090", "2005-06-30": "708.41000", "2005-03-31": ""}, "Goodwill And Intangible Assets": {"2020-09-30": "298.98700", "2020-06-30": "296.86000", "2020-03-31": "297.23400", "2019-12-31": "297.60800", "2019-09-30": "297.99400", "2019-06-30": "298.38100", "2019-03-31": "298.76800", "2018-12-31": "299.15500", "2018-09-30": "299.55300", "2018-06-30": "299.95100", "2018-03-31": "300.35000", "2017-12-31": "300.74800", "2017-09-30": "301.15700", "2017-06-30": "301.64500", "2017-03-31": "302.13300", "2016-12-31": "302.89400", "2016-09-30": "303.59200", "2016-06-30": "304.28900", "2016-03-31": "303.96200", "2015-12-31": "305.35400", "2015-09-30": "305.76700", "2015-06-30": "299.97500", "2015-03-31": "25.63200", "2014-12-31": "25.91300", "2014-09-30": "26.19400", "2014-06-30": "26.47500", "2014-03-31": "26.77700", "2013-12-31": "27.37400", "2013-09-30": "27.97100", "2013-06-30": "28.56800", "2013-03-31": "29.16600", "2012-12-31": "29.76300", "2012-09-30": "28.98800", "2012-06-30": "33.95300", "2012-03-31": "34.84300", "2011-12-31": "35.73200", "2011-09-30": "36.62200", "2011-06-30": "37.51100", "2011-03-31": "38.40100", "2010-12-31": "39.29100", "2010-09-30": "40.18000", "2010-06-30": "41.30700", "2010-03-31": "42.21400", "2009-12-31": "43.12100", "2009-09-30": "51.58900", "2009-06-30": "53.11000", "2009-03-31": "54.05500", "2008-12-31": "100.00000", "2008-09-30": "160.54800", "2008-06-30": "240.73500", "2008-03-31": "241.36600", "2007-12-31": "242.18000", "2007-09-30": "243.12000", "2007-06-30": "237.40000", "2007-03-31": "237.40900", "2006-12-31": "148.23000", "2006-09-30": "146.72300", "2006-06-30": "145.31800", "2006-03-31": "92.01100", "2005-12-31": "5.16400", "2005-09-30": "5.22000", "2005-06-30": "5.27500", "2005-03-31": ""}, "Other Long-Term Assets": {"2020-09-30": "552.58500", "2020-06-30": "508.13600", "2020-03-31": "517.14200", "2019-12-31": "471.83200", "2019-09-30": "476.40300", "2019-06-30": "463.68200", "2019-03-31": "460.35300", "2018-12-31": "471.64200", "2018-09-30": "501.80800", "2018-06-30": "422.26800", "2018-03-31": "437.93900", "2017-12-31": "445.80800", "2017-09-30": "607.64100", "2017-06-30": "587.15200", "2017-03-31": "561.00500", "2016-12-31": "359.55900", "2016-09-30": "500.07600", "2016-06-30": "524.11400", "2016-03-31": "497.25600", "2015-12-31": "480.37600", "2015-09-30": "459.29100", "2015-06-30": "436.25800", "2015-03-31": "400.46000", "2014-12-31": "397.81500", "2014-09-30": "406.67100", "2014-06-30": "394.56300", "2014-03-31": "393.08100", "2013-12-31": "397.28000", "2013-09-30": "379.52100", "2013-06-30": "365.10400", "2013-03-31": "335.51600", "2012-12-31": "347.10700", "2012-09-30": "315.90700", "2012-06-30": "292.48100", "2012-03-31": "266.36400", "2011-12-31": "281.62400", "2011-09-30": "268.92000", "2011-06-30": "273.97900", "2011-03-31": "284.34000", "2010-12-31": "303.70500", "2010-09-30": "302.23800", "2010-06-30": "261.63100", "2010-03-31": "264.82500", "2009-12-31": "241.31500", "2009-09-30": "183.00800", "2009-06-30": "165.76400", "2009-03-31": "129.40300", "2008-12-31": "151.82200", "2008-09-30": "123.73700", "2008-06-30": "117.01400", "2008-03-31": "114.90400", "2007-12-31": "119.71500", "2007-09-30": "104.18000", "2007-06-30": "103.70200", "2007-03-31": "100.18900", "2006-12-31": "100.73500", "2006-09-30": "70.81000", "2006-06-30": "68.62700", "2006-03-31": "62.93100", "2005-12-31": "62.85500", "2005-09-30": "64.93700", "2005-06-30": "115.48800", "2005-03-31": ""}, "Total Long-Term Assets": {"2020-09-30": "6141.92000", "2020-06-30": "5598.72300", "2020-03-31": "5739.36700", "2019-12-31": "5359.29400", "2019-09-30": "5389.79800", "2019-06-30": "5086.00600", "2019-03-31": "4972.63300", "2018-12-31": "5052.99500", "2018-09-30": "4892.82400", "2018-06-30": "4869.45200", "2018-03-31": "4905.56100", "2017-12-31": "4958.43200", "2017-09-30": "4886.07700", "2017-06-30": "4379.73900", "2017-03-31": "3940.28300", "2016-12-31": "3832.61900", "2016-09-30": "3775.55700", "2016-06-30": "3276.67200", "2016-03-31": "3088.90600", "2015-12-31": "3032.73200", "2015-09-30": "2957.85000", "2015-06-30": "2465.32700", "2015-03-31": "2052.42200", "2014-12-31": "2147.60200", "2014-09-30": "2209.32200", "2014-06-30": "2204.26800", "2014-03-31": "2275.14800", "2013-12-31": "2297.83100", "2013-09-30": "1989.78800", "2013-06-30": "1893.23400", "2013-03-31": "1857.17100", "2012-12-31": "1803.45700", "2012-09-30": "1854.39800", "2012-06-30": "1913.67600", "2012-03-31": "1912.58400", "2011-12-31": "2001.30400", "2011-09-30": "1799.33500", "2011-06-30": "1642.45400", "2011-03-31": "1839.67700", "2010-12-31": "1809.56100", "2010-09-30": "1496.24600", "2010-06-30": "1373.85500", "2010-03-31": "1306.50000", "2009-12-31": "1331.40400", "2009-09-30": "1133.29400", "2009-06-30": "994.95300", "2009-03-31": "977.69900", "2008-12-31": "1033.55600", "2008-09-30": "1146.06100", "2008-06-30": "1203.83200", "2008-03-31": "1313.01300", "2007-12-31": "1294.41900", "2007-09-30": "1308.70200", "2007-06-30": "1179.33600", "2007-03-31": "1113.56200", "2006-12-31": "917.62790", "2006-09-30": "893.40700", "2006-06-30": "910.00700", "2006-03-31": "877.53800", "2005-12-31": "900.24500", "2005-09-30": "842.95490", "2005-06-30": "872.41500", "2005-03-31": ""}, "Total Assets": {"2020-09-30": "33335.51000", "2020-06-30": "31906.40000", "2020-03-31": "29158.23000", "2019-12-31": "26821.95000", "2019-09-30": "26324.24000", "2019-06-30": "25314.79000", "2019-03-31": "23792.85000", "2018-12-31": "23109.49000", "2018-09-30": "22176.15000", "2018-06-30": "21367.45000", "2018-03-31": "20760.73000", "2017-12-31": "20329.09000", "2017-09-30": "19922.22000", "2017-06-30": "18844.74000", "2017-03-31": "18122.51000", "2016-12-31": "17200.84000", "2016-09-30": "17042.60000", "2016-06-30": "16728.77000", "2016-03-31": "15248.04000", "2015-12-31": "14275.10000", "2015-09-30": "13955.57000", "2015-06-30": "13470.10000", "2015-03-31": "11251.94000", "2014-12-31": "10600.50000", "2014-09-30": "10288.82000", "2014-06-30": "10023.59000", "2014-03-31": "9746.62400", "2013-12-31": "9307.34200", "2013-09-30": "8921.42900", "2013-06-30": "8593.68400", "2013-03-31": "8174.10400", "2012-12-31": "7622.63700", "2012-09-30": "7403.60300", "2012-06-30": "7163.57200", "2012-03-31": "6925.29200", "2011-12-31": "6844.54100", "2011-09-30": "6545.89000", "2011-06-30": "6508.08900", "2011-03-31": "6404.83600", "2010-12-31": "6193.88300", "2010-09-30": "6179.14600", "2010-06-30": "5959.47900", "2010-03-31": "6096.23800", "2009-12-31": "5753.27900", "2009-09-30": "5831.31700", "2009-06-30": "5701.53600", "2009-03-31": "5267.28600", "2008-12-31": "5242.76100", "2008-09-30": "5228.97000", "2008-06-30": "5219.33300", "2008-03-31": "5197.30300", "2007-12-31": "5016.09600", "2007-09-30": "5003.43200", "2007-06-30": "4746.82600", "2007-03-31": "4727.64400", "2006-12-31": "4169.60400", "2006-09-30": "4002.79300", "2006-06-30": "3889.62100", "2006-03-31": "3580.14500", "2005-12-31": "2857.27100", "2005-09-30": "2745.01400", "2005-06-30": "2621.34400", "2005-03-31": "0.00000"}, "Total Current Liabilities": {"2020-09-30": "28863.08000", "2020-06-30": "27570.02000", "2020-03-31": "24853.66000", "2019-12-31": "22813.17000", "2019-09-30": "22455.80000", "2019-06-30": "21453.82000", "2019-03-31": "20223.88000", "2018-12-31": "19199.86000", "2018-09-30": "18929.55000", "2018-06-30": "18105.55000", "2018-03-31": "17376.21000", "2017-12-31": "16998.55000", "2017-09-30": "16930.85000", "2017-06-30": "16063.77000", "2017-03-31": "15391.68000", "2016-12-31": "14591.59000", "2016-09-30": "14487.57000", "2016-06-30": "14239.85000", "2016-03-31": "13117.76000", "2015-12-31": "12068.78000", "2015-09-30": "11663.63000", "2015-06-30": "11506.48000", "2015-03-31": "9709.58100", "2014-12-31": "8985.94200", "2014-09-30": "8750.58400", "2014-06-30": "8523.19300", "2014-03-31": "8316.17300", "2013-12-31": "7909.39700", "2013-09-30": "7457.49900", "2013-06-30": "7182.65100", "2013-03-31": "6932.22000", "2012-12-31": "6534.21100", "2012-09-30": "6373.32600", "2012-06-30": "6088.31200", "2012-03-31": "6013.40600", "2011-12-31": "5782.13800", "2011-09-30": "5775.47400", "2011-06-30": "5736.97000", "2011-03-31": "5660.86800", "2010-12-31": "5447.85000", "2010-09-30": "5415.36300", "2010-06-30": "5317.21500", "2010-03-31": "5359.20400", "2009-12-31": "4945.37100", "2009-09-30": "5047.10500", "2009-06-30": "4723.13300", "2009-03-31": "4366.76000", "2008-12-31": "3973.27000", "2008-09-30": "3839.33200", "2008-06-30": "3862.61100", "2008-03-31": "3890.91200", "2007-12-31": "3847.52900", "2007-09-30": "4017.47300", "2007-06-30": "4026.34700", "2007-03-31": "4049.33200", "2006-12-31": "3590.15700", "2006-09-30": "3417.82800", "2006-06-30": "3352.58100", "2006-03-31": "3073.97300", "2005-12-31": "2501.60800", "2005-09-30": "2356.32300", "2005-06-30": "2198.90300", "2005-03-31": ""}, "Long Term Debt": {"2020-09-30": "628.77200", "2020-06-30": "627.72900", "2020-03-31": "697.89300", "2019-12-31": "393.56300", "2019-09-30": "388.85600", "2019-06-30": "387.23200", "2019-03-31": "373.99600", "2018-12-31": "851.45800", "2018-09-30": "359.08200", "2018-06-30": "436.06000", "2018-03-31": "663.93500", "2017-12-31": "766.90500", "2017-09-30": "372.85100", "2017-06-30": "375.44400", "2017-03-31": "366.88500", "2016-12-31": "447.93700", "2016-09-30": "382.93200", "2016-06-30": "382.10300", "2016-03-31": "210.64700", "2015-12-31": "360.32800", "2015-09-30": "506.81400", "2015-06-30": "277.84600", "2015-03-31": "315.97500", "2014-12-31": "430.70000", "2014-09-30": "372.57500", "2014-06-30": "380.24300", "2014-03-31": "385.65200", "2013-12-31": "382.95400", "2013-09-30": "433.55200", "2013-06-30": "458.53200", "2013-03-31": "330.50900", "2012-12-31": "229.93500", "2012-09-30": "259.83200", "2012-06-30": "340.20100", "2012-03-31": "230.69100", "2011-12-31": "390.30600", "2011-09-30": "109.57300", "2011-06-30": "115.87200", "2011-03-31": "116.08300", "2010-12-31": "115.99800", "2010-09-30": "109.21100", "2010-06-30": "36.32300", "2010-03-31": "122.32000", "2009-12-31": "131.79000", "2009-09-30": "181.24500", "2009-06-30": "356.76600", "2009-03-31": "473.58800", "2008-12-31": "740.15600", "2008-09-30": "911.76300", "2008-06-30": "831.28090", "2008-03-31": "812.43100", "2007-12-31": "666.93900", "2007-09-30": "470.04600", "2007-06-30": "201.02800", "2007-03-31": "167.06700", "2006-12-31": "170.86800", "2006-09-30": "191.89500", "2006-06-30": "169.93000", "2006-03-31": "149.83400", "2005-12-31": "111.44000", "2005-09-30": "150.43800", "2005-06-30": "199.95200", "2005-03-31": ""}, "Other Non-Current Liabilities": {"2020-09-30": "540.99100", "2020-06-30": "529.32700", "2020-03-31": "528.30700", "2019-12-31": "520.35700", "2019-09-30": "476.72700", "2019-06-30": "546.27800", "2019-03-31": "396.59900", "2018-12-31": "444.43600", "2018-09-30": "399.12300", "2018-06-30": "434.15900", "2018-03-31": "426.81900", "2017-12-31": "333.93300", "2017-09-30": "472.89400", "2017-06-30": "346.85300", "2017-03-31": "394.94800", "2016-12-31": "269.78500", "2016-09-30": "314.78400", "2016-06-30": "310.60500", "2016-03-31": "259.46800", "2015-12-31": "254.48000", "2015-09-30": "201.42800", "2015-06-30": "171.03400", "2015-03-31": "175.05700", "2014-12-31": "182.92800", "2014-09-30": "162.54300", "2014-06-30": "162.48700", "2014-03-31": "149.99400", "2013-12-31": "159.49300", "2013-09-30": "204.09000", "2013-06-30": "152.97600", "2013-03-31": "130.08000", "2012-12-31": "98.87500", "2012-09-30": "72.43400", "2012-06-30": "62.93900", "2012-03-31": "27.15000", "2011-12-31": "35.41400", "2011-09-30": "28.58800", "2011-06-30": "39.59400", "2011-03-31": "26.31000", "2010-12-31": "27.86100", "2010-09-30": "34.80800", "2010-06-30": "30.08300", "2010-03-31": "38.93500", "2009-12-31": "100.39300", "2009-09-30": "", "2009-06-30": "", "2009-03-31": "", "2008-12-31": "33.83800", "2008-09-30": "", "2008-06-30": "", "2008-03-31": "", "2007-12-31": "", "2007-09-30": "", "2007-06-30": "", "2007-03-31": "", "2006-12-31": "", "2006-09-30": "", "2006-06-30": "", "2006-03-31": "", "2005-12-31": "", "2005-09-30": "", "2005-06-30": "", "2005-03-31": ""}, "Total Long Term Liabilities": {"2020-09-30": "1169.76300", "2020-06-30": "1157.05600", "2020-03-31": "1226.20000", "2019-12-31": "913.92000", "2019-09-30": "865.58290", "2019-06-30": "933.51000", "2019-03-31": "770.59500", "2018-12-31": "1295.89400", "2018-09-30": "758.20500", "2018-06-30": "870.21900", "2018-03-31": "1090.75400", "2017-12-31": "1100.83800", "2017-09-30": "845.74500", "2017-06-30": "722.29700", "2017-03-31": "761.83300", "2016-12-31": "717.72200", "2016-09-30": "697.71600", "2016-06-30": "692.70800", "2016-03-31": "470.11500", "2015-12-31": "614.80800", "2015-09-30": "708.24200", "2015-06-30": "448.88000", "2015-03-31": "491.03200", "2014-12-31": "613.62800", "2014-09-30": "535.11800", "2014-06-30": "542.73000", "2014-03-31": "535.64600", "2013-12-31": "542.44700", "2013-09-30": "637.64200", "2013-06-30": "611.50800", "2013-03-31": "460.58900", "2012-12-31": "328.81000", "2012-09-30": "332.26600", "2012-06-30": "403.14000", "2012-03-31": "257.84100", "2011-12-31": "425.72000", "2011-09-30": "138.16100", "2011-06-30": "155.46600", "2011-03-31": "142.39300", "2010-12-31": "143.85900", "2010-09-30": "144.01900", "2010-06-30": "66.40600", "2010-03-31": "161.25500", "2009-12-31": "232.18300", "2009-09-30": "181.24500", "2009-06-30": "356.76600", "2009-03-31": "473.58800", "2008-12-31": "773.99400", "2008-09-30": "911.76300", "2008-06-30": "831.28090", "2008-03-31": "812.43100", "2007-12-31": "667.04900", "2007-09-30": "470.06400", "2007-06-30": "201.02800", "2007-03-31": "167.06700", "2006-12-31": "170.86800", "2006-09-30": "191.89500", "2006-06-30": "169.93000", "2006-03-31": "149.83400", "2005-12-31": "111.44000", "2005-09-30": "150.43800", "2005-06-30": "199.95200", "2005-03-31": ""}, "Total Liabilities": {"2020-09-30": "30111.46000", "2020-06-30": "28803.98000", "2020-03-31": "26158.59000", "2019-12-31": "23805.20000", "2019-09-30": "23401.18000", "2019-06-30": "22463.52000", "2019-03-31": "21072.23000", "2018-12-31": "20495.75000", "2018-09-30": "19687.75000", "2018-06-30": "18975.77000", "2018-03-31": "18466.97000", "2017-12-31": "18099.39000", "2017-09-30": "17776.59000", "2017-06-30": "16786.07000", "2017-03-31": "16153.51000", "2016-12-31": "15309.31000", "2016-09-30": "15185.25000", "2016-06-30": "14932.56000", "2016-03-31": "13587.88000", "2015-12-31": "12683.59000", "2015-09-30": "12371.87000", "2015-06-30": "11955.36000", "2015-03-31": "10200.61000", "2014-12-31": "9599.57000", "2014-09-30": "9285.70200", "2014-06-30": "9065.92300", "2014-03-31": "8851.81900", "2013-12-31": "8451.84400", "2013-09-30": "8095.14100", "2013-06-30": "7794.15900", "2013-03-31": "7392.80900", "2012-12-31": "6863.02100", "2012-09-30": "6705.59200", "2012-06-30": "6491.45200", "2012-03-31": "6271.24700", "2011-12-31": "6207.85800", "2011-09-30": "5913.63500", "2011-06-30": "5892.43600", "2011-03-31": "5803.26100", "2010-12-31": "5591.70900", "2010-09-30": "5559.38200", "2010-06-30": "5383.62100", "2010-03-31": "5520.45900", "2009-12-31": "5177.55400", "2009-09-30": "5228.35000", "2009-06-30": "5079.89900", "2009-03-31": "4840.34800", "2008-12-31": "4747.26400", "2008-09-30": "4751.09500", "2008-06-30": "4693.89200", "2008-03-31": "4703.34300", "2007-12-31": "4514.57800", "2007-09-30": "4487.53700", "2007-06-30": "4227.37500", "2007-03-31": "4216.39900", "2006-12-31": "3761.02500", "2006-09-30": "3609.72300", "2006-06-30": "3522.51100", "2006-03-31": "3223.80700", "2005-12-31": "2613.04800", "2005-09-30": "2506.76100", "2005-06-30": "2398.85500", "2005-03-31": ""}, "Common Stock Net": {"2020-09-30": "0.01000", "2020-06-30": "0.01000", "2020-03-31": "0.01000", "2019-12-31": "0.01000", "2019-09-30": "0.01000", "2019-06-30": "0.01000", "2019-03-31": "0.01000", "2018-12-31": "0.01000", "2018-09-30": "0.01000", "2018-06-30": "0.01000", "2018-03-31": "0.01000", "2017-12-31": "0.01000", "2017-09-30": "0.01000", "2017-06-30": "0.01000", "2017-03-31": "0.01000", "2016-12-31": "0.01000", "2016-09-30": "0.01000", "2016-06-30": "0.01000", "2016-03-31": "0.01000", "2015-12-31": "0.01000", "2015-09-30": "0.01000", "2015-06-30": "0.01000", "2015-03-31": "0.00900", "2014-12-31": "0.00900", "2014-09-30": "0.00900", "2014-06-30": "0.00900", "2014-03-31": "0.00900", "2013-12-31": "0.00900", "2013-09-30": "0.00900", "2013-06-30": "0.00900", "2013-03-31": "0.00900", "2012-12-31": "0.00900", "2012-09-30": "0.00800", "2012-06-30": "0.00800", "2012-03-31": "0.00800", "2011-12-31": "0.00800", "2011-09-30": "0.00800", "2011-06-30": "0.00800", "2011-03-31": "0.00800", "2010-12-31": "0.00800", "2010-09-30": "0.00800", "2010-06-30": "0.00700", "2010-03-31": "0.00700", "2009-12-31": "0.00700", "2009-09-30": "0.00700", "2009-06-30": "0.00700", "2009-03-31": "0.00400", "2008-12-31": "0.00400", "2008-09-30": "0.00400", "2008-06-30": "0.00300", "2008-03-31": "0.00300", "2007-12-31": "0.00300", "2007-09-30": "0.00300", "2007-06-30": "0.00300", "2007-03-31": "0.00300", "2006-12-31": "0.00300", "2006-09-30": "0.00300", "2006-06-30": "0.00300", "2006-03-31": "0.00300", "2005-12-31": "0.00200", "2005-09-30": "0.00200", "2005-06-30": "0.00200", "2005-03-31": ""}, "Retained Earnings (Accumulated Deficit)": {"2020-09-30": "1833.01200", "2020-06-30": "1722.45100", "2020-03-31": "1661.76800", "2019-12-31": "1680.31700", "2019-09-30": "1581.92800", "2019-06-30": "1513.97000", "2019-03-31": "1399.21500", "2018-12-31": "1282.70500", "2018-09-30": "1166.22600", "2018-06-30": "1055.10300", "2018-03-31": "950.42400", "2017-12-31": "848.46600", "2017-09-30": "758.62200", "2017-06-30": "675.76400", "2017-03-31": "595.79300", "2016-12-31": "522.43600", "2016-09-30": "452.63600", "2016-06-30": "385.58400", "2016-03-31": "323.97000", "2015-12-31": "262.63800", "2015-09-30": "218.89700", "2015-06-30": "159.93900", "2015-03-31": "125.46700", "2014-12-31": "85.45300", "2014-09-30": "45.37300", "2014-06-30": "4.80700", "2014-03-31": "-30.37900", "2013-12-31": "-61.11100", "2013-09-30": "-92.35700", "2013-06-30": "-120.19600", "2013-03-31": "-153.86000", "2012-12-31": "-174.47100", "2012-09-30": "-206.23200", "2012-06-30": "-221.33800", "2012-03-31": "-233.97400", "2011-12-31": "-243.51200", "2011-09-30": "-248.83300", "2011-06-30": "-252.42400", "2011-03-31": "-256.15000", "2010-12-31": "-258.80000", "2010-09-30": "-245.50200", "2010-06-30": "-245.04500", "2010-03-31": "-243.80600", "2009-12-31": "-241.72400", "2009-09-30": "-212.36500", "2009-06-30": "-186.01100", "2009-03-31": "-169.45000", "2008-12-31": "-85.42400", "2008-09-30": "63.96600", "2008-06-30": "158.67400", "2008-03-31": "156.25900", "2007-12-31": "152.28600", "2007-09-30": "149.84400", "2007-06-30": "138.76100", "2007-03-31": "130.81400", "2006-12-31": "126.17000", "2006-09-30": "117.16200", "2006-06-30": "105.59600", "2006-03-31": "94.71900", "2005-12-31": "86.28100", "2005-09-30": "77.83900", "2005-06-30": "70.09000", "2005-03-31": ""}, "Comprehensive Income": {"2020-09-30": "78.58500", "2020-06-30": "73.67700", "2020-03-31": "37.49700", "2019-12-31": "25.00800", "2019-09-30": "35.59900", "2019-06-30": "26.38100", "2019-03-31": "-8.19100", "2018-12-31": "-33.62200", "2018-09-30": "-70.36300", "2018-06-30": "-51.31500", "2018-03-31": "-41.66200", "2017-12-31": "-3.14500", "2017-09-30": "8.16400", "2017-06-30": "6.49000", "2017-03-31": "2.85100", "2016-12-31": "-4.69500", "2016-09-30": "36.39200", "2016-06-30": "46.62600", "2016-03-31": "33.33300", "2015-12-31": "22.26000", "2015-09-30": "20.64300", "2015-06-30": "15.34800", "2015-03-31": "23.42300", "2014-12-31": "16.63900", "2014-09-30": "9.48300", "2014-06-30": "8.47200", "2014-03-31": "-11.13100", "2013-12-31": "-21.54600", "2013-09-30": "-14.50400", "2013-06-30": "-10.75000", "2013-03-31": "7.20500", "2012-12-31": "8.22600", "2012-09-30": "12.11000", "2012-06-30": "4.29100", "2012-03-31": "0.86800", "2011-12-31": "-4.59300", "2011-09-30": "-2.94500", "2011-06-30": "-5.79500", "2011-03-31": "-14.74100", "2010-12-31": "-9.42200", "2010-09-30": "-2.59800", "2010-06-30": "3.25800", "2010-03-31": "4.68300", "2009-12-31": "5.40500", "2009-09-30": "6.03400", "2009-06-30": "0.94700", "2009-03-31": "-15.69000", "2008-12-31": "-28.49100", "2008-09-30": "-52.05000", "2008-06-30": "-46.13500", "2008-03-31": "-42.71500", "2007-12-31": "-28.74400", "2007-09-30": "-13.12500", "2007-06-30": "-3.15400", "2007-03-31": "-0.84300", "2006-12-31": "-5.14700", "2006-09-30": "-9.54100", "2006-06-30": "-13.06300", "2006-03-31": "-10.25100", "2005-12-31": "-9.69200", "2005-09-30": "-7.15200", "2005-06-30": "-5.40700", "2005-03-31": ""}, "Other Share Holders Equity": {"2020-09-30": "", "2020-06-30": "", "2020-03-31": "", "2019-12-31": "", "2019-09-30": "", "2019-06-30": "", "2019-03-31": "", "2018-12-31": "", "2018-09-30": "", "2018-06-30": "", "2018-03-31": "", "2017-12-31": "", "2017-09-30": "", "2017-06-30": "", "2017-03-31": "", "2016-12-31": "", "2016-09-30": "", "2016-06-30": "", "2016-03-31": "", "2015-12-31": "", "2015-09-30": "", "2015-06-30": "", "2015-03-31": "", "2014-12-31": "", "2014-09-30": "", "2014-06-30": "", "2014-03-31": "", "2013-12-31": "", "2013-09-30": "", "2013-06-30": "", "2013-03-31": "", "2012-12-31": "", "2012-09-30": "", "2012-06-30": "", "2012-03-31": "", "2011-12-31": "", "2011-09-30": "", "2011-06-30": "", "2011-03-31": "", "2010-12-31": "", "2010-09-30": "", "2010-06-30": "", "2010-03-31": "", "2009-12-31": "", "2009-09-30": "", "2009-06-30": "", "2009-03-31": "", "2008-12-31": "", "2008-09-30": "", "2008-06-30": "", "2008-03-31": "", "2007-12-31": "", "2007-09-30": "", "2007-06-30": "", "2007-03-31": "", "2006-12-31": "", "2006-09-30": "", "2006-06-30": "", "2006-03-31": "", "2005-12-31": "", "2005-09-30": "", "2005-06-30": "", "2005-03-31": ""}, "Share Holder Equity": {"2020-09-30": "3224.04600", "2020-06-30": "3102.41400", "2020-03-31": "2999.63300", "2019-12-31": "3016.74800", "2019-09-30": "2923.06300", "2019-06-30": "2851.26400", "2019-03-31": "2720.62000", "2018-12-31": "2613.73400", "2018-09-30": "2488.39300", "2018-06-30": "2391.68400", "2018-03-31": "2293.76300", "2017-12-31": "2229.69800", "2017-09-30": "2145.62700", "2017-06-30": "2058.67400", "2017-03-31": "1968.99200", "2016-12-31": "1891.52900", "2016-09-30": "1857.40000", "2016-06-30": "1796.21000", "2016-03-31": "1660.16300", "2015-12-31": "1591.50200", "2015-09-30": "1583.69800", "2015-06-30": "1514.74400", "2015-03-31": "1051.33000", "2014-12-31": "1000.92800", "2014-09-30": "1003.12200", "2014-06-30": "957.66400", "2014-03-31": "894.80500", "2013-12-31": "855.49800", "2013-09-30": "826.28800", "2013-06-30": "799.52500", "2013-03-31": "781.29500", "2012-12-31": "759.61600", "2012-09-30": "698.01100", "2012-06-30": "672.12000", "2012-03-31": "654.04500", "2011-12-31": "636.68300", "2011-09-30": "632.25500", "2011-06-30": "615.65300", "2011-03-31": "601.57500", "2010-12-31": "602.17400", "2010-09-30": "619.76400", "2010-06-30": "575.85800", "2010-03-31": "575.77900", "2009-12-31": "575.72500", "2009-09-30": "602.96700", "2009-06-30": "621.63700", "2009-03-31": "426.93800", "2008-12-31": "495.49700", "2008-09-30": "477.87500", "2008-06-30": "525.44100", "2008-03-31": "493.96000", "2007-12-31": "501.51800", "2007-09-30": "515.89500", "2007-06-30": "519.45100", "2007-03-31": "511.24500", "2006-12-31": "408.57900", "2006-09-30": "393.07000", "2006-06-30": "367.11000", "2006-03-31": "356.33800", "2005-12-31": "244.22300", "2005-09-30": "238.25300", "2005-06-30": "222.48900", "2005-03-31": ""}, "Total Liabilities And Share Holders Equity": {"2020-09-30": "33335.51000", "2020-06-30": "31906.40000", "2020-03-31": "29158.23000", "2019-12-31": "26821.95000", "2019-09-30": "26324.24000", "2019-06-30": "25314.79000", "2019-03-31": "23792.85000", "2018-12-31": "23109.49000", "2018-09-30": "22176.15000", "2018-06-30": "21367.45000", "2018-03-31": "20760.73000", "2017-12-31": "20329.09000", "2017-09-30": "19922.22000", "2017-06-30": "18844.74000", "2017-03-31": "18122.51000", "2016-12-31": "17200.84000", "2016-09-30": "17042.60000", "2016-06-30": "16728.77000", "2016-03-31": "15248.04000", "2015-12-31": "14275.09000", "2015-09-30": "13955.57000", "2015-06-30": "13470.10000", "2015-03-31": "11251.94000", "2014-12-31": "10600.50000", "2014-09-30": "10288.82000", "2014-06-30": "10023.59000", "2014-03-31": "9746.62400", "2013-12-31": "9307.34200", "2013-09-30": "8921.42900", "2013-06-30": "8593.68400", "2013-03-31": "8174.10400", "2012-12-31": "7622.63700", "2012-09-30": "7403.60300", "2012-06-30": "7163.57200", "2012-03-31": "6925.29200", "2011-12-31": "6844.54100", "2011-09-30": "6545.89000", "2011-06-30": "6508.08900", "2011-03-31": "6404.83600", "2010-12-31": "6193.88300", "2010-09-30": "6179.14600", "2010-06-30": "5959.47900", "2010-03-31": "6096.23800", "2009-12-31": "5753.27900", "2009-09-30": "5831.31700", "2009-06-30": "5701.53600", "2009-03-31": "5267.28600", "2008-12-31": "5242.76100", "2008-09-30": "5228.97000", "2008-06-30": "5219.33300", "2008-03-31": "5197.30300", "2007-12-31": "5016.09600", "2007-09-30": "5003.43200", "2007-06-30": "4746.82600", "2007-03-31": "4727.64400", "2006-12-31": "4169.60400", "2006-09-30": "4002.79300", "2006-06-30": "3889.62100", "2006-03-31": "3580.14500", "2005-12-31": "2857.27100", "2005-09-30": "2745.01400", "2005-06-30": "2621.34400", "2005-03-31": ""}}, "cash flow statement": {"Net Income/Loss": {"2019-12-31": "499.17100", "2018-12-31": "435.78800", "2017-12-31": "325.49200", "2016-12-31": "259.79800", "2015-12-31": "194.24400", "2014-12-31": "147.95100", "2013-12-31": "114.96500", "2012-12-31": "72.63900", "2011-12-31": "31.49400", "2010-12-31": "-7.19500", "2009-12-31": "-151.40600", "2008-12-31": "-236.46000", "2007-12-31": "32.87500", "2006-12-31": "39.88900", "2005-12-31": "28.06500"}, "Total Depreciation And Amortization - Cash Flow": {"2019-12-31": "76.69000", "2018-12-31": "47.80300", "2017-12-31": "29.83600", "2016-12-31": "17.50900", "2015-12-31": "16.81300", "2014-12-31": "-3.36500", "2013-12-31": "6.10600", "2012-12-31": "22.07400", "2011-12-31": "18.96200", "2010-12-31": "20.40000", "2009-12-31": "66.82400", "2008-12-31": "151.35300", "2007-12-31": "11.29500", "2006-12-31": "6.66800", "2005-12-31": "5.00200"}, "Other Non-Cash Items": {"2019-12-31": "31.25500", "2018-12-31": "39.33200", "2017-12-31": "122.99200", "2016-12-31": "31.27800", "2015-12-31": "19.61000", "2014-12-31": "-1.39800", "2013-12-31": "-2.52500", "2012-12-31": "51.30400", "2011-12-31": "80.51400", "2010-12-31": "100.11200", "2009-12-31": "160.60700", "2008-12-31": "222.95900", "2007-12-31": "27.06800", "2006-12-31": "15.42400", "2005-12-31": "3.06200"}, "Total Non-Cash Items": {"2019-12-31": "107.94500", "2018-12-31": "87.13500", "2017-12-31": "152.82800", "2016-12-31": "48.78700", "2015-12-31": "36.42300", "2014-12-31": "-4.76300", "2013-12-31": "3.58100", "2012-12-31": "73.37800", "2011-12-31": "99.47600", "2010-12-31": "120.51200", "2009-12-31": "227.43100", "2008-12-31": "374.31200", "2007-12-31": "38.36300", "2006-12-31": "22.09200", "2005-12-31": "8.06400"}, "Change In Accounts Receivable": {"2019-12-31": "-0.69000", "2018-12-31": "-2.63800", "2017-12-31": "-0.94500", "2016-12-31": "-2.49200", "2015-12-31": "-0.51700", "2014-12-31": "-0.07100", "2013-12-31": "", "2012-12-31": "", "2011-12-31": "", "2010-12-31": "-0.01600", "2009-12-31": "-0.32800", "2008-12-31": "-0.14800", "2007-12-31": "", "2006-12-31": "-3.77200", "2005-12-31": "-2.18600"}, "Change In Inventories": {"2019-12-31": "", "2018-12-31": "", "2017-12-31": "", "2016-12-31": "", "2015-12-31": "", "2014-12-31": "", "2013-12-31": "", "2012-12-31": "", "2011-12-31": "", "2010-12-31": "", "2009-12-31": "", "2008-12-31": "", "2007-12-31": "", "2006-12-31": "", "2005-12-31": ""}, "Change In Accounts Payable": {"2019-12-31": "", "2018-12-31": "", "2017-12-31": "", "2016-12-31": "", "2015-12-31": "", "2014-12-31": "", "2013-12-31": "", "2012-12-31": "", "2011-12-31": "", "2010-12-31": "", "2009-12-31": "", "2008-12-31": "", "2007-12-31": "0.90500", "2006-12-31": "-5.72000", "2005-12-31": "2.53000"}, "Change In Assets/Liabilities": {"2019-12-31": "111.34600", "2018-12-31": "20.68700", "2017-12-31": "-93.56400", "2016-12-31": "-25.44800", "2015-12-31": "-9.73500", "2014-12-31": "24.28400", "2013-12-31": "46.50300", "2012-12-31": "14.53700", "2011-12-31": "11.50500", "2010-12-31": "-113.00100", "2009-12-31": "-0.61000", "2008-12-31": "-59.42100", "2007-12-31": "-19.36200", "2006-12-31": "-8.82200", "2005-12-31": "-2.14300"}, "Total Change In Assets/Liabilities": {"2019-12-31": "110.65600", "2018-12-31": "18.04900", "2017-12-31": "-94.50900", "2016-12-31": "-27.94000", "2015-12-31": "-10.25200", "2014-12-31": "24.21300", "2013-12-31": "46.50300", "2012-12-31": "14.53700", "2011-12-31": "11.50500", "2010-12-31": "-113.01700", "2009-12-31": "-0.93800", "2008-12-31": "-59.56900", "2007-12-31": "-18.45700", "2006-12-31": "-18.31400", "2005-12-31": "-1.79900"}, "Cash Flow From Operating Activities": {"2019-12-31": "717.77200", "2018-12-31": "540.97200", "2017-12-31": "383.81100", "2016-12-31": "280.64500", "2015-12-31": "220.41500", "2014-12-31": "167.40100", "2013-12-31": "165.04900", "2012-12-31": "160.55400", "2011-12-31": "142.47500", "2010-12-31": "0.30000", "2009-12-31": "74.75500", "2008-12-31": "81.00300", "2007-12-31": "54.75500", "2006-12-31": "43.76400", "2005-12-31": "34.35900"}, "Net Change In Property, Plant, And Equipment": {"2019-12-31": "-33.82300", "2018-12-31": "-1.90100", "2017-12-31": "12.33300", "2016-12-31": "-10.57400", "2015-12-31": "-10.85600", "2014-12-31": "-13.92500", "2013-12-31": "-18.87300", "2012-12-31": "32.41000", "2011-12-31": "1.08900", "2010-12-31": "1.42200", "2009-12-31": "4.95100", "2008-12-31": "-6.79500", "2007-12-31": "-35.90000", "2006-12-31": "-35.17200", "2005-12-31": "-22.75600"}, "Net Change In Intangible Assets": {"2019-12-31": "", "2018-12-31": "", "2017-12-31": "", "2016-12-31": "", "2015-12-31": "", "2014-12-31": "", "2013-12-31": "", "2012-12-31": "", "2011-12-31": "", "2010-12-31": "", "2009-12-31": "", "2008-12-31": "", "2007-12-31": "", "2006-12-31": "", "2005-12-31": ""}, "Net Acquisitions/Divestitures": {"2019-12-31": "", "2018-12-31": "", "2017-12-31": "", "2016-12-31": "-1272.18700", "2015-12-31": "342.42700", "2014-12-31": "", "2013-12-31": "21.20400", "2012-12-31": "51.20900", "2011-12-31": "", "2010-12-31": "", "2009-12-31": "", "2008-12-31": "", "2007-12-31": "47.49100", "2006-12-31": "-5.96500", "2005-12-31": ""}, "Net Change In Short-term Investments": {"2019-12-31": "0.00700", "2018-12-31": "-0.00700", "2017-12-31": "", "2016-12-31": "0.12100", "2015-12-31": "0.33000", "2014-12-31": "2.18100", "2013-12-31": "-1.96800", "2012-12-31": "6.67900", "2011-12-31": "30.39000", "2010-12-31": "16.29600", "2009-12-31": "-54.02900", "2008-12-31": "", "2007-12-31": "", "2006-12-31": "", "2005-12-31": ""}, "Net Change In Long-Term Investments": {"2019-12-31": "-3547.54900", "2018-12-31": "-2652.22100", "2017-12-31": "-2930.36900", "2016-12-31": "-1589.58900", "2015-12-31": "-1715.33100", "2014-12-31": "-1368.74900", "2013-12-31": "-1179.17400", "2012-12-31": "-651.10910", "2011-12-31": "-885.38690", "2010-12-31": "-422.45200", "2009-12-31": "-235.63500", "2008-12-31": "-8.84800", "2007-12-31": "-186.32000", "2006-12-31": "242.09600", "2005-12-31": "51.85900"}, "Net Change In Investments - Total": {"2019-12-31": "-3547.54200", "2018-12-31": "-2652.22800", "2017-12-31": "-2930.36900", "2016-12-31": "-1589.46800", "2015-12-31": "-1715.00100", "2014-12-31": "-1366.56800", "2013-12-31": "-1181.14200", "2012-12-31": "-644.43010", "2011-12-31": "-854.99690", "2010-12-31": "-406.15600", "2009-12-31": "-289.66400", "2008-12-31": "-8.84800", "2007-12-31": "-186.32000", "2006-12-31": "242.09600", "2005-12-31": "51.85900"}, "Investing Activities - Other": {"2019-12-31": "-141.66800", "2018-12-31": "-59.30400", "2017-12-31": "-37.49100", "2016-12-31": "-18.00400", "2015-12-31": "16.98700", "2014-12-31": "-5.52000", "2013-12-31": "5.46900", "2012-12-31": "-24.29700", "2011-12-31": "41.48000", "2010-12-31": "-305.55400", "2009-12-31": "-83.52900", "2008-12-31": "-505.11300", "2007-12-31": "-351.84400", "2006-12-31": "-627.17600", "2005-12-31": "-629.06600"}, "Cash Flow From Investing Activities": {"2019-12-31": "-3723.03300", "2018-12-31": "-2713.43300", "2017-12-31": "-2955.52700", "2016-12-31": "-2890.23300", "2015-12-31": "-1366.44300", "2014-12-31": "-1386.01300", "2013-12-31": "-1173.34200", "2012-12-31": "-585.10800", "2011-12-31": "-812.42800", "2010-12-31": "-710.28800", "2009-12-31": "-368.24200", "2008-12-31": "-520.75600", "2007-12-31": "-526.57300", "2006-12-31": "-426.21700", "2005-12-31": "-599.96300"}, "Net Long-Term Debt": {"2019-12-31": "-496.73600", "2018-12-31": "97.39400", "2017-12-31": "294.28900", "2016-12-31": "102.82800", "2015-12-31": "-108.82700", "2014-12-31": "33.90600", "2013-12-31": "59.27200", "2012-12-31": "-204.59200", "2011-12-31": "294.21700", "2010-12-31": "-127.36800", "2009-12-31": "-703.98600", "2008-12-31": "137.66000", "2007-12-31": "594.39800", "2006-12-31": "121.98500", "2005-12-31": "-100.32400"}, "Net Current Debt": {"2019-12-31": "", "2018-12-31": "", "2017-12-31": "", "2016-12-31": "", "2015-12-31": "", "2014-12-31": "", "2013-12-31": "", "2012-12-31": "", "2011-12-31": "", "2010-12-31": "", "2009-12-31": "", "2008-12-31": "", "2007-12-31": "", "2006-12-31": "", "2005-12-31": ""}, "Debt Issuance/Retirement Net - Total": {"2019-12-31": "-496.73600", "2018-12-31": "97.39400", "2017-12-31": "294.28900", "2016-12-31": "102.82800", "2015-12-31": "-108.82700", "2014-12-31": "33.90600", "2013-12-31": "59.27200", "2012-12-31": "-204.59200", "2011-12-31": "294.21700", "2010-12-31": "-127.36800", "2009-12-31": "-703.98600", "2008-12-31": "137.66000", "2007-12-31": "594.39800", "2006-12-31": "121.98500", "2005-12-31": "-100.32400"}, "Net Common Equity Issued/Repurchased": {"2019-12-31": "-120.05100", "2018-12-31": "-35.13400", "2017-12-31": "0.84600", "2016-12-31": "56.85500", "2015-12-31": "30.22300", "2014-12-31": "22.04000", "2013-12-31": "4.59500", "2012-12-31": "2.80200", "2011-12-31": "-0.05300", "2010-12-31": "47.93300", "2009-12-31": "191.34600", "2008-12-31": "221.05100", "2007-12-31": "-16.18400", "2006-12-31": "11.79000", "2005-12-31": "87.09100"}, "Net Total Equity Issued/Repurchased": {"2019-12-31": "-120.05100", "2018-12-31": "-35.13400", "2017-12-31": "0.84600", "2016-12-31": "56.85500", "2015-12-31": "-40.27700", "2014-12-31": "-48.46000", "2013-12-31": "4.59500", "2012-12-31": "2.80200", "2011-12-31": "0.94700", "2010-12-31": "47.93300", "2009-12-31": "191.34600", "2008-12-31": "221.05100", "2007-12-31": "-16.18400", "2006-12-31": "11.79000", "2005-12-31": "87.09100"}, "Total Common And Preferred Stock Dividends Paid": {"2019-12-31": "-51.32900", "2018-12-31": "", "2017-12-31": "", "2016-12-31": "", "2015-12-31": "-0.75000", "2014-12-31": "-1.38700", "2013-12-31": "-1.41000", "2012-12-31": "-3.79300", "2011-12-31": "-7.03300", "2010-12-31": "-7.00000", "2009-12-31": "-6.83300", "2008-12-31": "", "2007-12-31": "", "2006-12-31": "", "2005-12-31": ""}, "Financial Activities - Other": {"2019-12-31": "3609.40100", "2018-12-31": "2192.00500", "2017-12-31": "2408.85800", "2016-12-31": "2509.75600", "2015-12-31": "1356.12600", "2014-12-31": "1093.43500", "2013-12-31": "1046.72500", "2012-12-31": "679.76700", "2011-12-31": "320.07100", "2010-12-31": "616.33900", "2009-12-31": "1069.83600", "2008-12-31": "105.36700", "2007-12-31": "-255.64700", "2006-12-31": "339.22200", "2005-12-31": "637.77600"}, "Cash Flow From Financial Activities": {"2019-12-31": "2941.28500", "2018-12-31": "2254.26500", "2017-12-31": "2703.99300", "2016-12-31": "2669.43900", "2015-12-31": "1206.27200", "2014-12-31": "1077.49400", "2013-12-31": "1109.18200", "2012-12-31": "474.18400", "2011-12-31": "608.20200", "2010-12-31": "529.90400", "2009-12-31": "550.36300", "2008-12-31": "464.07800", "2007-12-31": "322.56700", "2006-12-31": "472.99700", "2005-12-31": "624.54300"}, "Net Cash Flow": {"2019-12-31": "-63.97600", "2018-12-31": "81.80400", "2017-12-31": "132.27700", "2016-12-31": "59.85100", "2015-12-31": "60.24400", "2014-12-31": "-141.11800", "2013-12-31": "100.88900", "2012-12-31": "49.63000", "2011-12-31": "-61.75100", "2010-12-31": "-180.08400", "2009-12-31": "256.87600", "2008-12-31": "24.32500", "2007-12-31": "-149.25100", "2006-12-31": "90.54400", "2005-12-31": "58.93900"}, "Stock-Based Compensation": {"2019-12-31": "26.23800", "2018-12-31": "25.71100", "2017-12-31": "23.55400", "2016-12-31": "20.33800", "2015-12-31": "25.53300", "2014-12-31": "16.57700", "2013-12-31": "7.69900", "2012-12-31": "6.31800", "2011-12-31": "4.27200", "2010-12-31": "7.53700", "2009-12-31": "8.75300", "2008-12-31": "10.05900", "2007-12-31": "6.85600", "2006-12-31": "3.36000", "2005-12-31": ""}, "Common Stock Dividends Paid": {"2019-12-31": "-51.32900", "2018-12-31": "", "2017-12-31": "", "2016-12-31": "", "2015-12-31": "", "2014-12-31": "", "2013-12-31": "", "2012-12-31": "", "2011-12-31": "", "2010-12-31": "", "2009-12-31": "", "2008-12-31": "", "2007-12-31": "", "2006-12-31": "", "2005-12-31": ""}}, "cash flow statement, quarterly": {"Net Income/Loss": {"2020-09-30": 135.769, "2020-06-30": 93.272, "2020-03-31": "83.96400", "2019-12-31": 128.064, "2019-09-30": 127.375, "2019-06-30": 122.936, "2019-03-31": "120.79600", "2018-12-31": 119.086, "2018-09-30": 111.123, "2018-06-30": 104.679, "2018-03-31": "100.90000", "2017-12-31": 89.346, "2017-09-30": 82.844, "2017-06-30": 79.96, "2017-03-31": "73.34200", "2016-12-31": 69.8, "2016-09-30": 67.052, "2016-06-30": 61.614, "2016-03-31": "61.33200", "2015-12-31": 58.526, "2015-09-30": 55.86, "2015-06-30": 39.475, "2015-03-31": "40.38300", "2014-12-31": 40.409, "2014-09-30": 40.919, "2014-06-30": 35.538, "2014-03-31": "31.08500", "2013-12-31": 31.414, "2013-09-30": 28.594, "2013-06-30": 34.072, "2013-03-31": "20.88500", "2012-12-31": 31.92, "2012-09-30": 15.458, "2012-06-30": 13.961, "2012-03-31": "11.30000", "2011-12-31": 7.101, "2011-09-30": 13.011, "2011-06-30": 6.229, "2011-03-31": "5.15300", "2010-12-31": -10.816, "2010-09-30": 2.009, "2010-06-30": 1.228, "2010-03-31": "0.38400", "2009-12-31": -26.912, "2009-09-30": -23.915, "2009-06-30": -14.137, "2009-03-31": "-86.44200", "2008-12-31": -148.309, "2008-09-30": -94.708, "2008-06-30": 2.415, "2008-03-31": "4.14200", "2007-12-31": 2.443, "2007-09-30": 11.083, "2007-06-30": 7.946, "2007-03-31": "11.40300", "2006-12-31": 9.008, "2006-09-30": 11.566, "2006-06-30": 10.877, "2006-03-31": "8.43800", "2005-12-31": 8.442, "2005-09-30": 7.749, "2005-06-30": 6.553, "2005-03-31": "5.32100"}, "Total Depreciation And Amortization - Cash Flow": {"2020-09-30": 33.521, "2020-06-30": -7.909, "2020-03-31": "19.55800", "2019-12-31": 41.338, "2019-09-30": 18.008, "2019-06-30": -0.261, "2019-03-31": "17.60500", "2018-12-31": 12.674, "2018-09-30": 12.548, "2018-06-30": 12.389, "2018-03-31": "10.19200", "2017-12-31": 4.526, "2017-09-30": 8.055, "2017-06-30": 9.732, "2017-03-31": "7.52300", "2016-12-31": 18.533, "2016-09-30": -1.453, "2016-06-30": -0.402, "2016-03-31": "0.83100", "2015-12-31": 15.155, "2015-09-30": -2.547, "2015-06-30": 1.46, "2015-03-31": "2.74500", "2014-12-31": -0.156, "2014-09-30": -1.322, "2014-06-30": -2.676, "2014-03-31": "0.78900", "2013-12-31": 2.078, "2013-09-30": 1.243, "2013-06-30": 1.343, "2013-03-31": "1.44200", "2012-12-31": 3.293, "2012-09-30": 8.474, "2012-06-30": 4.423, "2012-03-31": "5.88400", "2011-12-31": 5.186, "2011-09-30": 4.211, "2011-06-30": 4.164, "2011-03-31": "5.40100", "2010-12-31": 5.258, "2010-09-30": 5.232, "2010-06-30": 4.825, "2010-03-31": "5.08500", "2009-12-31": 10.538, "2009-09-30": 2.522, "2009-06-30": 2.402, "2009-03-31": "51.36200", "2008-12-31": 62.721, "2008-09-30": 82.206, "2008-06-30": 3.259, "2008-03-31": "3.16700", "2007-12-31": 3.724, "2007-09-30": 2.581, "2007-06-30": 4.99, "2007-03-31": "", "2006-12-31": 6.668, "2006-09-30": 0, "2006-06-30": 0, "2006-03-31": "", "2005-12-31": 0.997, "2005-09-30": 0.92, "2005-06-30": 1.624, "2005-03-31": "1.46100"}, "Other Non-Cash Items": {"2020-09-30": 6.813, "2020-06-30": 63.555, "2020-03-31": "62.05900", "2019-12-31": -1.726, "2019-09-30": 7.123, "2019-06-30": 17.17, "2019-03-31": "8.68800", "2018-12-31": 13.192, "2018-09-30": 22.802, "2018-06-30": 2.161, "2018-03-31": "1.17700", "2017-12-31": 93.31, "2017-09-30": 12.342, "2017-06-30": 10.75, "2017-03-31": "6.59000", "2016-12-31": 13.062, "2016-09-30": 4.71, "2016-06-30": 6.829, "2016-03-31": "6.67700", "2015-12-31": 20.311, "2015-09-30": 2.081, "2015-06-30": -1.323, "2015-03-31": "-1.45900", "2014-12-31": 3.711, "2014-09-30": -3.213, "2014-06-30": -0.662, "2014-03-31": "-1.23400", "2013-12-31": -4.925, "2013-09-30": 24.243, "2013-06-30": -25.835, "2013-03-31": "3.99200", "2012-12-31": -5.289, "2012-09-30": 15.394, "2012-06-30": 20.481, "2012-03-31": "20.71800", "2011-12-31": 17.958, "2011-09-30": 21.213, "2011-06-30": 22.506, "2011-03-31": "18.83700", "2010-12-31": 21.823, "2010-09-30": 25.812, "2010-06-30": 30.667, "2010-03-31": "21.81000", "2009-12-31": 43.276, "2009-09-30": 31.574, "2009-06-30": 28.597, "2009-03-31": "57.16000", "2008-12-31": 164.268, "2008-09-30": 35.443, "2008-06-30": 12.612, "2008-03-31": "10.63600", "2007-12-31": 22.326, "2007-09-30": 2.289, "2007-06-30": 2.012, "2007-03-31": "0.44100", "2006-12-31": 11.474, "2006-09-30": 0.952, "2006-06-30": 2.998, "2006-03-31": "", "2005-12-31": -0.681, "2005-09-30": 1.437, "2005-06-30": 0.743, "2005-03-31": "1.56300"}, "Total Non-Cash Items": {"2020-09-30": 40.334, "2020-06-30": 55.646, "2020-03-31": "81.61700", "2019-12-31": 39.612, "2019-09-30": 25.131, "2019-06-30": 16.909, "2019-03-31": "26.29300", "2018-12-31": 25.866, "2018-09-30": 35.35, "2018-06-30": 14.55, "2018-03-31": "11.36900", "2017-12-31": 97.836, "2017-09-30": 20.397, "2017-06-30": 20.482, "2017-03-31": "14.11300", "2016-12-31": 31.595, "2016-09-30": 3.257, "2016-06-30": 6.427, "2016-03-31": "7.50800", "2015-12-31": 35.466, "2015-09-30": -0.466, "2015-06-30": 0.137, "2015-03-31": "1.28600", "2014-12-31": 3.555, "2014-09-30": -4.535, "2014-06-30": -3.338, "2014-03-31": "-0.44500", "2013-12-31": -2.847, "2013-09-30": 25.486, "2013-06-30": -24.492, "2013-03-31": "5.43400", "2012-12-31": -1.996, "2012-09-30": 23.868, "2012-06-30": 24.904, "2012-03-31": "26.60200", "2011-12-31": 23.144, "2011-09-30": 25.424, "2011-06-30": 26.67, "2011-03-31": "24.23800", "2010-12-31": 27.081, "2010-09-30": 31.044, "2010-06-30": 35.492, "2010-03-31": "26.89500", "2009-12-31": 53.814, "2009-09-30": 34.096, "2009-06-30": 30.999, "2009-03-31": "108.52200", "2008-12-31": 226.989, "2008-09-30": 117.649, "2008-06-30": 15.871, "2008-03-31": "13.80300", "2007-12-31": 26.05, "2007-09-30": 4.87, "2007-06-30": 7.002, "2007-03-31": "0.44100", "2006-12-31": 18.142, "2006-09-30": 0.952, "2006-06-30": 2.998, "2006-03-31": "", "2005-12-31": 0.316, "2005-09-30": 2.357, "2005-06-30": 2.367, "2005-03-31": "3.02400"}, "Change In Accounts Receivable": {"2020-09-30": 0, "2020-06-30": 0, "2020-03-31": "", "2019-12-31": -1.22, "2019-09-30": 0.017, "2019-06-30": 0.105, "2019-03-31": "0.40800", "2018-12-31": -0.204, "2018-09-30": -0.991, "2018-06-30": -0.765, "2018-03-31": "-0.67800", "2017-12-31": -1.062, "2017-09-30": 0.01, "2017-06-30": 0.055, "2017-03-31": "0.05200", "2016-12-31": -0.234, "2016-09-30": -0.045, "2016-06-30": 0.458, "2016-03-31": "-2.67100", "2015-12-31": -0.13, "2015-09-30": -0.068, "2015-06-30": -0.118, "2015-03-31": "-0.20100", "2014-12-31": -0.071, "2014-09-30": 0, "2014-06-30": 0, "2014-03-31": "", "2013-12-31": 0, "2013-09-30": 0, "2013-06-30": 0, "2013-03-31": "", "2012-12-31": 0, "2012-09-30": 0, "2012-06-30": -0.006, "2012-03-31": "0.00600", "2011-12-31": 0, "2011-09-30": 0, "2011-06-30": 0, "2011-03-31": "", "2010-12-31": 0, "2010-09-30": -0.008, "2010-06-30": 0, "2010-03-31": "-0.00800", "2009-12-31": -0.328, "2009-09-30": 0, "2009-06-30": 0, "2009-03-31": "", "2008-12-31": -0.148, "2008-09-30": 0, "2008-06-30": 0, "2008-03-31": "", "2007-12-31": 0, "2007-09-30": -4.309, "2007-06-30": 4.309, "2007-03-31": "", "2006-12-31": -3.772, "2006-09-30": 0, "2006-06-30": 0, "2006-03-31": "", "2005-12-31": -1.356, "2005-09-30": -0.818, "2005-06-30": -0.318, "2005-03-31": "0.30600"}, "Change In Inventories": {"2020-09-30": 0, "2020-06-30": 0, "2020-03-31": "", "2019-12-31": 0, "2019-09-30": 0, "2019-06-30": 0, "2019-03-31": "", "2018-12-31": 0, "2018-09-30": 0, "2018-06-30": 0, "2018-03-31": "", "2017-12-31": 0, "2017-09-30": 0, "2017-06-30": 0, "2017-03-31": "", "2016-12-31": 0, "2016-09-30": 0, "2016-06-30": 0, "2016-03-31": "", "2015-12-31": 0, "2015-09-30": 0, "2015-06-30": 0, "2015-03-31": "", "2014-12-31": 0, "2014-09-30": 0, "2014-06-30": 0, "2014-03-31": "", "2013-12-31": 0, "2013-09-30": 0, "2013-06-30": 0, "2013-03-31": "", "2012-12-31": 0, "2012-09-30": 0, "2012-06-30": 0, "2012-03-31": "", "2011-12-31": 0, "2011-09-30": 0, "2011-06-30": 0, "2011-03-31": "", "2010-12-31": 0, "2010-09-30": 0, "2010-06-30": 0, "2010-03-31": "", "2009-12-31": 0, "2009-09-30": 0, "2009-06-30": 0, "2009-03-31": "", "2008-12-31": 0, "2008-09-30": 0, "2008-06-30": 0, "2008-03-31": "", "2007-12-31": 0, "2007-09-30": 0, "2007-06-30": 0, "2007-03-31": "", "2006-12-31": 0, "2006-09-30": 0, "2006-06-30": 0, "2006-03-31": "", "2005-12-31": 0, "2005-09-30": 0, "2005-06-30": 0, "2005-03-31": ""}, "Change In Accounts Payable": {"2020-09-30": 0, "2020-06-30": 0, "2020-03-31": "", "2019-12-31": 0, "2019-09-30": 0, "2019-06-30": 0, "2019-03-31": "", "2018-12-31": 0, "2018-09-30": 0, "2018-06-30": 0, "2018-03-31": "", "2017-12-31": 0, "2017-09-30": 0, "2017-06-30": 0, "2017-03-31": "", "2016-12-31": 0, "2016-09-30": 0, "2016-06-30": 0, "2016-03-31": "", "2015-12-31": 0, "2015-09-30": 0, "2015-06-30": 0, "2015-03-31": "", "2014-12-31": 0, "2014-09-30": 0, "2014-06-30": 0, "2014-03-31": "", "2013-12-31": 0, "2013-09-30": 0, "2013-06-30": 0, "2013-03-31": "", "2012-12-31": 0, "2012-09-30": 0, "2012-06-30": 0, "2012-03-31": "", "2011-12-31": 0, "2011-09-30": 0, "2011-06-30": 0, "2011-03-31": "", "2010-12-31": 0, "2010-09-30": 0, "2010-06-30": 0, "2010-03-31": "", "2009-12-31": 0, "2009-09-30": 0, "2009-06-30": 0, "2009-03-31": "", "2008-12-31": 0, "2008-09-30": 0, "2008-06-30": 0, "2008-03-31": "", "2007-12-31": 4.78, "2007-09-30": 5.559, "2007-06-30": -9.434, "2007-03-31": "", "2006-12-31": 6.13, "2006-09-30": -0.432, "2006-06-30": -11.418, "2006-03-31": "", "2005-12-31": 2.446, "2005-09-30": 0.104, "2005-06-30": -2.24, "2005-03-31": "2.22000"}, "Change In Assets/Liabilities": {"2020-09-30": -9.389, "2020-06-30": 10.505, "2020-03-31": "-41.60200", "2019-12-31": 16.811, "2019-09-30": 51.702, "2019-06-30": 39.016, "2019-03-31": "3.81700", "2018-12-31": -0.056, "2018-09-30": 3.445, "2018-06-30": 40.573, "2018-03-31": "-23.27500", "2017-12-31": -73.392, "2017-09-30": -7.606, "2017-06-30": -13.031, "2017-03-31": "0.46500", "2016-12-31": -34.998, "2016-09-30": 29.081, "2016-06-30": -24.677, "2016-03-31": "5.14600", "2015-12-31": -18.035, "2015-09-30": 0.198, "2015-06-30": -23.017, "2015-03-31": "31.11900", "2014-12-31": 16.385, "2014-09-30": 10.218, "2014-06-30": -11.656, "2014-03-31": "9.33700", "2013-12-31": 12.676, "2013-09-30": -16.793, "2013-06-30": 30.846, "2013-03-31": "19.77400", "2012-12-31": 5.684, "2012-09-30": 1.886, "2012-06-30": 8.447, "2012-03-31": "-1.48000", "2011-12-31": 3.117, "2011-09-30": -11.005, "2011-06-30": 9.601, "2011-03-31": "9.79200", "2010-12-31": 65.559, "2010-09-30": -53.769, "2010-06-30": -27.514, "2010-03-31": "-97.27700", "2009-12-31": -46.335, "2009-09-30": 13.142, "2009-06-30": 27.584, "2009-03-31": "4.99900", "2008-12-31": -59.103, "2008-09-30": 0.067, "2008-06-30": -14.445, "2008-03-31": "14.06000", "2007-12-31": -22.757, "2007-09-30": -0.384, "2007-06-30": -2.813, "2007-03-31": "6.59200", "2006-12-31": -8.278, "2006-09-30": -1.737, "2006-06-30": -1.826, "2006-03-31": "3.01900", "2005-12-31": 3.162, "2005-09-30": -2.788, "2005-06-30": -2.958, "2005-03-31": "0.44100"}, "Total Change In Assets/Liabilities": {"2020-09-30": -9.389, "2020-06-30": 10.505, "2020-03-31": "-41.60200", "2019-12-31": 15.591, "2019-09-30": 51.719, "2019-06-30": 39.121, "2019-03-31": "4.22500", "2018-12-31": -0.26, "2018-09-30": 2.454, "2018-06-30": 39.808, "2018-03-31": "-23.95300", "2017-12-31": -74.454, "2017-09-30": -7.596, "2017-06-30": -12.976, "2017-03-31": "0.51700", "2016-12-31": -35.232, "2016-09-30": 29.036, "2016-06-30": -24.219, "2016-03-31": "2.47500", "2015-12-31": -18.165, "2015-09-30": 0.13, "2015-06-30": -23.135, "2015-03-31": "30.91800", "2014-12-31": 16.314, "2014-09-30": 10.218, "2014-06-30": -11.656, "2014-03-31": "9.33700", "2013-12-31": 12.676, "2013-09-30": -16.793, "2013-06-30": 30.846, "2013-03-31": "19.77400", "2012-12-31": 5.684, "2012-09-30": 1.886, "2012-06-30": 8.441, "2012-03-31": "-1.47400", "2011-12-31": 3.117, "2011-09-30": -11.005, "2011-06-30": 9.601, "2011-03-31": "9.79200", "2010-12-31": 65.559, "2010-09-30": -53.777, "2010-06-30": -27.514, "2010-03-31": "-97.28500", "2009-12-31": -46.663, "2009-09-30": 13.142, "2009-06-30": 27.584, "2009-03-31": "4.99900", "2008-12-31": -59.251, "2008-09-30": 0.067, "2008-06-30": -14.445, "2008-03-31": "14.06000", "2007-12-31": -17.977, "2007-09-30": 0.866, "2007-06-30": -7.938, "2007-03-31": "6.59200", "2006-12-31": -5.92, "2006-09-30": -2.169, "2006-06-30": -13.244, "2006-03-31": "3.01900", "2005-12-31": 4.252, "2005-09-30": -3.502, "2005-06-30": -5.516, "2005-03-31": "2.96700"}, "Cash Flow From Operating Activities": {"2020-09-30": 166.714, "2020-06-30": 159.423, "2020-03-31": "123.97900", "2019-12-31": 183.267, "2019-09-30": 204.225, "2019-06-30": 178.966, "2019-03-31": "151.31400", "2018-12-31": 144.692, "2018-09-30": 148.927, "2018-06-30": 159.037, "2018-03-31": "88.31600", "2017-12-31": 112.728, "2017-09-30": 95.645, "2017-06-30": 87.466, "2017-03-31": "87.97200", "2016-12-31": 66.163, "2016-09-30": 99.345, "2016-06-30": 43.822, "2016-03-31": "71.31500", "2015-12-31": 75.827, "2015-09-30": 55.524, "2015-06-30": 16.477, "2015-03-31": "72.58700", "2014-12-31": 60.278, "2014-09-30": 46.602, "2014-06-30": 20.544, "2014-03-31": "39.97700", "2013-12-31": 41.243, "2013-09-30": 37.287, "2013-06-30": 40.426, "2013-03-31": "46.09300", "2012-12-31": 35.608, "2012-09-30": 41.212, "2012-06-30": 47.306, "2012-03-31": "36.42800", "2011-12-31": 33.362, "2011-09-30": 27.43, "2011-06-30": 42.5, "2011-03-31": "39.18300", "2010-12-31": 81.824, "2010-09-30": -20.724, "2010-06-30": 9.206, "2010-03-31": "-70.00600", "2009-12-31": -16.585, "2009-09-30": 21.394, "2009-06-30": 45.985, "2009-03-31": "23.96100", "2008-12-31": 18.223, "2008-09-30": 18.942, "2008-06-30": 8.093, "2008-03-31": "35.74500", "2007-12-31": 18.297, "2007-09-30": 15.621, "2007-06-30": 1.576, "2007-03-31": "19.26100", "2006-12-31": 19.21, "2006-09-30": 10.474, "2006-06-30": 0.408, "2006-03-31": "13.67200", "2005-12-31": 13.069, "2005-09-30": 6.664, "2005-06-30": 3.221, "2005-03-31": "11.40500"}, "Net Change In Property, Plant, And Equipment": {"2020-09-30": -6.312, "2020-06-30": -3.142, "2020-03-31": "-16.57600", "2019-12-31": -19.169, "2019-09-30": -5.49, "2019-06-30": -6.012, "2019-03-31": "-3.15200", "2018-12-31": 6.418, "2018-09-30": -6.483, "2018-06-30": -1.26, "2018-03-31": "-0.57600", "2017-12-31": 19.977, "2017-09-30": -2.551, "2017-06-30": -2.518, "2017-03-31": "-2.57500", "2016-12-31": -1.25, "2016-09-30": -2.732, "2016-06-30": -3.506, "2016-03-31": "-3.08600", "2015-12-31": 1.004, "2015-09-30": -7.974, "2015-06-30": -1.649, "2015-03-31": "-2.23700", "2014-12-31": -3.422, "2014-09-30": -5.012, "2014-06-30": -4.388, "2014-03-31": "-1.10300", "2013-12-31": -16.401, "2013-09-30": -1.344, "2013-06-30": -0.367, "2013-03-31": "-0.76100", "2012-12-31": 38.361, "2012-09-30": -1.466, "2012-06-30": -2.574, "2012-03-31": "-1.91100", "2011-12-31": -0.931, "2011-09-30": 0.471, "2011-06-30": 1.32, "2011-03-31": "0.22900", "2010-12-31": 0.092, "2010-09-30": -0.591, "2010-06-30": -1.577, "2010-03-31": "3.49800", "2009-12-31": 2.897, "2009-09-30": 5.202, "2009-06-30": -0.562, "2009-03-31": "-2.58600", "2008-12-31": -0.333, "2008-09-30": -1.719, "2008-06-30": -1.85, "2008-03-31": "-2.89300", "2007-12-31": -9.253, "2007-09-30": -10.329, "2007-06-30": -7.057, "2007-03-31": "-9.26100", "2006-12-31": -7.78, "2006-09-30": -12.511, "2006-06-30": -7.566, "2006-03-31": "-7.31500", "2005-12-31": -12.533, "2005-09-30": -1.942, "2005-06-30": -7.531, "2005-03-31": "-0.75000"}, "Net Change In Intangible Assets": {"2020-09-30": 0, "2020-06-30": 0, "2020-03-31": "", "2019-12-31": 0, "2019-09-30": 0, "2019-06-30": 0, "2019-03-31": "", "2018-12-31": 0, "2018-09-30": 0, "2018-06-30": 0, "2018-03-31": "", "2017-12-31": 0, "2017-09-30": 0, "2017-06-30": 0, "2017-03-31": "", "2016-12-31": 0, "2016-09-30": 0, "2016-06-30": 0, "2016-03-31": "", "2015-12-31": 0, "2015-09-30": 0, "2015-06-30": 0, "2015-03-31": "", "2014-12-31": 0, "2014-09-30": 0, "2014-06-30": 0, "2014-03-31": "", "2013-12-31": 0, "2013-09-30": 0, "2013-06-30": 0, "2013-03-31": "", "2012-12-31": 0, "2012-09-30": 0, "2012-06-30": 0, "2012-03-31": "", "2011-12-31": 0, "2011-09-30": 0, "2011-06-30": 0, "2011-03-31": "", "2010-12-31": 0, "2010-09-30": 0, "2010-06-30": 0, "2010-03-31": "", "2009-12-31": 0, "2009-09-30": 0, "2009-06-30": 0, "2009-03-31": "", "2008-12-31": 0, "2008-09-30": 0, "2008-06-30": 0, "2008-03-31": "", "2007-12-31": 0, "2007-09-30": 0, "2007-06-30": 0, "2007-03-31": "", "2006-12-31": 0, "2006-09-30": 0, "2006-06-30": 0, "2006-03-31": "", "2005-12-31": 0, "2005-09-30": 0, "2005-06-30": 0, "2005-03-31": ""}, "Net Acquisitions/Divestitures": {"2020-09-30": 0, "2020-06-30": 0, "2020-03-31": "", "2019-12-31": 0, "2019-09-30": 0, "2019-06-30": 0, "2019-03-31": "", "2018-12-31": 0, "2018-09-30": 0, "2018-06-30": 0, "2018-03-31": "", "2017-12-31": 0, "2017-09-30": 0, "2017-06-30": 0, "2017-03-31": "", "2016-12-31": 0, "2016-09-30": 0, "2016-06-30": -1272.187, "2016-03-31": "", "2015-12-31": 0, "2015-09-30": 0, "2015-06-30": 342.427, "2015-03-31": "", "2014-12-31": 0, "2014-09-30": 0, "2014-06-30": 0, "2014-03-31": "", "2013-12-31": 0, "2013-09-30": 0, "2013-06-30": 21.204, "2013-03-31": "", "2012-12-31": 51.209, "2012-09-30": 0, "2012-06-30": 0, "2012-03-31": "", "2011-12-31": 0, "2011-09-30": 0, "2011-06-30": 0, "2011-03-31": "", "2010-12-31": 0, "2010-09-30": 0, "2010-06-30": 0, "2010-03-31": "", "2009-12-31": 0, "2009-09-30": 0, "2009-06-30": 0, "2009-03-31": "", "2008-12-31": 0, "2008-09-30": 0, "2008-06-30": 0, "2008-03-31": "", "2007-12-31": 0.305, "2007-09-30": 1.157, "2007-06-30": -0.764, "2007-03-31": "46.79300", "2006-12-31": -9.219, "2006-09-30": -0.093, "2006-06-30": -47.591, "2006-03-31": "50.93800", "2005-12-31": 0, "2005-09-30": 0, "2005-06-30": 0, "2005-03-31": ""}, "Net Change In Short-term Investments": {"2020-09-30": 0, "2020-06-30": 0, "2020-03-31": "", "2019-12-31": 0, "2019-09-30": 0.144, "2019-06-30": -0.144, "2019-03-31": "0.00700", "2018-12-31": -0.002, "2018-09-30": 0, "2018-06-30": 0, "2018-03-31": "-0.00500", "2017-12-31": 0.175, "2017-09-30": -0.028, "2017-06-30": -0.057, "2017-03-31": "-0.09000", "2016-12-31": 0.247, "2016-09-30": -0.138, "2016-06-30": 5.81, "2016-03-31": "-5.79800", "2015-12-31": 0.966, "2015-09-30": -0.212, "2015-06-30": -0.212, "2015-03-31": "-0.21200", "2014-12-31": -0.078, "2014-09-30": 1.034, "2014-06-30": -0.556, "2014-03-31": "1.78100", "2013-12-31": 1.544, "2013-09-30": -1.875, "2013-06-30": -1.505, "2013-03-31": "-0.13200", "2012-12-31": 5.102, "2012-09-30": -2.136, "2012-06-30": 1.224, "2012-03-31": "2.48900", "2011-12-31": 6.959, "2011-09-30": 9.443, "2011-06-30": 6.202, "2011-03-31": "7.78600", "2010-12-31": -36.098, "2010-09-30": 3.428, "2010-06-30": 8.242, "2010-03-31": "40.72400", "2009-12-31": -2.355, "2009-09-30": 117.055, "2009-06-30": -168.729, "2009-03-31": "", "2008-12-31": 0, "2008-09-30": 0, "2008-06-30": 0, "2008-03-31": "", "2007-12-31": 0, "2007-09-30": 0, "2007-06-30": 0, "2007-03-31": "", "2006-12-31": 0, "2006-09-30": 0, "2006-06-30": 0, "2006-03-31": "", "2005-12-31": 0, "2005-09-30": 0, "2005-06-30": 0, "2005-03-31": ""}, "Net Change In Long-Term Investments": {"2020-09-30": 3318.5832, "2020-06-30": -1641.049, "2020-03-31": "-2346.95300", "2019-12-31": -3316.33, "2019-09-30": 1165.68, "2019-06-30": -1072.959, "2019-03-31": "-323.94000", "2018-12-31": -1074.822, "2018-09-30": -663.62, "2018-06-30": -575.081, "2018-03-31": "-338.69800", "2017-12-31": -784.132, "2017-09-30": -908.288, "2017-06-30": -805.782, "2017-03-31": "-432.16700", "2016-12-31": -318.885, "2016-09-30": -681.1049, "2016-06-30": -447.6081, "2016-03-31": "-141.99100", "2015-12-31": -395.354, "2015-09-30": -883.863, "2015-06-30": -99.484, "2015-03-31": "-336.63000", "2014-12-31": -384.496, "2014-09-30": -388.975, "2014-06-30": -302.707, "2014-03-31": "-292.57100", "2013-12-31": -644.085, "2013-09-30": -145.967, "2013-06-30": -196.539, "2013-03-31": "-192.58300", "2012-12-31": -210.9071, "2012-09-30": -110.713, "2012-06-30": -402.401, "2012-03-31": "72.91200", "2011-12-31": -841.0819, "2011-09-30": -171.258, "2011-06-30": 189.707, "2011-03-31": "-62.75400", "2010-12-31": -314.953, "2010-09-30": -87.1489, "2010-06-30": -70.5711, "2010-03-31": "50.22100", "2009-12-31": -166.988, "2009-09-30": -93.814, "2009-06-30": 47.143, "2009-03-31": "-21.97600", "2008-12-31": -27.598, "2008-09-30": -41.089, "2008-06-30": 105.157, "2008-03-31": "-45.31800", "2007-12-31": 19.9, "2007-09-30": -119.586, "2007-06-30": -61.24, "2007-03-31": "-25.39400", "2006-12-31": 14.64, "2006-09-30": 38.128, "2006-06-30": 67.833, "2006-03-31": "121.49500", "2005-12-31": -20.677, "2005-09-30": -21.106, "2005-06-30": 36.727, "2005-03-31": "56.91500"}, "Net Change In Investments - Total": {"2020-09-30": 3318.5832, "2020-06-30": -1641.049, "2020-03-31": "-2346.95300", "2019-12-31": -3316.33, "2019-09-30": 1165.824, "2019-06-30": -1073.103, "2019-03-31": "-323.93300", "2018-12-31": -1074.824, "2018-09-30": -663.62, "2018-06-30": -575.081, "2018-03-31": "-338.70300", "2017-12-31": -783.957, "2017-09-30": -908.316, "2017-06-30": -805.839, "2017-03-31": "-432.25700", "2016-12-31": -318.638, "2016-09-30": -681.243, "2016-06-30": -441.798, "2016-03-31": "-147.78900", "2015-12-31": -394.388, "2015-09-30": -884.075, "2015-06-30": -99.696, "2015-03-31": "-336.84200", "2014-12-31": -384.574, "2014-09-30": -387.941, "2014-06-30": -303.263, "2014-03-31": "-290.79000", "2013-12-31": -642.541, "2013-09-30": -147.842, "2013-06-30": -198.044, "2013-03-31": "-192.71500", "2012-12-31": -205.8051, "2012-09-30": -112.849, "2012-06-30": -401.177, "2012-03-31": "75.40100", "2011-12-31": -834.1229, "2011-09-30": -161.815, "2011-06-30": 195.909, "2011-03-31": "-54.96800", "2010-12-31": -351.051, "2010-09-30": -83.7209, "2010-06-30": -62.3291, "2010-03-31": "90.94500", "2009-12-31": -169.343, "2009-09-30": 23.241, "2009-06-30": -121.586, "2009-03-31": "-21.97600", "2008-12-31": -27.598, "2008-09-30": -41.089, "2008-06-30": 105.157, "2008-03-31": "-45.31800", "2007-12-31": 19.9, "2007-09-30": -119.586, "2007-06-30": -61.24, "2007-03-31": "-25.39400", "2006-12-31": 14.64, "2006-09-30": 38.128, "2006-06-30": 67.833, "2006-03-31": "121.49500", "2005-12-31": -20.677, "2005-09-30": -21.106, "2005-06-30": 36.727, "2005-03-31": "56.91500"}, "Investing Activities - Other": {"2020-09-30": -4845.974, "2020-06-30": -18.201, "2020-03-31": "-32.31400", "2019-12-31": 2387.64, "2019-09-30": -2491.329, "2019-06-30": -13.579, "2019-03-31": "-24.40000", "2018-12-31": -2.87, "2018-09-30": -33.015, "2018-06-30": -15.4, "2018-03-31": "-8.01900", "2017-12-31": -39.924, "2017-09-30": -5.082, "2017-06-30": 8.142, "2017-03-31": "-0.62700", "2016-12-31": -2.076, "2016-09-30": -2.963, "2016-06-30": -8.324, "2016-03-31": "-4.64100", "2015-12-31": 4.126, "2015-09-30": 10.37, "2015-06-30": 10.432, "2015-03-31": "-7.94100", "2014-12-31": -7.764, "2014-09-30": 4.46, "2014-06-30": -5.199, "2014-03-31": "2.98300", "2013-12-31": 13.128, "2013-09-30": -14.074, "2013-06-30": 6.156, "2013-03-31": "0.25900", "2012-12-31": -36.481, "2012-09-30": -4.631, "2012-06-30": 172.032, "2012-03-31": "-155.21700", "2011-12-31": 366.251, "2011-09-30": -132.48, "2011-06-30": -142.859, "2011-03-31": "-49.43200", "2010-12-31": -160.897, "2010-09-30": -56.448, "2010-06-30": -94.251, "2010-03-31": "6.04200", "2009-12-31": -56.895, "2009-09-30": -7.761, "2009-06-30": -15.37, "2009-03-31": "-3.50300", "2008-12-31": -162.776, "2008-09-30": -89.026, "2008-06-30": -157.163, "2008-03-31": "-96.14800", "2007-12-31": -100.901, "2007-09-30": -155.175, "2007-06-30": -55.571, "2007-03-31": "-40.19700", "2006-12-31": -110.27, "2006-09-30": -147.606, "2006-06-30": -215.748, "2006-03-31": "-153.55200", "2005-12-31": -175.856, "2005-09-30": -188.45, "2005-06-30": -121.494, "2005-03-31": "-143.26600"}, "Cash Flow From Investing Activities": {"2020-09-30": -1533.703, "2020-06-30": -1662.392, "2020-03-31": "-2395.84300", "2019-12-31": -947.859, "2019-09-30": -1330.995, "2019-06-30": -1092.694, "2019-03-31": "-351.48500", "2018-12-31": -1071.276, "2018-09-30": -703.118, "2018-06-30": -591.741, "2018-03-31": "-347.29800", "2017-12-31": -803.904, "2017-09-30": -915.949, "2017-06-30": -800.215, "2017-03-31": "-435.45900", "2016-12-31": -321.964, "2016-09-30": -686.938, "2016-06-30": -1725.815, "2016-03-31": "-155.51600", "2015-12-31": -389.258, "2015-09-30": -881.679, "2015-06-30": 251.514, "2015-03-31": "-347.02000", "2014-12-31": -395.76, "2014-09-30": -388.493, "2014-06-30": -312.85, "2014-03-31": "-288.91000", "2013-12-31": -645.814, "2013-09-30": -163.26, "2013-06-30": -171.051, "2013-03-31": "-193.21700", "2012-12-31": -152.716, "2012-09-30": -118.946, "2012-06-30": -231.719, "2012-03-31": "-81.72700", "2011-12-31": -468.803, "2011-09-30": -293.824, "2011-06-30": 54.37, "2011-03-31": "-104.17100", "2010-12-31": -511.856, "2010-09-30": -140.76, "2010-06-30": -158.157, "2010-03-31": "100.48500", "2009-12-31": -223.341, "2009-09-30": 20.682, "2009-06-30": -137.518, "2009-03-31": "-28.06500", "2008-12-31": -190.707, "2008-09-30": -131.834, "2008-06-30": -53.856, "2008-03-31": "-144.35900", "2007-12-31": -89.949, "2007-09-30": -283.933, "2007-06-30": -124.632, "2007-03-31": "-28.05900", "2006-12-31": -112.629, "2006-09-30": -122.082, "2006-06-30": -203.072, "2006-03-31": "11.56600", "2005-12-31": -209.07, "2005-09-30": -211.494, "2005-06-30": -92.298, "2005-03-31": "-87.10100"}, "Net Long-Term Debt": {"2020-09-30": -5.899, "2020-06-30": -73.451, "2020-03-31": "314.30500", "2019-12-31": 1.693, "2019-09-30": 1.061, "2019-06-30": -1.22, "2019-03-31": "-498.27000", "2018-12-31": 492.441, "2018-09-30": -72.052, "2018-06-30": -228.655, "2018-03-31": "-94.34000", "2017-12-31": 389.95, "2017-09-30": -6.594, "2017-06-30": -3.05, "2017-03-31": "-86.01700", "2016-12-31": 77.344, "2016-09-30": 5.679, "2016-06-30": 171.654, "2016-03-31": "-151.84900", "2015-12-31": -165.072, "2015-09-30": 183.818, "2015-06-30": -4.909, "2015-03-31": "-122.66400", "2014-12-31": 55.063, "2014-09-30": 1.177, "2014-06-30": -119.602, "2014-03-31": "97.26800", "2013-12-31": -61.849, "2013-09-30": -23.879, "2013-06-30": -73.272, "2013-03-31": "218.27200", "2012-12-31": -162.316, "2012-09-30": 44.486, "2012-06-30": 82.512, "2012-03-31": "-169.27400", "2011-12-31": 261.04, "2011-09-30": -6.064, "2011-06-30": -14.754, "2011-03-31": "53.99500", "2010-12-31": 22.574, "2010-09-30": 72.548, "2010-06-30": -158.943, "2010-03-31": "-63.54700", "2009-12-31": -89.393, "2009-09-30": -211.325, "2009-06-30": -88.155, "2009-03-31": "-315.11300", "2008-12-31": -143.063, "2008-09-30": 197.937, "2008-06-30": -17.847, "2008-03-31": "100.63300", "2007-12-31": 269.314, "2007-09-30": 277.917, "2007-06-30": 54.27, "2007-03-31": "-7.10300", "2006-12-31": 0.457, "2006-09-30": 32.602, "2006-06-30": 67.646, "2006-03-31": "21.28000", "2005-12-31": 29.36, "2005-09-30": -49.514, "2005-06-30": 26.207, "2005-03-31": "-106.37700"}, "Net Current Debt": {"2020-09-30": 0, "2020-06-30": 0, "2020-03-31": "", "2019-12-31": 0, "2019-09-30": 0, "2019-06-30": 0, "2019-03-31": "", "2018-12-31": 0, "2018-09-30": 0, "2018-06-30": 0, "2018-03-31": "", "2017-12-31": 0, "2017-09-30": 0, "2017-06-30": 0, "2017-03-31": "", "2016-12-31": 0, "2016-09-30": 0, "2016-06-30": 0, "2016-03-31": "", "2015-12-31": 0, "2015-09-30": 0, "2015-06-30": 0, "2015-03-31": "", "2014-12-31": 0, "2014-09-30": 0, "2014-06-30": 0, "2014-03-31": "", "2013-12-31": 0, "2013-09-30": 0, "2013-06-30": 0, "2013-03-31": "", "2012-12-31": 0, "2012-09-30": 0, "2012-06-30": 0, "2012-03-31": "", "2011-12-31": 0, "2011-09-30": 0, "2011-06-30": 0, "2011-03-31": "", "2010-12-31": 0, "2010-09-30": 0, "2010-06-30": 0, "2010-03-31": "", "2009-12-31": 0, "2009-09-30": 0, "2009-06-30": 0, "2009-03-31": "", "2008-12-31": 0, "2008-09-30": 0, "2008-06-30": 0, "2008-03-31": "", "2007-12-31": 0, "2007-09-30": 0, "2007-06-30": 0, "2007-03-31": "", "2006-12-31": 0, "2006-09-30": 0, "2006-06-30": 0, "2006-03-31": "", "2005-12-31": 0, "2005-09-30": 0, "2005-06-30": 0, "2005-03-31": ""}, "Debt Issuance/Retirement Net - Total": {"2020-09-30": -5.899, "2020-06-30": -73.451, "2020-03-31": "314.30500", "2019-12-31": 1.693, "2019-09-30": 1.061, "2019-06-30": -1.22, "2019-03-31": "-498.27000", "2018-12-31": 492.441, "2018-09-30": -72.052, "2018-06-30": -228.655, "2018-03-31": "-94.34000", "2017-12-31": 389.95, "2017-09-30": -6.594, "2017-06-30": -3.05, "2017-03-31": "-86.01700", "2016-12-31": 77.344, "2016-09-30": 5.679, "2016-06-30": 171.654, "2016-03-31": "-151.84900", "2015-12-31": -165.072, "2015-09-30": 183.818, "2015-06-30": -4.909, "2015-03-31": "-122.66400", "2014-12-31": 55.063, "2014-09-30": 1.177, "2014-06-30": -119.602, "2014-03-31": "97.26800", "2013-12-31": -61.849, "2013-09-30": -23.879, "2013-06-30": -73.272, "2013-03-31": "218.27200", "2012-12-31": -162.316, "2012-09-30": 44.486, "2012-06-30": 82.512, "2012-03-31": "-169.27400", "2011-12-31": 261.04, "2011-09-30": -6.064, "2011-06-30": -14.754, "2011-03-31": "53.99500", "2010-12-31": 22.574, "2010-09-30": 72.548, "2010-06-30": -158.943, "2010-03-31": "-63.54700", "2009-12-31": -89.393, "2009-09-30": -211.325, "2009-06-30": -88.155, "2009-03-31": "-315.11300", "2008-12-31": -143.063, "2008-09-30": 197.937, "2008-06-30": -17.847, "2008-03-31": "100.63300", "2007-12-31": 269.314, "2007-09-30": 277.917, "2007-06-30": 54.27, "2007-03-31": "-7.10300", "2006-12-31": 0.457, "2006-09-30": 32.602, "2006-06-30": 67.646, "2006-03-31": "21.28000", "2005-12-31": 29.36, "2005-09-30": -49.514, "2005-06-30": 26.207, "2005-03-31": "-106.37700"}, "Net Common Equity Issued/Repurchased": {"2020-09-30": 0.073, "2020-06-30": -9.121, "2020-03-31": "-62.45100", "2019-12-31": -4.535, "2019-09-30": -43.639, "2019-06-30": -33.964, "2019-03-31": "-37.91300", "2018-12-31": -35.668, "2018-09-30": 0, "2018-06-30": 0.319, "2018-03-31": "0.21500", "2017-12-31": 0.06, "2017-09-30": 0.259, "2017-06-30": 0.343, "2017-03-31": "0.18400", "2016-12-31": 9.646, "2016-09-30": -0.05, "2016-06-30": 46.954, "2016-03-31": "0.30500", "2015-12-31": 28.485, "2015-09-30": 0.201, "2015-06-30": 0.744, "2015-03-31": "0.79300", "2014-12-31": 16.707, "2014-09-30": 0.726, "2014-06-30": 3.904, "2014-03-31": "0.70300", "2013-12-31": -124.993, "2013-09-30": 127.769, "2013-06-30": 0.701, "2013-03-31": "1.11800", "2012-12-31": 0.182, "2012-09-30": 2.068, "2012-06-30": 0, "2012-03-31": "0.55200", "2011-12-31": -0.415, "2011-09-30": 0.05, "2011-06-30": 0, "2011-03-31": "0.31200", "2010-12-31": 0.086, "2010-09-30": 47.574, "2010-06-30": 0.273, "2010-03-31": "", "2009-12-31": 0, "2009-09-30": 0, "2009-06-30": 191.268, "2009-03-31": "0.07800", "2008-12-31": 139.321, "2008-09-30": 51.286, "2008-06-30": 30.247, "2008-03-31": "0.19700", "2007-12-31": -3.539, "2007-09-30": -15.21, "2007-06-30": 1.547, "2007-03-31": "1.01800", "2006-12-31": 9.721, "2006-09-30": 0.707, "2006-06-30": 0.599, "2006-03-31": "0.76300", "2005-12-31": 0.046, "2005-09-30": 85.636, "2005-06-30": 0.857, "2005-03-31": "0.55200"}, "Net Total Equity Issued/Repurchased": {"2020-09-30": 0.073, "2020-06-30": -9.121, "2020-03-31": "-62.45100", "2019-12-31": -4.535, "2019-09-30": -43.639, "2019-06-30": -33.964, "2019-03-31": "-37.91300", "2018-12-31": -35.668, "2018-09-30": 0, "2018-06-30": 0.319, "2018-03-31": "0.21500", "2017-12-31": 0.06, "2017-09-30": 0.259, "2017-06-30": 0.343, "2017-03-31": "0.18400", "2016-12-31": 9.646, "2016-09-30": -0.05, "2016-06-30": 46.954, "2016-03-31": "0.30500", "2015-12-31": -42.015, "2015-09-30": 0.201, "2015-06-30": 0.744, "2015-03-31": "0.79300", "2014-12-31": -53.793, "2014-09-30": 0.726, "2014-06-30": 3.904, "2014-03-31": "0.70300", "2013-12-31": -124.993, "2013-09-30": 127.769, "2013-06-30": 0.701, "2013-03-31": "1.11800", "2012-12-31": 0.182, "2012-09-30": 2.068, "2012-06-30": 0, "2012-03-31": "0.55200", "2011-12-31": -0.415, "2011-09-30": 1.05, "2011-06-30": 0, "2011-03-31": "0.31200", "2010-12-31": 0.086, "2010-09-30": 47.574, "2010-06-30": 0.273, "2010-03-31": "", "2009-12-31": 0, "2009-09-30": 0, "2009-06-30": 191.268, "2009-03-31": "0.07800", "2008-12-31": 139.321, "2008-09-30": 51.286, "2008-06-30": 30.247, "2008-03-31": "0.19700", "2007-12-31": -3.539, "2007-09-30": -15.21, "2007-06-30": 1.547, "2007-03-31": "1.01800", "2006-12-31": 9.721, "2006-09-30": 0.707, "2006-06-30": 0.599, "2006-03-31": "0.76300", "2005-12-31": 0.046, "2005-09-30": 85.636, "2005-06-30": 0.857, "2005-03-31": "0.55200"}, "Total Common And Preferred Stock Dividends Paid": {"2020-09-30": -25.208, "2020-06-30": -25.214, "2020-03-31": "-25.60600", "2019-12-31": -25.645, "2019-09-30": -25.684, "2019-06-30": 0, "2019-03-31": "", "2018-12-31": 0, "2018-09-30": 0, "2018-06-30": 0, "2018-03-31": "", "2017-12-31": 0, "2017-09-30": 0, "2017-06-30": 0, "2017-03-31": "", "2016-12-31": 0, "2016-09-30": 0, "2016-06-30": 0, "2016-03-31": "", "2015-12-31": -0.151, "2015-09-30": -0.176, "2015-06-30": -0.247, "2015-03-31": "-0.17600", "2014-12-31": -0.329, "2014-09-30": -0.353, "2014-06-30": -0.352, "2014-03-31": "-0.35300", "2013-12-31": -0.352, "2013-09-30": -0.353, "2013-06-30": -0.352, "2013-03-31": "-0.35300", "2012-12-31": -0.353, "2012-09-30": -0.352, "2012-06-30": -1.325, "2012-03-31": "-1.76300", "2011-12-31": -1.781, "2011-09-30": -1.752, "2011-06-30": -1.75, "2011-03-31": "-1.75000", "2010-12-31": -1.75, "2010-09-30": -1.75, "2010-06-30": -1.75, "2010-03-31": "-1.75000", "2009-12-31": -1.583, "2009-09-30": -1.75, "2009-06-30": -1.75, "2009-03-31": "-1.75000", "2008-12-31": 0, "2008-09-30": 0, "2008-06-30": 0, "2008-03-31": "", "2007-12-31": 0, "2007-09-30": 0, "2007-06-30": 0, "2007-03-31": "", "2006-12-31": 0, "2006-09-30": 0, "2006-06-30": 0, "2006-03-31": "", "2005-12-31": 0, "2005-09-30": 0, "2005-06-30": 0, "2005-03-31": ""}, "Financial Activities - Other": {"2020-09-30": 1298.295, "2020-06-30": 2713.508, "2020-03-31": "2026.73000", "2019-12-31": 355.616, "2019-09-30": 999.384, "2019-06-30": 1231.008, "2019-03-31": "1023.39300", "2018-12-31": 267.819, "2018-09-30": 819.989, "2018-06-30": 728.487, "2018-03-31": "375.71000", "2017-12-31": 67.58, "2017-09-30": 870.318, "2017-06-30": 675.097, "2017-03-31": "795.86300", "2016-12-31": 97.219, "2016-09-30": 241.804, "2016-06-30": 1128.651, "2016-03-31": "1042.08200", "2015-12-31": 419.899, "2015-09-30": 209.386, "2015-06-30": 2.355, "2015-03-31": "724.48600", "2014-12-31": 230.666, "2014-09-30": 229.33, "2014-06-30": 321.713, "2014-03-31": "311.72600", "2013-12-31": 588.246, "2013-09-30": 148.516, "2013-06-30": 30.226, "2013-03-31": "279.73700", "2012-12-31": 176.303, "2012-09-30": 160.528, "2012-06-30": 102.394, "2012-03-31": "240.54200", "2011-12-31": 25.624, "2011-09-30": 44.568, "2011-06-30": 90.856, "2011-03-31": "159.02300", "2010-12-31": 9.913, "2010-09-30": 98.444, "2010-06-30": 39.954, "2010-03-31": "468.02800", "2009-12-31": -30.133, "2009-09-30": 359.978, "2009-06-30": 331.44, "2009-03-31": "408.55100", "2008-12-31": 143.284, "2008-09-30": -144.718, "2008-06-30": 22.785, "2008-03-31": "84.01600", "2007-12-31": -245.021, "2007-09-30": -23.787, "2007-06-30": -33.299, "2007-03-31": "46.46000", "2006-12-31": 141.051, "2006-09-30": 61.031, "2006-06-30": -4.529, "2006-03-31": "141.66900", "2005-12-31": 46.314, "2005-09-30": 157.944, "2005-06-30": 170.865, "2005-03-31": "262.65300"}, "Cash Flow From Financial Activities": {"2020-09-30": 1267.261, "2020-06-30": 2605.722, "2020-03-31": "2252.97800", "2019-12-31": 327.129, "2019-09-30": 931.122, "2019-06-30": 1195.824, "2019-03-31": "487.21000", "2018-12-31": 724.592, "2018-09-30": 747.937, "2018-06-30": 500.151, "2018-03-31": "281.58500", "2017-12-31": 457.59, "2017-09-30": 863.983, "2017-06-30": 672.39, "2017-03-31": "710.03000", "2016-12-31": 184.209, "2016-09-30": 247.433, "2016-06-30": 1347.259, "2016-03-31": "890.53800", "2015-12-31": 212.661, "2015-09-30": 393.229, "2015-06-30": -2.057, "2015-03-31": "602.43900", "2014-12-31": 231.607, "2014-09-30": 230.88, "2014-06-30": 205.663, "2014-03-31": "409.34400", "2013-12-31": 401.052, "2013-09-30": 252.053, "2013-06-30": -42.697, "2013-03-31": "498.77400", "2012-12-31": 13.816, "2012-09-30": 206.73, "2012-06-30": 183.581, "2012-03-31": "70.05700", "2011-12-31": 284.468, "2011-09-30": 37.802, "2011-06-30": 74.352, "2011-03-31": "211.58000", "2010-12-31": 30.823, "2010-09-30": 216.816, "2010-06-30": -120.466, "2010-03-31": "402.73100", "2009-12-31": -121.109, "2009-09-30": 146.903, "2009-06-30": 432.803, "2009-03-31": "91.76600", "2008-12-31": 139.542, "2008-09-30": 104.505, "2008-06-30": 35.185, "2008-03-31": "184.84600", "2007-12-31": 20.754, "2007-09-30": 238.92, "2007-06-30": 22.518, "2007-03-31": "40.37500", "2006-12-31": 151.229, "2006-09-30": 94.34, "2006-06-30": 63.716, "2006-03-31": "163.71200", "2005-12-31": 75.72, "2005-09-30": 194.066, "2005-06-30": 197.929, "2005-03-31": "156.82800"}, "Net Cash Flow": {"2020-09-30": -99.728, "2020-06-30": 1102.753, "2020-03-31": "-18.88600", "2019-12-31": -437.463, "2019-09-30": -195.648, "2019-06-30": 282.096, "2019-03-31": "287.03900", "2018-12-31": -201.992, "2018-09-30": 193.746, "2018-06-30": 67.447, "2018-03-31": "22.60300", "2017-12-31": -233.586, "2017-09-30": 43.679, "2017-06-30": -40.359, "2017-03-31": "362.54300", "2016-12-31": -71.592, "2016-09-30": -340.16, "2016-06-30": -334.734, "2016-03-31": "806.33700", "2015-12-31": -100.77, "2015-09-30": -432.926, "2015-06-30": 265.934, "2015-03-31": "328.00600", "2014-12-31": -103.875, "2014-09-30": -111.011, "2014-06-30": -86.643, "2014-03-31": "160.41100", "2013-12-31": -203.519, "2013-09-30": 126.08, "2013-06-30": -173.322, "2013-03-31": "351.65000", "2012-12-31": -103.292, "2012-09-30": 128.996, "2012-06-30": -0.832, "2012-03-31": "24.75800", "2011-12-31": -150.973, "2011-09-30": -228.592, "2011-06-30": 171.222, "2011-03-31": "146.59200", "2010-12-31": -399.209, "2010-09-30": 55.332, "2010-06-30": -269.417, "2010-03-31": "433.21000", "2009-12-31": -361.035, "2009-09-30": 188.979, "2009-06-30": 341.27, "2009-03-31": "87.66200", "2008-12-31": -32.942, "2008-09-30": -8.387, "2008-06-30": -10.578, "2008-03-31": "76.23200", "2007-12-31": -50.898, "2007-09-30": -29.392, "2007-06-30": -100.538, "2007-03-31": "31.57700", "2006-12-31": 57.81, "2006-09-30": -17.268, "2006-06-30": -138.948, "2006-03-31": "188.95000", "2005-12-31": -120.281, "2005-09-30": -10.764, "2005-06-30": 108.852, "2005-03-31": "81.13200"}, "Stock-Based Compensation": {"2020-09-30": 6.605, "2020-06-30": 8.061, "2020-03-31": "6.89400", "2019-12-31": 6.455, "2019-09-30": 6.06, "2019-06-30": 7.251, "2019-03-31": "6.47200", "2018-12-31": 6.23, "2018-09-30": 5.698, "2018-06-30": 7.078, "2018-03-31": "6.70500", "2017-12-31": 5.645, "2017-09-30": 5.515, "2017-06-30": 6.052, "2017-03-31": "6.34200", "2016-12-31": 5.299, "2016-09-30": 4.902, "2016-06-30": 4.743, "2016-03-31": "5.39400", "2015-12-31": 12.245, "2015-09-30": 5.38, "2015-06-30": 3.779, "2015-03-31": "4.12900", "2014-12-31": 8.245, "2014-09-30": 2.293, "2014-06-30": 5.707, "2014-03-31": "0.33200", "2013-12-31": 3.335, "2013-09-30": 1.573, "2013-06-30": 1.82, "2013-03-31": "0.97100", "2012-12-31": 1.593, "2012-09-30": 0.898, "2012-06-30": 2.016, "2012-03-31": "1.81100", "2011-12-31": 1.17, "2011-09-30": 1.444, "2011-06-30": 0.653, "2011-03-31": "1.00500", "2010-12-31": 1.713, "2010-09-30": 1.929, "2010-06-30": 1.753, "2010-03-31": "2.14200", "2009-12-31": 2.052, "2009-09-30": 2.114, "2009-06-30": 2.681, "2009-03-31": "1.90600", "2008-12-31": 10.059, "2008-09-30": 0, "2008-06-30": 0, "2008-03-31": "", "2007-12-31": 6.856, "2007-09-30": 0, "2007-06-30": 0, "2007-03-31": "", "2006-12-31": 3.36, "2006-09-30": 0, "2006-06-30": 0, "2006-03-31": "", "2005-12-31": -0.06, "2005-09-30": 0.022, "2005-06-30": 0.023, "2005-03-31": "0.01500"}, "Common Stock Dividends Paid": {"2020-09-30": -25.208, "2020-06-30": -25.214, "2020-03-31": "-25.60600", "2019-12-31": -25.645, "2019-09-30": -25.684, "2019-06-30": 0, "2019-03-31": "", "2018-12-31": 0, "2018-09-30": 0, "2018-06-30": 0, "2018-03-31": "", "2017-12-31": 0, "2017-09-30": 0, "2017-06-30": 0, "2017-03-31": "", "2016-12-31": 0, "2016-09-30": 0, "2016-06-30": 0, "2016-03-31": "", "2015-12-31": 0, "2015-09-30": 0, "2015-06-30": 0, "2015-03-31": "", "2014-12-31": 0, "2014-09-30": 0.705, "2014-06-30": -0.705, "2014-03-31": "", "2013-12-31": 0, "2013-09-30": 0, "2013-06-30": 0, "2013-03-31": "", "2012-12-31": 0, "2012-09-30": 0, "2012-06-30": 0, "2012-03-31": "", "2011-12-31": 0, "2011-09-30": 0, "2011-06-30": 0, "2011-03-31": "", "2010-12-31": 0, "2010-09-30": 0, "2010-06-30": 0, "2010-03-31": "", "2009-12-31": 0, "2009-09-30": 0, "2009-06-30": 0, "2009-03-31": "", "2008-12-31": 0, "2008-09-30": 0, "2008-06-30": 0, "2008-03-31": "", "2007-12-31": 0, "2007-09-30": 0, "2007-06-30": 0, "2007-03-31": "", "2006-12-31": 0, "2006-09-30": 0, "2006-06-30": 0, "2006-03-31": "", "2005-12-31": 0, "2005-09-30": 0, "2005-06-30": 0, "2005-03-31": ""}}, "financial ratios": {"Current Ratio": {"2019-12-31": "", "2018-12-31": "", "2017-12-31": "", "2016-12-31": "", "2015-12-31": "", "2014-12-31": "", "2013-12-31": "", "2012-12-31": "", "2011-12-31": "", "2010-12-31": "", "2009-12-31": "", "2008-12-31": "", "2007-12-31": "", "2006-12-31": "", "2005-12-31": ""}, "Long-term Debt / Capital": {"2019-12-31": "0.11540", "2018-12-31": "0.24570", "2017-12-31": "0.25590", "2016-12-31": "0.19150", "2015-12-31": "0.18460", "2014-12-31": "0.30080", "2013-12-31": "0.30920", "2012-12-31": "0.23240", "2011-12-31": "0.38000", "2010-12-31": "0.16150", "2009-12-31": "0.18630", "2008-12-31": "0.59900", "2007-12-31": "0.19600", "2006-12-31": "0.19950", "2005-12-31": "0.11240"}, "Debt/Equity Ratio": {"2019-12-31": "0.13600", "2018-12-31": "0.33430", "2017-12-31": "0.35560", "2016-12-31": "0.25890", "2015-12-31": "0.25040", "2014-12-31": "0.48510", "2013-12-31": "0.53090", "2012-12-31": "0.40670", "2011-12-31": "0.80720", "2010-12-31": "0.37430", "2009-12-31": "0.61670", "2008-12-31": "2.14160", "2007-12-31": "1.87820", "2006-12-31": "0.83590", "2005-12-31": "0.77640"}, "Gross Margin": {"2019-12-31": "", "2018-12-31": "", "2017-12-31": "", "2016-12-31": "", "2015-12-31": "", "2014-12-31": "", "2013-12-31": "", "2012-12-31": "", "2011-12-31": "", "2010-12-31": "", "2009-12-31": "", "2008-12-31": "", "2007-12-31": "", "2006-12-31": "", "2005-12-31": ""}, "Operating Margin": {"2019-12-31": "", "2018-12-31": "", "2017-12-31": "", "2016-12-31": "", "2015-12-31": "", "2014-12-31": "", "2013-12-31": "", "2012-12-31": "", "2011-12-31": "", "2010-12-31": "", "2009-12-31": "", "2008-12-31": "", "2007-12-31": "", "2006-12-31": "", "2005-12-31": ""}, "EBIT Margin": {"2019-12-31": "", "2018-12-31": "", "2017-12-31": "", "2016-12-31": "", "2015-12-31": "", "2014-12-31": "", "2013-12-31": "", "2012-12-31": "", "2011-12-31": "", "2010-12-31": "", "2009-12-31": "", "2008-12-31": "", "2007-12-31": "", "2006-12-31": "", "2005-12-31": ""}, "EBITDA Margin": {"2019-12-31": "", "2018-12-31": "", "2017-12-31": "", "2016-12-31": "", "2015-12-31": "", "2014-12-31": "", "2013-12-31": "", "2012-12-31": "", "2011-12-31": "", "2010-12-31": "", "2009-12-31": "", "2008-12-31": "", "2007-12-31": "", "2006-12-31": "", "2005-12-31": ""}, "Pre-Tax Profit Margin": {"2019-12-31": "55.58620", "2018-12-31": "54.52250", "2017-12-31": "55.59060", "2016-12-31": "52.18380", "2015-12-31": "49.80080", "2014-12-31": "48.78710", "2013-12-31": "42.60540", "2012-12-31": "34.85880", "2011-12-31": "20.46830", "2010-12-31": "-5.68270", "2009-12-31": "-321.65210", "2008-12-31": "-2954.29700", "2007-12-31": "26.56230", "2006-12-31": "39.01700", "2005-12-31": "40.10770"}, "Net Profit Margin": {"2019-12-31": "45.92160", "2018-12-31": "46.55880", "2017-12-31": "40.04780", "2016-12-31": "37.53610", "2015-12-31": "37.27170", "2014-12-31": "36.20490", "2013-12-31": "33.21570", "2012-12-31": "23.74620", "2011-12-31": "6.21620", "2010-12-31": "-9.17240", "2009-12-31": "-279.64940", "2008-12-31": "-2510.73900", "2007-12-31": "18.04650", "2006-12-31": "25.31640", "2005-12-31": "25.91390"}, "Asset Turnover": {"2019-12-31": "0.04050", "2018-12-31": "0.04050", "2017-12-31": "0.04000", "2016-12-31": "0.04020", "2015-12-31": "0.03640", "2014-12-31": "0.03820", "2013-12-31": "0.03670", "2012-12-31": "0.03800", "2011-12-31": "0.03590", "2010-12-31": "0.03010", "2009-12-31": "0.01000", "2008-12-31": "0.00180", "2007-12-31": "0.03630", "2006-12-31": "0.03780", "2005-12-31": "0.03790"}, "Inventory Turnover Ratio": {"2019-12-31": "", "2018-12-31": "", "2017-12-31": "", "2016-12-31": "", "2015-12-31": "", "2014-12-31": "", "2013-12-31": "", "2012-12-31": "", "2011-12-31": "", "2010-12-31": "", "2009-12-31": "", "2008-12-31": "", "2007-12-31": "", "2006-12-31": "", "2005-12-31": ""}, "Receiveable Turnover": {"2019-12-31": "", "2018-12-31": "", "2017-12-31": "", "2016-12-31": "", "2015-12-31": "", "2014-12-31": "", "2013-12-31": "", "2012-12-31": "", "2011-12-31": "", "2010-12-31": "", "2009-12-31": "", "2008-12-31": "", "2007-12-31": "", "2006-12-31": "", "2005-12-31": ""}, "Days Sales In Receivables": {"2019-12-31": "", "2018-12-31": "", "2017-12-31": "", "2016-12-31": "", "2015-12-31": "", "2014-12-31": "", "2013-12-31": "", "2012-12-31": "", "2011-12-31": "", "2010-12-31": "", "2009-12-31": "", "2008-12-31": "", "2007-12-31": "", "2006-12-31": "", "2005-12-31": ""}, "ROE - Return On Equity": {"2019-12-31": "16.54670", "2018-12-31": "16.67300", "2017-12-31": "14.59800", "2016-12-31": "13.73480", "2015-12-31": "12.20510", "2014-12-31": "16.02590", "2013-12-31": "16.21080", "2012-12-31": "12.14470", "2011-12-31": "6.75630", "2010-12-31": "-0.88470", "2009-12-31": "-32.80610", "2008-12-31": "-62.11550", "2007-12-31": "6.55510", "2006-12-31": "9.76290", "2005-12-31": "11.49160"}, "Return On Tangible Equity": {"2019-12-31": "18.35770", "2018-12-31": "18.82800", "2017-12-31": "16.87400", "2016-12-31": "16.35350", "2015-12-31": "15.10270", "2014-12-31": "15.29300", "2013-12-31": "13.98660", "2012-12-31": "10.29370", "2011-12-31": "5.57280", "2010-12-31": "-0.74080", "2009-12-31": "-27.58130", "2008-12-31": "-58.15720", "2007-12-31": "12.67650", "2006-12-31": "15.32140", "2005-12-31": "11.73980"}, "ROA - Return On Assets": {"2019-12-31": "1.86110", "2018-12-31": "1.88580", "2017-12-31": "1.60110", "2016-12-31": "1.51040", "2015-12-31": "1.36070", "2014-12-31": "1.40660", "2013-12-31": "1.24450", "2012-12-31": "0.98560", "2011-12-31": "0.48930", "2010-12-31": "-0.06730", "2009-12-31": "-2.55330", "2008-12-31": "-4.38720", "2007-12-31": "0.65540", "2006-12-31": "0.95670", "2005-12-31": "0.98220"}, "ROI - Return On Investment": {"2019-12-31": "14.63710", "2018-12-31": "12.57620", "2017-12-31": "10.86200", "2016-12-31": "11.10500", "2015-12-31": "9.95190", "2014-12-31": "10.41540", "2013-12-31": "9.35250", "2012-12-31": "7.59220", "2011-12-31": "3.26100", "2010-12-31": "-0.58060", "2009-12-31": "-20.76270", "2008-12-31": "-18.61450", "2007-12-31": "5.27050", "2006-12-31": "7.81470", "2005-12-31": "10.19990"}, "Book Value Per Share": {"2019-12-31": "29.42480", "2018-12-31": "24.90480", "2017-12-31": "21.13720", "2016-12-31": "18.00240", "2015-12-31": "15.43840", "2014-12-31": "11.28560", "2013-12-31": "9.81230", "2012-12-31": "8.78520", "2011-12-31": "7.73030", "2010-12-31": "7.37330", "2009-12-31": "7.94060", "2008-12-31": "12.83640", "2007-12-31": "16.63020", "2006-12-31": "15.08510", "2005-12-31": "10.70680"}, "Operating Cash Flow Per Share": {"2019-12-31": 1.8257, "2018-12-31": 1.4786, "2017-12-31": 0.9528, "2016-12-31": 0.3878, "2015-12-31": 0.4018, "2014-12-31": 0.0058, "2013-12-31": -0.0292, "2012-12-31": 0.1814, "2011-12-31": 1.751, "2010-12-31": -1.2666, "2009-12-31": -1.2102, "2008-12-31": 0.7156, "2007-12-31": 0.2143, "2006-12-31": 0.035, "2005-12-31": 1.5159}, "Free Cash Flow Per Share": {"2019-12-31": 1.5157, "2018-12-31": 1.3431, "2017-12-31": 1.1721, "2016-12-31": 0.4, "2015-12-31": 0.4469, "2014-12-31": 0.0648, "2013-12-31": -0.6382, "2012-12-31": 0.5589, "2011-12-31": 1.7455, "2010-12-31": -1.3318, "2009-12-31": -0.918, "2008-12-31": 1.6648, "2007-12-31": 0.3034, "2006-12-31": -0.2074, "2005-12-31": 0.5119}}, "financial ratios, quarterly": {"Current Ratio": {"2020-09-30": "", "2020-06-30": "", "2020-03-31": "", "2019-12-31": "", "2019-09-30": "", "2019-06-30": "", "2019-03-31": "", "2018-12-31": "", "2018-09-30": "", "2018-06-30": "", "2018-03-31": "", "2017-12-31": "", "2017-09-30": "", "2017-06-30": "", "2017-03-31": "", "2016-12-31": "", "2016-09-30": "", "2016-06-30": "", "2016-03-31": "", "2015-12-31": "", "2015-09-30": "", "2015-06-30": "", "2015-03-31": "", "2014-12-31": "", "2014-09-30": "", "2014-06-30": "", "2014-03-31": "", "2013-12-31": "", "2013-09-30": "", "2013-06-30": "", "2013-03-31": "", "2012-12-31": "", "2012-09-30": "", "2012-06-30": "", "2012-03-31": "", "2011-12-31": "", "2011-09-30": "", "2011-06-30": "", "2011-03-31": "", "2010-12-31": "", "2010-09-30": "", "2010-06-30": "", "2010-03-31": "", "2009-12-31": "", "2009-09-30": "", "2009-06-30": "", "2009-03-31": "", "2008-12-31": "", "2008-09-30": "", "2008-06-30": "", "2008-03-31": "", "2007-12-31": "", "2007-09-30": "", "2007-06-30": "", "2007-03-31": "", "2006-12-31": "", "2006-09-30": "", "2006-06-30": "", "2006-03-31": "", "2005-12-31": "", "2005-09-30": "", "2005-06-30": "", "2005-03-31": ""}, "Long-term Debt / Capital": {"2020-09-30": "0.16320", "2020-06-30": "0.16830", "2020-03-31": "0.18870", "2019-12-31": "0.11540", "2019-09-30": "0.11740", "2019-06-30": "0.11960", "2019-03-31": "0.12090", "2018-12-31": "0.24570", "2018-09-30": "0.12610", "2018-06-30": "0.15420", "2018-03-31": "0.22450", "2017-12-31": "0.25590", "2017-09-30": "0.14800", "2017-06-30": "0.15420", "2017-03-31": "0.15710", "2016-12-31": "0.19150", "2016-09-30": "0.17090", "2016-06-30": "0.17540", "2016-03-31": "0.11260", "2015-12-31": "0.18460", "2015-09-30": "0.24240", "2015-06-30": "0.15500", "2015-03-31": "0.23110", "2014-12-31": "0.30080", "2014-09-30": "0.27080", "2014-06-30": "0.28420", "2014-03-31": "0.30120", "2013-12-31": "0.30920", "2013-09-30": "0.34410", "2013-06-30": "0.36450", "2013-03-31": "0.29730", "2012-12-31": "0.23240", "2012-09-30": "0.27130", "2012-06-30": "0.33610", "2012-03-31": "0.26070", "2011-12-31": "0.38000", "2011-09-30": "0.14770", "2011-06-30": "0.15840", "2011-03-31": "0.16180", "2010-12-31": "0.16150", "2010-09-30": "0.14980", "2010-06-30": "0.05930", "2010-03-31": "0.17520", "2009-12-31": "0.18630", "2009-09-30": "0.14450", "2009-06-30": "0.14140", "2009-03-31": "0.19410", "2008-12-31": "0.59900", "2008-09-30": "0.18250", "2008-06-30": "0.17870", "2008-03-31": "0.19020", "2007-12-31": "0.19600", "2007-09-30": "0.18060", "2007-06-30": "0.17500", "2007-03-31": "0.17760", "2006-12-31": "0.19950", "2006-09-30": "0.17240", "2006-06-30": "0.18230", "2006-03-31": "0.10370", "2005-12-31": "0.11240", "2005-09-30": "0.11490", "2005-06-30": "0.12200", "2005-03-31": ""}, "Debt/Equity Ratio": {"2020-09-30": "0.20110", "2020-06-30": "0.21050", "2020-03-31": "0.24030", "2019-12-31": "0.13600", "2019-09-30": "0.13820", "2019-06-30": "0.14070", "2019-03-31": "0.14300", "2018-12-31": "0.33430", "2018-09-30": "0.15270", "2018-06-30": "0.18990", "2018-03-31": "0.29890", "2017-12-31": "0.35560", "2017-09-30": "0.18590", "2017-06-30": "0.19820", "2017-03-31": "0.20450", "2016-12-31": "0.25890", "2016-09-30": "0.23010", "2016-06-30": "0.23420", "2016-03-31": "0.14860", "2015-12-31": "0.25040", "2015-09-30": "0.35360", "2015-06-30": "0.24930", "2015-03-31": "0.34550", "2014-12-31": "0.48510", "2014-09-30": "0.42420", "2014-06-30": "0.45310", "2014-03-31": "0.61780", "2013-12-31": "0.53090", "2013-09-30": "0.74520", "2013-06-30": "0.80030", "2013-03-31": "0.67560", "2012-12-31": "0.40670", "2012-09-30": "0.67500", "2012-06-30": "0.63540", "2012-03-31": "0.52760", "2011-12-31": "0.80720", "2011-09-30": "0.39880", "2011-06-30": "0.42970", "2011-03-31": "0.46460", "2010-12-31": "0.37430", "2010-09-30": "0.31630", "2010-06-30": "0.21440", "2010-03-31": "0.50610", "2009-12-31": "0.61670", "2009-09-30": "0.73870", "2009-06-30": "1.05720", "2009-03-31": "1.74700", "2008-12-31": "2.14160", "2008-09-30": "2.52610", "2008-06-30": "1.93530", "2008-03-31": "2.09950", "2007-12-31": "1.87820", "2007-09-30": "1.30670", "2007-06-30": "0.76380", "2007-03-31": "0.67090", "2006-12-31": "0.83590", "2006-09-30": "0.86770", "2006-06-30": "0.84030", "2006-03-31": "0.67410", "2005-12-31": "0.77640", "2005-09-30": "0.63140", "2005-06-30": "0.89870", "2005-03-31": ""}, "Gross Margin": {"2020-09-30": "", "2020-06-30": "", "2020-03-31": "", "2019-12-31": "", "2019-09-30": "", "2019-06-30": "", "2019-03-31": "", "2018-12-31": "", "2018-09-30": "", "2018-06-30": "", "2018-03-31": "", "2017-12-31": "", "2017-09-30": "", "2017-06-30": "", "2017-03-31": "", "2016-12-31": "", "2016-09-30": "", "2016-06-30": "", "2016-03-31": "", "2015-12-31": "", "2015-09-30": "", "2015-06-30": "", "2015-03-31": "", "2014-12-31": "", "2014-09-30": "", "2014-06-30": "", "2014-03-31": "", "2013-12-31": "", "2013-09-30": "", "2013-06-30": "", "2013-03-31": "", "2012-12-31": "", "2012-09-30": "", "2012-06-30": "", "2012-03-31": "", "2011-12-31": "", "2011-09-30": "", "2011-06-30": "", "2011-03-31": "", "2010-12-31": "", "2010-09-30": "", "2010-06-30": "", "2010-03-31": "", "2009-12-31": "", "2009-09-30": "", "2009-06-30": "", "2009-03-31": "", "2008-12-31": "", "2008-09-30": "", "2008-06-30": "", "2008-03-31": "", "2007-12-31": "", "2007-09-30": "", "2007-06-30": "", "2007-03-31": "", "2006-12-31": "", "2006-09-30": "", "2006-06-30": "", "2006-03-31": "", "2005-12-31": "", "2005-09-30": "", "2005-06-30": "", "2005-03-31": ""}, "Operating Margin": {"2020-09-30": "", "2020-06-30": "", "2020-03-31": "", "2019-12-31": "", "2019-09-30": "", "2019-06-30": "", "2019-03-31": "", "2018-12-31": "", "2018-09-30": "", "2018-06-30": "", "2018-03-31": "", "2017-12-31": "", "2017-09-30": "", "2017-06-30": "", "2017-03-31": "", "2016-12-31": "", "2016-09-30": "", "2016-06-30": "", "2016-03-31": "", "2015-12-31": "", "2015-09-30": "", "2015-06-30": "", "2015-03-31": "", "2014-12-31": "", "2014-09-30": "", "2014-06-30": "", "2014-03-31": "", "2013-12-31": "", "2013-09-30": "", "2013-06-30": "", "2013-03-31": "", "2012-12-31": "", "2012-09-30": "", "2012-06-30": "", "2012-03-31": "", "2011-12-31": "", "2011-09-30": "", "2011-06-30": "", "2011-03-31": "", "2010-12-31": "", "2010-09-30": "", "2010-06-30": "", "2010-03-31": "", "2009-12-31": "", "2009-09-30": "", "2009-06-30": "", "2009-03-31": "", "2008-12-31": "", "2008-09-30": "", "2008-06-30": "", "2008-03-31": "", "2007-12-31": "", "2007-09-30": "", "2007-06-30": "", "2007-03-31": "", "2006-12-31": "", "2006-09-30": "", "2006-06-30": "", "2006-03-31": "", "2005-12-31": "", "2005-09-30": "", "2005-06-30": "", "2005-03-31": ""}, "EBIT Margin": {"2020-09-30": "", "2020-06-30": "", "2020-03-31": "", "2019-12-31": "", "2019-09-30": "", "2019-06-30": "", "2019-03-31": "", "2018-12-31": "", "2018-09-30": "", "2018-06-30": "", "2018-03-31": "", "2017-12-31": "", "2017-09-30": "", "2017-06-30": "", "2017-03-31": "", "2016-12-31": "", "2016-09-30": "", "2016-06-30": "", "2016-03-31": "", "2015-12-31": "", "2015-09-30": "", "2015-06-30": "", "2015-03-31": "", "2014-12-31": "", "2014-09-30": "", "2014-06-30": "", "2014-03-31": "", "2013-12-31": "", "2013-09-30": "", "2013-06-30": "", "2013-03-31": "", "2012-12-31": "", "2012-09-30": "", "2012-06-30": "", "2012-03-31": "", "2011-12-31": "", "2011-09-30": "", "2011-06-30": "", "2011-03-31": "", "2010-12-31": "", "2010-09-30": "", "2010-06-30": "", "2010-03-31": "", "2009-12-31": "", "2009-09-30": "", "2009-06-30": "", "2009-03-31": "", "2008-12-31": "", "2008-09-30": "", "2008-06-30": "", "2008-03-31": "", "2007-12-31": "", "2007-09-30": "", "2007-06-30": "", "2007-03-31": "", "2006-12-31": "", "2006-09-30": "", "2006-06-30": "", "2006-03-31": "", "2005-12-31": "", "2005-09-30": "", "2005-06-30": "", "2005-03-31": ""}, "EBITDA Margin": {"2020-09-30": "", "2020-06-30": "", "2020-03-31": "", "2019-12-31": "", "2019-09-30": "", "2019-06-30": "", "2019-03-31": "", "2018-12-31": "", "2018-09-30": "", "2018-06-30": "", "2018-03-31": "", "2017-12-31": "", "2017-09-30": "", "2017-06-30": "", "2017-03-31": "", "2016-12-31": "", "2016-09-30": "", "2016-06-30": "", "2016-03-31": "", "2015-12-31": "", "2015-09-30": "", "2015-06-30": "", "2015-03-31": "", "2014-12-31": "", "2014-09-30": "", "2014-06-30": "", "2014-03-31": "", "2013-12-31": "", "2013-09-30": "", "2013-06-30": "", "2013-03-31": "", "2012-12-31": "", "2012-09-30": "", "2012-06-30": "", "2012-03-31": "", "2011-12-31": "", "2011-09-30": "", "2011-06-30": "", "2011-03-31": "", "2010-12-31": "", "2010-09-30": "", "2010-06-30": "", "2010-03-31": "", "2009-12-31": "", "2009-09-30": "", "2009-06-30": "", "2009-03-31": "", "2008-12-31": "", "2008-09-30": "", "2008-06-30": "", "2008-03-31": "", "2007-12-31": "", "2007-09-30": "", "2007-06-30": "", "2007-03-31": "", "2006-12-31": "", "2006-09-30": "", "2006-06-30": "", "2006-03-31": "", "2005-12-31": "", "2005-09-30": "", "2005-06-30": "", "2005-03-31": ""}, "Pre-Tax Profit Margin": {"2020-09-30": "57.31020", "2020-06-30": "49.57660", "2020-03-31": "45.96130", "2019-12-31": "54.17800", "2019-09-30": "55.27480", "2019-06-30": "56.38270", "2019-03-31": "56.67170", "2018-12-31": "55.74740", "2018-09-30": "51.02690", "2018-06-30": "55.90320", "2018-03-31": "55.35900", "2017-12-31": "56.58140", "2017-09-30": "56.87000", "2017-06-30": "55.86590", "2017-03-31": "52.69420", "2016-12-31": "52.03430", "2016-09-30": "53.09440", "2016-06-30": "51.80770", "2016-03-31": "51.71350", "2015-12-31": "51.80480", "2015-09-30": "50.02640", "2015-06-30": "46.43150", "2015-03-31": "50.26880", "2014-12-31": "49.45080", "2014-09-30": "51.93250", "2014-06-30": "47.22500", "2014-03-31": "46.12190", "2013-12-31": "41.41280", "2013-09-30": "43.98900", "2013-06-30": "46.33490", "2013-03-31": "37.89420", "2012-12-31": "46.86430", "2012-09-30": "32.07760", "2012-06-30": "29.96820", "2012-03-31": "25.39450", "2011-12-31": "15.86240", "2011-09-30": "31.59420", "2011-06-30": "16.36940", "2011-03-31": "16.82760", "2010-12-31": "-35.25010", "2010-09-30": "5.26200", "2010-06-30": "3.33750", "2010-03-31": "-0.59850", "2009-12-31": "-236.19390", "2009-09-30": "-368.54280", "2009-06-30": "-74.97120", "2009-03-31": "-3019.80700", "2008-12-31": "200.10680", "2008-09-30": "-690.22140", "2008-06-30": "7.80310", "2008-03-31": "12.68900", "2007-12-31": "7.73730", "2007-09-30": "31.90870", "2007-06-30": "25.59970", "2007-03-31": "37.50320", "2006-12-31": "33.79450", "2006-09-30": "41.66550", "2006-06-30": "40.89350", "2006-03-31": "39.65810", "2005-12-31": "43.27260", "2005-09-30": "41.00610", "2005-06-30": "38.85420", "2005-03-31": "36.22600"}, "Net Profit Margin": {"2020-09-30": "46.70690", "2020-06-30": "40.96810", "2020-03-31": "37.66000", "2019-12-31": "44.96600", "2019-09-30": "45.15880", "2019-06-30": "46.93380", "2019-03-31": "46.78210", "2018-12-31": "47.42120", "2018-09-30": "47.80390", "2018-06-30": "45.01320", "2018-03-31": "45.89220", "2017-12-31": "40.66410", "2017-09-30": "40.01370", "2017-06-30": "39.91140", "2017-03-31": "39.50380", "2016-12-31": "37.76870", "2016-09-30": "36.99830", "2016-06-30": "36.29800", "2016-03-31": "39.22890", "2015-12-31": "38.83330", "2015-09-30": "38.16350", "2015-06-30": "34.33130", "2015-03-31": "37.00600", "2014-12-31": "36.35340", "2014-09-30": "39.10840", "2014-06-30": "35.54500", "2014-03-31": "33.45890", "2013-12-31": "35.62650", "2013-09-30": "31.84420", "2013-06-30": "37.28620", "2013-03-31": "27.17200", "2012-12-31": "34.23900", "2012-09-30": "21.58120", "2012-06-30": "19.47840", "2012-03-31": "15.17180", "2011-12-31": "8.78310", "2011-09-30": "5.40260", "2011-06-30": "6.10900", "2011-03-31": "4.57790", "2010-12-31": "-31.81050", "2010-09-30": "-0.93900", "2010-06-30": "-2.24860", "2010-03-31": "-5.12810", "2009-12-31": "-192.32880", "2009-09-30": "-244.76640", "2009-06-30": "-57.75420", "2009-03-31": "-3045.71500", "2008-12-31": "162.82290", "2008-09-30": "-624.06430", "2008-06-30": "5.68120", "2008-03-31": "9.51620", "2007-12-31": "6.26730", "2007-09-30": "21.79760", "2007-06-30": "17.24880", "2007-03-31": "24.64130", "2006-12-31": "22.13570", "2006-09-30": "26.92880", "2006-06-30": "26.16610", "2006-03-31": "26.08430", "2005-12-31": "28.08760", "2005-09-30": "26.46430", "2005-06-30": "25.09480", "2005-03-31": "23.28560"}, "Asset Turnover": {"2020-09-30": "0.00870", "2020-06-30": "0.00710", "2020-03-31": "0.00760", "2019-12-31": "0.01060", "2019-09-30": "0.01070", "2019-06-30": "0.01030", "2019-03-31": "0.01090", "2018-12-31": "0.01090", "2018-09-30": "0.01050", "2018-06-30": "0.01090", "2018-03-31": "0.01060", "2017-12-31": "0.01080", "2017-09-30": "0.01040", "2017-06-30": "0.01060", "2017-03-31": "0.01020", "2016-12-31": "0.01070", "2016-09-30": "0.01060", "2016-06-30": "0.01010", "2016-03-31": "0.01030", "2015-12-31": "0.01050", "2015-09-30": "0.01050", "2015-06-30": "0.00850", "2015-03-31": "0.00970", "2014-12-31": "0.01040", "2014-09-30": "0.01010", "2014-06-30": "0.00990", "2014-03-31": "0.00940", "2013-12-31": "0.00940", "2013-09-30": "0.00990", "2013-06-30": "0.01050", "2013-03-31": "0.00920", "2012-12-31": "0.01210", "2012-09-30": "0.00950", "2012-06-30": "0.00910", "2012-03-31": "0.00910", "2011-12-31": "0.00880", "2011-09-30": "0.01020", "2011-06-30": "0.00940", "2011-03-31": "0.00900", "2010-12-31": "0.00670", "2010-09-30": "0.00790", "2010-06-30": "0.00920", "2010-03-31": "0.00670", "2009-12-31": "0.00270", "2009-09-30": "0.00180", "2009-06-30": "0.00500", "2009-03-31": "0.00060", "2008-12-31": "-0.01750", "2008-09-30": "0.00290", "2008-06-30": "0.00810", "2008-03-31": "0.00840", "2007-12-31": "0.00780", "2007-09-30": "0.01020", "2007-06-30": "0.00970", "2007-03-31": "0.00980", "2006-12-31": "0.00980", "2006-09-30": "0.01070", "2006-06-30": "0.01070", "2006-03-31": "0.00900", "2005-12-31": "0.01050", "2005-09-30": "0.01070", "2005-06-30": "0.01000", "2005-03-31": ""}, "Inventory Turnover Ratio": {"2020-09-30": "", "2020-06-30": "", "2020-03-31": "", "2019-12-31": "", "2019-09-30": "", "2019-06-30": "", "2019-03-31": "", "2018-12-31": "", "2018-09-30": "", "2018-06-30": "", "2018-03-31": "", "2017-12-31": "", "2017-09-30": "", "2017-06-30": "", "2017-03-31": "", "2016-12-31": "", "2016-09-30": "", "2016-06-30": "", "2016-03-31": "", "2015-12-31": "", "2015-09-30": "", "2015-06-30": "", "2015-03-31": "", "2014-12-31": "", "2014-09-30": "", "2014-06-30": "", "2014-03-31": "", "2013-12-31": "", "2013-09-30": "", "2013-06-30": "", "2013-03-31": "", "2012-12-31": "", "2012-09-30": "", "2012-06-30": "", "2012-03-31": "", "2011-12-31": "", "2011-09-30": "", "2011-06-30": "", "2011-03-31": "", "2010-12-31": "", "2010-09-30": "", "2010-06-30": "", "2010-03-31": "", "2009-12-31": "", "2009-09-30": "", "2009-06-30": "", "2009-03-31": "", "2008-12-31": "", "2008-09-30": "", "2008-06-30": "", "2008-03-31": "", "2007-12-31": "", "2007-09-30": "", "2007-06-30": "", "2007-03-31": "", "2006-12-31": "", "2006-09-30": "", "2006-06-30": "", "2006-03-31": "", "2005-12-31": "", "2005-09-30": "", "2005-06-30": "", "2005-03-31": ""}, "Receiveable Turnover": {"2020-09-30": "", "2020-06-30": "", "2020-03-31": "", "2019-12-31": "", "2019-09-30": "", "2019-06-30": "", "2019-03-31": "", "2018-12-31": "", "2018-09-30": "", "2018-06-30": "", "2018-03-31": "", "2017-12-31": "", "2017-09-30": "", "2017-06-30": "", "2017-03-31": "", "2016-12-31": "", "2016-09-30": "", "2016-06-30": "", "2016-03-31": "", "2015-12-31": "", "2015-09-30": "", "2015-06-30": "", "2015-03-31": "", "2014-12-31": "", "2014-09-30": "", "2014-06-30": "", "2014-03-31": "", "2013-12-31": "", "2013-09-30": "", "2013-06-30": "", "2013-03-31": "", "2012-12-31": "", "2012-09-30": "", "2012-06-30": "", "2012-03-31": "", "2011-12-31": "", "2011-09-30": "", "2011-06-30": "", "2011-03-31": "", "2010-12-31": "", "2010-09-30": "", "2010-06-30": "", "2010-03-31": "", "2009-12-31": "", "2009-09-30": "", "2009-06-30": "", "2009-03-31": "", "2008-12-31": "", "2008-09-30": "", "2008-06-30": "", "2008-03-31": "", "2007-12-31": "", "2007-09-30": "", "2007-06-30": "", "2007-03-31": "", "2006-12-31": "", "2006-09-30": "", "2006-06-30": "", "2006-03-31": "", "2005-12-31": "", "2005-09-30": "", "2005-06-30": "", "2005-03-31": ""}, "Days Sales In Receivables": {"2020-09-30": "", "2020-06-30": "", "2020-03-31": "", "2019-12-31": "", "2019-09-30": "", "2019-06-30": "", "2019-03-31": "", "2018-12-31": "", "2018-09-30": "", "2018-06-30": "", "2018-03-31": "", "2017-12-31": "", "2017-09-30": "", "2017-06-30": "", "2017-03-31": "", "2016-12-31": "", "2016-09-30": "", "2016-06-30": "", "2016-03-31": "", "2015-12-31": "", "2015-09-30": "", "2015-06-30": "", "2015-03-31": "", "2014-12-31": "", "2014-09-30": "", "2014-06-30": "", "2014-03-31": "", "2013-12-31": "", "2013-09-30": "", "2013-06-30": "", "2013-03-31": "", "2012-12-31": "", "2012-09-30": "", "2012-06-30": "", "2012-03-31": "", "2011-12-31": "", "2011-09-30": "", "2011-06-30": "", "2011-03-31": "", "2010-12-31": "", "2010-09-30": "", "2010-06-30": "", "2010-03-31": "", "2009-12-31": "", "2009-09-30": "", "2009-06-30": "", "2009-03-31": "", "2008-12-31": "", "2008-09-30": "", "2008-06-30": "", "2008-03-31": "", "2007-12-31": "", "2007-09-30": "", "2007-06-30": "", "2007-03-31": "", "2006-12-31": "", "2006-09-30": "", "2006-06-30": "", "2006-03-31": "", "2005-12-31": "", "2005-09-30": "", "2005-06-30": "", "2005-03-31": ""}, "ROE - Return On Equity": {"2020-09-30": "4.21110", "2020-06-30": "3.00640", "2020-03-31": "2.79910", "2019-12-31": "4.24510", "2019-09-30": "4.35760", "2019-06-30": "4.31160", "2019-03-31": "4.44000", "2018-12-31": "4.55620", "2018-09-30": "4.46570", "2018-06-30": "4.37680", "2018-03-31": "4.39890", "2017-12-31": "4.00710", "2017-09-30": "3.86110", "2017-06-30": "3.88410", "2017-03-31": "3.72490", "2016-12-31": "3.69010", "2016-09-30": "3.61010", "2016-06-30": "3.43020", "2016-03-31": "3.69430", "2015-12-31": "3.67740", "2015-09-30": "3.69150", "2015-06-30": "2.73330", "2015-03-31": "4.11720", "2014-12-31": "4.34310", "2014-09-30": "4.74630", "2014-06-30": "4.41330", "2014-03-31": "4.21050", "2013-12-31": "4.49480", "2013-09-30": "4.17680", "2013-06-30": "5.19970", "2013-03-31": "3.25580", "2012-12-31": "5.45150", "2012-09-30": "2.81880", "2012-06-30": "2.67020", "2012-03-31": "2.24580", "2011-12-31": "1.53260", "2011-09-30": "2.74640", "2011-06-30": "1.38400", "2011-03-31": "1.21530", "2010-12-31": "-2.15510", "2010-09-30": "0.53910", "2010-06-30": "0.45440", "2010-03-31": "0.29500", "2009-12-31": "-5.76110", "2009-09-30": "-4.82570", "2009-06-30": "-2.64020", "2009-03-31": "-28.25880", "2008-12-31": "-38.30980", "2008-09-30": "-19.81860", "2008-06-30": "0.45960", "2008-03-31": "0.83850", "2007-12-31": "0.48710", "2007-09-30": "2.14830", "2007-06-30": "1.52970", "2007-03-31": "2.23040", "2006-12-31": "2.20450", "2006-09-30": "2.94270", "2006-06-30": "2.96290", "2006-03-31": "2.36800", "2005-12-31": "3.45670", "2005-09-30": "3.25240", "2005-06-30": "2.94530", "2005-03-31": ""}, "Return On Tangible Equity": {"2020-09-30": "4.64160", "2020-06-30": "3.32450", "2020-03-31": "3.10700", "2019-12-31": "4.70970", "2019-09-30": "4.85230", "2019-06-30": "4.81560", "2019-03-31": "4.98780", "2018-12-31": "5.14500", "2018-09-30": "5.07680", "2018-06-30": "5.00440", "2018-03-31": "5.06170", "2017-12-31": "4.63180", "2017-09-30": "4.49150", "2017-06-30": "4.55090", "2017-03-31": "4.40000", "2016-12-31": "4.39370", "2016-09-30": "4.31550", "2016-06-30": "4.12980", "2016-03-31": "4.52230", "2015-12-31": "4.55040", "2015-09-30": "4.37110", "2015-06-30": "3.24960", "2015-03-31": "3.93710", "2014-12-31": "4.14450", "2014-09-30": "4.18850", "2014-06-30": "3.87050", "2014-03-31": "3.65650", "2013-12-31": "3.87800", "2013-09-30": "3.58540", "2013-06-30": "4.44140", "2013-03-31": "2.77170", "2012-12-31": "4.62070", "2012-09-30": "2.34690", "2012-06-30": "2.22230", "2012-03-31": "1.86080", "2011-12-31": "1.26420", "2011-09-30": "2.26520", "2011-06-30": "1.15700", "2011-03-31": "1.01430", "2010-12-31": "-1.80460", "2010-09-30": "0.45550", "2010-06-30": "0.37960", "2010-03-31": "0.24720", "2009-12-31": "-4.84360", "2009-09-30": "-4.16360", "2009-06-30": "-2.29910", "2009-03-31": "-22.81520", "2008-12-31": "-35.86850", "2008-09-30": "-29.84560", "2008-06-30": "0.84820", "2008-03-31": "1.63980", "2007-12-31": "0.94200", "2007-09-30": "4.06310", "2007-06-30": "2.81720", "2007-03-31": "4.16420", "2006-12-31": "3.45960", "2006-09-30": "4.69540", "2006-06-30": "4.90410", "2006-03-31": "3.19230", "2005-12-31": "3.53130", "2005-09-30": "3.32530", "2005-06-30": "3.01680", "2005-03-31": ""}, "ROA - Return On Assets": {"2020-09-30": "0.40730", "2020-06-30": "0.29230", "2020-03-31": "0.28800", "2019-12-31": "0.47750", "2019-09-30": "0.48390", "2019-06-30": "0.48560", "2019-03-31": "0.50770", "2018-12-31": "0.51530", "2018-09-30": "0.50110", "2018-06-30": "0.48990", "2018-03-31": "0.48600", "2017-12-31": "0.43950", "2017-09-30": "0.41580", "2017-06-30": "0.42430", "2017-03-31": "0.40470", "2016-12-31": "0.40580", "2016-09-30": "0.39340", "2016-06-30": "0.36830", "2016-03-31": "0.40220", "2015-12-31": "0.41000", "2015-09-30": "0.40030", "2015-06-30": "0.29310", "2015-03-31": "0.35890", "2014-12-31": "0.38120", "2014-09-30": "0.39770", "2014-06-30": "0.35960", "2014-03-31": "0.32560", "2013-12-31": "0.34510", "2013-09-30": "0.32080", "2013-06-30": "0.39840", "2013-03-31": "0.25500", "2012-12-31": "0.44240", "2012-09-30": "0.21210", "2012-06-30": "0.19800", "2012-03-31": "0.16640", "2011-12-31": "0.11100", "2011-09-30": "0.20610", "2011-06-30": "0.10280", "2011-03-31": "0.08920", "2010-12-31": "-0.16400", "2010-09-30": "0.04270", "2010-06-30": "0.03400", "2010-03-31": "0.02160", "2009-12-31": "-0.44840", "2009-09-30": "-0.39370", "2009-06-30": "-0.22930", "2009-03-31": "-1.61510", "2008-12-31": "-2.70580", "2008-09-30": "-1.81120", "2008-06-30": "0.04630", "2008-03-31": "0.07970", "2007-12-31": "0.04870", "2007-09-30": "0.22150", "2007-06-30": "0.16740", "2007-03-31": "0.24120", "2006-12-31": "0.21600", "2006-09-30": "0.28900", "2006-06-30": "0.27960", "2006-03-31": "0.23570", "2005-12-31": "0.29550", "2005-09-30": "0.28230", "2005-06-30": "0.25000", "2005-03-31": ""}, "ROI - Return On Investment": {"2020-09-30": "3.52390", "2020-06-30": "2.50050", "2020-03-31": "2.27080", "2019-12-31": "3.75520", "2019-09-30": "3.84600", "2019-06-30": "3.79610", "2019-03-31": "3.90340", "2018-12-31": "3.43660", "2018-09-30": "3.90250", "2018-06-30": "3.70190", "2018-03-31": "3.41140", "2017-12-31": "2.98160", "2017-09-30": "3.28940", "2017-06-30": "3.28500", "2017-03-31": "3.13980", "2016-12-31": "2.98360", "2016-09-30": "2.99290", "2016-06-30": "2.82850", "2016-03-31": "3.27840", "2015-12-31": "2.99850", "2015-09-30": "2.67210", "2015-06-30": "2.20210", "2015-03-31": "2.95350", "2014-12-31": "2.82260", "2014-09-30": "2.97440", "2014-06-30": "2.69390", "2014-03-31": "2.47870", "2013-12-31": "2.59320", "2013-09-30": "2.27200", "2013-06-30": "2.72170", "2013-03-31": "1.87510", "2012-12-31": "3.40800", "2012-09-30": "1.63920", "2012-06-30": "1.40090", "2012-03-31": "1.30230", "2011-12-31": "0.73970", "2011-09-30": "1.81880", "2011-06-30": "0.91440", "2011-03-31": "0.79590", "2010-12-31": "-1.41440", "2010-09-30": "0.36220", "2010-06-30": "0.33140", "2010-03-31": "0.18890", "2009-12-31": "-3.64610", "2009-09-30": "-3.25710", "2009-06-30": "-1.80540", "2009-03-31": "-16.05850", "2008-12-31": "-11.48050", "2008-09-30": "-16.20160", "2008-06-30": "0.37750", "2008-03-31": "0.67900", "2007-12-31": "0.39170", "2007-09-30": "1.76030", "2007-06-30": "1.26200", "2007-03-31": "1.83440", "2006-12-31": "1.76460", "2006-09-30": "2.43550", "2006-06-30": "2.42270", "2006-03-31": "2.12240", "2005-12-31": "3.06810", "2005-09-30": "2.87870", "2005-06-30": "2.58590", "2005-03-31": ""}, "Book Value Per Share": {"2020-09-30": "31.97670", "2020-06-30": "30.76300", "2020-03-31": "29.65440", "2019-12-31": "29.42480", "2019-09-30": "28.47910", "2019-06-30": "27.50750", "2019-03-31": "26.03890", "2018-12-31": "24.90480", "2018-09-30": "23.50620", "2018-06-30": "22.58950", "2018-03-31": "21.66770", "2017-12-31": "21.13720", "2017-09-30": "20.33910", "2017-06-30": "19.52660", "2017-03-31": "18.67620", "2016-12-31": "18.00240", "2016-09-30": "17.67760", "2016-06-30": "17.09310", "2016-03-31": "16.03810", "2015-12-31": "15.43840", "2015-09-30": "15.48020", "2015-06-30": "14.80820", "2015-03-31": "11.78890", "2014-12-31": "11.28560", "2014-09-30": "11.41870", "2014-06-30": "10.91060", "2014-03-31": "10.22000", "2013-12-31": "9.81230", "2013-09-30": "9.48680", "2013-06-30": "9.19030", "2013-03-31": "8.97230", "2012-12-31": "8.78520", "2012-09-30": "8.36390", "2012-06-30": "8.08250", "2012-03-31": "7.86640", "2011-12-31": "7.73030", "2011-09-30": "7.68580", "2011-06-30": "7.49530", "2011-03-31": "7.31510", "2010-12-31": "7.37330", "2010-09-30": "7.60420", "2010-06-30": "7.85150", "2010-03-31": "7.88400", "2009-12-31": "7.94060", "2009-09-30": "8.31800", "2009-06-30": "8.58200", "2009-03-31": "10.95950", "2008-12-31": "12.83640", "2008-09-30": "12.41270", "2008-06-30": "15.42740", "2008-03-31": "16.34010", "2007-12-31": "16.63020", "2007-09-30": "17.20680", "2007-06-30": "17.24150", "2007-03-31": "17.06250", "2006-12-31": "15.08510", "2006-09-30": "14.57060", "2006-06-30": "13.80840", "2006-03-31": "13.51560", "2005-12-31": "10.70680", "2005-09-30": "10.45290", "2005-06-30": "9.98870", "2005-03-31": ""}, "Operating Cash Flow Per Share": {"2020-09-30": 1.6643, "2020-06-30": 1.6148, "2020-03-31": "1.21940", "2019-12-31": 1.7425, "2019-09-30": 2.0261, "2019-06-30": 1.7428, "2019-03-31": "1.44830", "2018-12-31": 1.3759, "2018-09-30": 1.4117, "2018-06-30": 1.5079, "2018-03-31": "0.83850", "2017-12-31": 1.0722, "2017-09-30": 0.9131, "2017-06-30": 0.831, "2017-03-31": "0.83910", "2016-12-31": 0.6514, "2016-09-30": 0.9385, "2016-06-30": 0.4172, "2016-03-31": "0.69550", "2015-12-31": 0.8906, "2015-09-30": 0.4199, "2015-06-30": 0.1837, "2015-03-31": "0.82060", "2014-12-31": 0.6897, "2014-09-30": 0.5303, "2014-06-30": 0.2341, "2014-03-31": "0.45890", "2013-12-31": 0.4804, "2013-09-30": 0.4269, "2013-06-30": 0.4638, "2013-03-31": "0.53610", "2012-12-31": 0.4181, "2012-09-30": 0.4966, "2012-06-30": 0.5787, "2012-03-31": "0.44300", "2011-12-31": 0.41, "2011-09-30": 0.3393, "2011-06-30": 0.522, "2011-03-31": "0.48370", "2010-12-31": 1.083, "2010-09-30": -0.2364, "2010-06-30": 0.1302, "2010-03-31": "-0.97280", "2009-12-31": -0.0034, "2009-09-30": -0.0395, "2009-06-30": 0.6845, "2009-03-31": "0.62900", "2008-12-31": 0.5955, "2008-09-30": 0.4342, "2008-06-30": 0.2809, "2008-03-31": "1.17020", "2007-12-31": 0.6152, "2007-09-30": 0.4955, "2007-06-30": -0.0056, "2007-03-31": "0.66010", "2006-12-31": 0.7089, "2006-09-30": 0.3562, "2006-06-30": -0.0534, "2006-03-31": "0.53920", "2005-12-31": 0.6671, "2005-09-30": 0.1342, "2005-06-30": 0.1449, "2005-03-31": "0.56970"}, "Free Cash Flow Per Share": {"2020-09-30": 1.6014, "2020-06-30": 1.5807, "2020-03-31": "1.05630", "2019-12-31": 1.5576, "2019-09-30": 1.9716, "2019-06-30": 1.6843, "2019-03-31": "1.41820", "2018-12-31": 1.4368, "2018-09-30": 1.3503, "2018-06-30": 1.4959, "2018-03-31": "0.83300", "2017-12-31": 1.2626, "2017-09-30": 0.8887, "2017-06-30": 0.807, "2017-03-31": "0.81460", "2016-12-31": 0.6388, "2016-09-30": 0.913, "2016-06-30": 0.3836, "2016-03-31": "0.66540", "2015-12-31": 0.8934, "2015-09-30": 0.3469, "2015-06-30": 0.1652, "2015-03-31": "0.79530", "2014-12-31": 0.6506, "2014-09-30": 0.4732, "2014-06-30": 0.1839, "2014-03-31": "0.44620", "2013-12-31": 0.2907, "2013-09-30": 0.4115, "2013-06-30": 0.4597, "2013-03-31": "0.52720", "2012-12-31": 0.8813, "2012-09-30": 0.479, "2012-06-30": 0.5472, "2012-03-31": "0.41980", "2011-12-31": 0.3985, "2011-09-30": 0.3452, "2011-06-30": 0.5382, "2011-03-31": "0.48650", "2010-12-31": 1.0843, "2010-09-30": -0.2454, "2010-06-30": 0.1082, "2010-03-31": "-0.92420", "2009-12-31": 0.0521, "2009-09-30": 0.0482, "2009-06-30": 0.6933, "2009-03-31": "0.56110", "2008-12-31": 0.5814, "2008-09-30": 0.3972, "2008-06-30": 0.2186, "2008-03-31": "1.07550", "2007-12-31": 0.2984, "2007-09-30": 0.1675, "2007-06-30": -0.2007, "2007-03-31": "0.34270", "2006-12-31": 0.4018, "2006-09-30": -0.0697, "2006-06-30": -0.2783, "2006-03-31": "0.25070", "2005-12-31": 0.0707, "2005-09-30": 0.1312, "2005-06-30": -0.2222, "2005-03-31": "0.53220"}}, "revenue": {"Western Alliance Bancorporation Annual Revenue (Millions of US $)": {"2019": "$1,290", "2018": "$1,077", "2017": "$891", "2016": "$743", "2015": "$555", "2014": "$441", "2013": "$385", "2012": "$365", "2011": "$331", "2010": "$329", "2009": "$280", "2008": "$178", "2007": "$328", "2006": "$247", "2005": "$147"}, "Western Alliance Bancorporation Quarterly Revenue (Millions of US $)": {"2020-09-30": "$325", "2020-06-30": "$340", "2020-03-31": "$312", "2019-12-31": "$331", "2019-09-30": "$335", "2019-06-30": "$317", "2019-03-31": "$307", "2018-12-31": "$296", "2018-09-30": "$270", "2018-06-30": "$265", "2018-03-31": "$246", "2017-12-31": "$242", "2017-09-30": "$228", "2017-06-30": "$218", "2017-03-31": "$203", "2016-12-31": "$198", "2016-09-30": "$195", "2016-06-30": "$183", "2016-03-31": "$167", "2015-12-31": "$161", "2015-09-30": "$155", "2015-06-30": "$122", "2015-03-31": "$117", "2014-12-31": "$119", "2014-09-30": "$112", "2014-06-30": "$108", "2014-03-31": "$103", "2013-12-31": "$99", "2013-09-30": "$97", "2013-06-30": "$101", "2013-03-31": "$88", "2012-12-31": "$111", "2012-09-30": "$86", "2012-06-30": "$85", "2012-03-31": "$83", "2011-12-31": "$82", "2011-09-30": "$87", "2011-06-30": "$83", "2011-03-31": "$79", "2010-12-31": "$72", "2010-09-30": "$83", "2010-06-30": "$91", "2010-03-31": "$83", "2009-12-31": "$72", "2009-09-30": "$80", "2009-06-30": "$86", "2009-03-31": "$42", "2008-12-31": "$-38", "2008-09-30": "$54", "2008-06-30": "$80", "2008-03-31": "$82", "2007-12-31": "$88", "2007-09-30": "$88", "2007-06-30": "$79", "2007-03-31": "$73", "2006-12-31": "$68", "2006-09-30": "$69", "2006-06-30": "$64", "2006-03-31": "$46", "2005-12-31": "$42", "2005-09-30": "$39", "2005-06-30": "$35", "2005-03-31": "$31"}}, "gross-profit": {"Western Alliance Bancorporation Annual Gross Profit (Millions of US $)": {"2019": "$1,106", "2018": "$959", "2017": "$830", "2016": "$700", "2015": "$522", "2014": "$410", "2013": "$355", "2012": "$337", "2011": "$292", "2010": "$279", "2009": "$207", "2008": "$78", "2007": "$202", "2006": "$162", "2005": "$114"}, "Western Alliance Bancorporation Quarterly Gross Profit (Millions of US $)": {"2020-09-30": "$305", "2020-06-30": "$320", "2020-03-31": "$274", "2019-12-31": "$288", "2019-09-30": "$286", "2019-06-30": "$269", "2019-03-31": "$263", "2018-12-31": "$257", "2018-09-30": "$238", "2018-06-30": "$238", "2018-03-31": "$226", "2017-12-31": "$225", "2017-09-30": "$212", "2017-06-30": "$203", "2017-03-31": "$190", "2016-12-31": "$186", "2016-09-30": "$183", "2016-06-30": "$172", "2016-03-31": "$159", "2015-12-31": "$153", "2015-09-30": "$146", "2015-06-30": "$114", "2015-03-31": "$109", "2014-12-31": "$111", "2014-09-30": "$104", "2014-06-30": "$99", "2014-03-31": "$95", "2013-12-31": "$91", "2013-09-30": "$89", "2013-06-30": "$94", "2013-03-31": "$81", "2012-12-31": "$104", "2012-09-30": "$79", "2012-06-30": "$78", "2012-03-31": "$76", "2011-12-31": "$74", "2011-09-30": "$78", "2011-06-30": "$73", "2011-03-31": "$68", "2010-12-31": "$60", "2010-09-30": "$72", "2010-06-30": "$78", "2010-03-31": "$69", "2009-12-31": "$56", "2009-09-30": "$62", "2009-06-30": "$66", "2009-03-31": "$23", "2008-12-31": "$-59", "2008-09-30": "$30", "2008-06-30": "$56", "2008-03-31": "$52", "2007-12-31": "$53", "2007-09-30": "$55", "2007-06-30": "$48", "2007-03-31": "$47", "2006-12-31": "$41", "2006-09-30": "$44", "2006-06-30": "$44", "2006-03-31": "$33", "2005-12-31": "$32", "2005-09-30": "$31", "2005-06-30": "$27", "2005-03-31": "$25"}}, "operating-income": {"Western Alliance Bancorporation Annual Operating Income (Millions of US $)": {"2019": "$608", "2018": "$510", "2017": "$452", "2016": "$373", "2015": "$265", "2014": "$192", "2013": "$149", "2012": "$108", "2011": "$76", "2010": "$20", "2009": "$-164", "2008": "$-279", "2007": "$48", "2006": "$61", "2005": "$43"}, "Western Alliance Bancorporation Quarterly Operating Income (Millions of US $)": {"2020-09-30": "$167", "2020-06-30": "$113", "2020-03-31": "$101", "2019-12-31": "$155", "2019-09-30": "$159", "2019-06-30": "$147", "2019-03-31": "$146", "2018-12-31": "$141", "2018-09-30": "$119", "2018-06-30": "$130", "2018-03-31": "$120", "2017-12-31": "$124", "2017-09-30": "$118", "2017-06-30": "$112", "2017-03-31": "$97", "2016-12-31": "$102", "2016-09-30": "$99", "2016-06-30": "$92", "2016-03-31": "$81", "2015-12-31": "$77", "2015-09-30": "$74", "2015-06-30": "$60", "2015-03-31": "$54", "2014-12-31": "$53", "2014-09-30": "$52", "2014-06-30": "$47", "2014-03-31": "$40", "2013-12-31": "$36", "2013-09-30": "$40", "2013-06-30": "$43", "2013-03-31": "$29", "2012-12-31": "$46", "2012-09-30": "$23", "2012-06-30": "$20", "2012-03-31": "$19", "2011-12-31": "$18", "2011-09-30": "$24", "2011-06-30": "$19", "2011-03-31": "$16", "2010-12-31": "$-0", "2010-09-30": "$7", "2010-06-30": "$14", "2010-03-31": "$-1", "2009-12-31": "$-31", "2009-09-30": "$-32", "2009-06-30": "$-18", "2009-03-31": "$-83", "2008-12-31": "$-180", "2008-09-30": "$-105", "2008-06-30": "$3", "2008-03-31": "$6", "2007-12-31": "$2", "2007-09-30": "$16", "2007-06-30": "$13", "2007-03-31": "$17", "2006-12-31": "$14", "2006-09-30": "$18", "2006-06-30": "$17", "2006-03-31": "$13", "2005-12-31": "$13", "2005-09-30": "$12", "2005-06-30": "$10", "2005-03-31": "$8"}}, "ebitda": {"Western Alliance Bancorporation Annual EBITDA (Millions of US $)": {"2019": "$", "2018": "$", "2017": "$", "2016": "$", "2015": "$", "2014": "$", "2013": "$", "2012": "$", "2011": "$", "2010": "$", "2009": "$", "2008": "$", "2007": "$", "2006": "$", "2005": "$"}, "Western Alliance Bancorporation Quarterly EBITDA (Millions of US $)": {"2020-09-30": "", "2020-06-30": "", "2020-03-31": "", "2019-12-31": "", "2019-09-30": "", "2019-06-30": "", "2019-03-31": "", "2018-12-31": "", "2018-09-30": "", "2018-06-30": "", "2018-03-31": "", "2017-12-31": "", "2017-09-30": "", "2017-06-30": "", "2017-03-31": "", "2016-12-31": "", "2016-09-30": "", "2016-06-30": "", "2016-03-31": "", "2015-12-31": "", "2015-09-30": "", "2015-06-30": "", "2015-03-31": "", "2014-12-31": "", "2014-09-30": "", "2014-06-30": "", "2014-03-31": "", "2013-12-31": "", "2013-09-30": "", "2013-06-30": "", "2013-03-31": "", "2012-12-31": "", "2012-09-30": "", "2012-06-30": "", "2012-03-31": "", "2011-12-31": "", "2011-09-30": "", "2011-06-30": "", "2011-03-31": "", "2010-12-31": "", "2010-09-30": "", "2010-06-30": "", "2010-03-31": "", "2009-12-31": "", "2009-09-30": "", "2009-06-30": "", "2009-03-31": "", "2008-12-31": "", "2008-09-30": "", "2008-06-30": "", "2008-03-31": "", "2007-12-31": "", "2007-09-30": "", "2007-06-30": "", "2007-03-31": "", "2006-12-31": "", "2006-09-30": "", "2006-06-30": "", "2006-03-31": "", "2005-12-31": "", "2005-09-30": "", "2005-06-30": "", "2005-03-31": ""}}, "net-income": {"Western Alliance Bancorporation Annual Net Income (Millions of US $)": {"2019": "$499", "2018": "$436", "2017": "$325", "2016": "$260", "2015": "$193", "2014": "$147", "2013": "$114", "2012": "$69", "2011": "$15", "2010": "$-17", "2009": "$-161", "2008": "$-238", "2007": "$33", "2006": "$40", "2005": "$28"}, "Western Alliance Bancorporation Quarterly Net Income (Millions of US $)": {"2020-09-30": "$136", "2020-06-30": "$93", "2020-03-31": "$84", "2019-12-31": "$128", "2019-09-30": "$127", "2019-06-30": "$123", "2019-03-31": "$121", "2018-12-31": "$119", "2018-09-30": "$111", "2018-06-30": "$105", "2018-03-31": "$101", "2017-12-31": "$89", "2017-09-30": "$83", "2017-06-30": "$80", "2017-03-31": "$73", "2016-12-31": "$70", "2016-09-30": "$67", "2016-06-30": "$62", "2016-03-31": "$61", "2015-12-31": "$58", "2015-09-30": "$56", "2015-06-30": "$39", "2015-03-31": "$40", "2014-12-31": "$40", "2014-09-30": "$41", "2014-06-30": "$35", "2014-03-31": "$31", "2013-12-31": "$31", "2013-09-30": "$28", "2013-06-30": "$34", "2013-03-31": "$21", "2012-12-31": "$32", "2012-09-30": "$15", "2012-06-30": "$13", "2012-03-31": "$10", "2011-12-31": "$5", "2011-09-30": "$4", "2011-06-30": "$4", "2011-03-31": "$3", "2010-12-31": "$-13", "2010-09-30": "$-0", "2010-06-30": "$-1", "2010-03-31": "$-2", "2009-12-31": "$-29", "2009-09-30": "$-26", "2009-06-30": "$-17", "2009-03-31": "$-89", "2008-12-31": "$-149", "2008-09-30": "$-95", "2008-06-30": "$2", "2008-03-31": "$4", "2007-12-31": "$2", "2007-09-30": "$11", "2007-06-30": "$8", "2007-03-31": "$11", "2006-12-31": "$9", "2006-09-30": "$12", "2006-06-30": "$11", "2006-03-31": "$8", "2005-12-31": "$8", "2005-09-30": "$8", "2005-06-30": "$7", "2005-03-31": "$5"}}, "eps-earnings-per-share-diluted": {"Western Alliance Bancorporation Annual EPS": {"2019": "$4.84", "2018": "$4.14", "2017": "$3.10", "2016": "$2.50", "2015": "$2.03", "2014": "$1.67", "2013": "$1.31", "2012": "$0.83", "2011": "$0.19", "2010": "$-0.23", "2009": "$-2.74", "2008": "$-7.27", "2007": "$1.06", "2006": "$1.41", "2005": "$1.24"}, "Western Alliance Bancorporation Quarterly EPS": {"2020-09-30": "$1.36", "2020-06-30": "$0.93", "2020-03-31": "$0.83", "2019-12-31": "$1.25", "2019-09-30": "$1.24", "2019-06-30": "$1.19", "2019-03-31": "$1.16", "2018-12-31": "$1.14", "2018-09-30": "$1.05", "2018-06-30": "$0.99", "2018-03-31": "$0.96", "2017-12-31": "$0.85", "2017-09-30": "$0.79", "2017-06-30": "$0.76", "2017-03-31": "$0.70", "2016-12-31": "$0.66", "2016-09-30": "$0.64", "2016-06-30": "$0.60", "2016-03-31": "$0.60", "2015-12-31": "$0.59", "2015-09-30": "$0.55", "2015-06-30": "$0.44", "2015-03-31": "$0.45", "2014-12-31": "$0.46", "2014-09-30": "$0.46", "2014-06-30": "$0.40", "2014-03-31": "$0.35", "2013-12-31": "$0.35", "2013-09-30": "$0.33", "2013-06-30": "$0.39", "2013-03-31": "$0.24", "2012-12-31": "$0.38", "2012-09-30": "$0.18", "2012-06-30": "$0.15", "2012-03-31": "$0.12", "2011-12-31": "$0.07", "2011-09-30": "$0.04", "2011-06-30": "$0.05", "2011-03-31": "$0.03", "2010-12-31": "$-0.17", "2010-09-30": "$-0.01", "2010-06-30": "$-0.02", "2010-03-31": "$-0.03", "2009-12-31": "$0.27", "2009-09-30": "$-0.37", "2009-06-30": "$-0.31", "2009-03-31": "$-2.33", "2008-12-31": "$-4.65", "2008-09-30": "$-2.84", "2008-06-30": "$0.08", "2008-03-31": "$0.14", "2007-12-31": "$0.07", "2007-09-30": "$0.35", "2007-06-30": "$0.25", "2007-03-31": "$0.39", "2006-12-31": "$0.30", "2006-09-30": "$0.40", "2006-06-30": "$0.38", "2006-03-31": "$0.33", "2005-12-31": "$0.34", "2005-09-30": "$0.31", "2005-06-30": "$0.32", "2005-03-31": "$0.27"}}, "shares-outstanding": {"Western Alliance Bancorporation Annual Shares Outstanding (Millions of Shares)": {"2019": "103", "2018": "105", "2017": "105", "2016": "104", "2015": "95", "2014": "88", "2013": "87", "2012": "83", "2011": "81", "2010": "75", "2009": "59", "2008": "33", "2007": "31", "2006": "28", "2005": "23"}, "Western Alliance Bancorporation Quarterly Shares Outstanding (Millions of Shares)": {"2020-09-30": "100", "2020-06-30": "100", "2020-03-31": "102", "2019-12-31": "103", "2019-09-30": "102", "2019-06-30": "104", "2019-03-31": "104", "2018-12-31": "105", "2018-09-30": "105", "2018-06-30": "105", "2018-03-31": "105", "2017-12-31": "105", "2017-09-30": "105", "2017-06-30": "105", "2017-03-31": "105", "2016-12-31": "104", "2016-09-30": "105", "2016-06-30": "103", "2016-03-31": "103", "2015-12-31": "95", "2015-09-30": "102", "2015-06-30": "89", "2015-03-31": "88", "2014-12-31": "88", "2014-09-30": "88", "2014-06-30": "87", "2014-03-31": "87", "2013-12-31": "87", "2013-09-30": "87", "2013-06-30": "87", "2013-03-31": "86", "2012-12-31": "83", "2012-09-30": "82", "2012-06-30": "82", "2012-03-31": "82", "2011-12-31": "81", "2011-09-30": "81", "2011-06-30": "81", "2011-03-31": "81", "2010-12-31": "75", "2010-09-30": "76", "2010-06-30": "72", "2010-03-31": "72", "2009-12-31": "59", "2009-09-30": "72", "2009-06-30": "53", "2009-03-31": "38", "2008-12-31": "33", "2008-09-30": "33", "2008-06-30": "30", "2008-03-31": "31", "2007-12-31": "31", "2007-09-30": "32", "2007-06-30": "32", "2007-03-31": "29", "2006-12-31": "28", "2006-09-30": "29", "2006-06-30": "29", "2006-03-31": "25", "2005-12-31": "23", "2005-09-30": "25", "2005-06-30": "20", "2005-03-31": "20"}}, "total-assets": {"Western Alliance Bancorporation Annual Total Assets (Millions of US $)": {"2019": "$26,822", "2018": "$23,109", "2017": "$20,329", "2016": "$17,201", "2015": "$14,275", "2014": "$10,601", "2013": "$9,307", "2012": "$7,623", "2011": "$6,845", "2010": "$6,194", "2009": "$5,753", "2008": "$5,243", "2007": "$5,016", "2006": "$4,170", "2005": "$2,857"}, "Western Alliance Bancorporation Quarterly Total Assets (Millions of US $)": {"2020-09-30": "$33,336", "2020-06-30": "$31,906", "2020-03-31": "$29,158", "2019-12-31": "$26,822", "2019-09-30": "$26,324", "2019-06-30": "$25,315", "2019-03-31": "$23,793", "2018-12-31": "$23,109", "2018-09-30": "$22,176", "2018-06-30": "$21,367", "2018-03-31": "$20,761", "2017-12-31": "$20,329", "2017-09-30": "$19,922", "2017-06-30": "$18,845", "2017-03-31": "$18,123", "2016-12-31": "$17,201", "2016-09-30": "$17,043", "2016-06-30": "$16,729", "2016-03-31": "$15,248", "2015-12-31": "$14,275", "2015-09-30": "$13,956", "2015-06-30": "$13,470", "2015-03-31": "$11,252", "2014-12-31": "$10,601", "2014-09-30": "$10,289", "2014-06-30": "$10,024", "2014-03-31": "$9,747", "2013-12-31": "$9,307", "2013-09-30": "$8,921", "2013-06-30": "$8,594", "2013-03-31": "$8,174", "2012-12-31": "$7,623", "2012-09-30": "$7,404", "2012-06-30": "$7,164", "2012-03-31": "$6,925", "2011-12-31": "$6,845", "2011-09-30": "$6,546", "2011-06-30": "$6,508", "2011-03-31": "$6,405", "2010-12-31": "$6,194", "2010-09-30": "$6,179", "2010-06-30": "$5,959", "2010-03-31": "$6,096", "2009-12-31": "$5,753", "2009-09-30": "$5,831", "2009-06-30": "$5,702", "2009-03-31": "$5,267", "2008-12-31": "$5,243", "2008-09-30": "$5,229", "2008-06-30": "$5,219", "2008-03-31": "$5,197", "2007-12-31": "$5,016", "2007-09-30": "$5,003", "2007-06-30": "$4,747", "2007-03-31": "$4,728", "2006-12-31": "$4,170", "2006-09-30": "$4,003", "2006-06-30": "$3,890", "2006-03-31": "$3,580", "2005-12-31": "$2,857", "2005-09-30": "$2,745", "2005-06-30": "$2,621", "2005-03-31": "$0"}}, "cash-on-hand": {"Western Alliance Bancorporation Annual Cash on Hand (Millions of US $)": {"2019": "$435", "2018": "$499", "2017": "$417", "2016": "$284", "2015": "$225", "2014": "$165", "2013": "$308", "2012": "$205", "2011": "$162", "2010": "$254", "2009": "$451", "2008": "$140", "2007": "$116", "2006": "$265", "2005": "$174"}, "Western Alliance Bancorporation Quarterly Cash on Hand (Millions of US $)": {"2020-09-30": "$1,419", "2020-06-30": "$1,518", "2020-03-31": "$416", "2019-12-31": "$435", "2019-09-30": "$872", "2019-06-30": "$1,068", "2019-03-31": "$786", "2018-12-31": "$499", "2018-09-30": "$701", "2018-06-30": "$507", "2018-03-31": "$439", "2017-12-31": "$417", "2017-09-30": "$651", "2017-06-30": "$607", "2017-03-31": "$647", "2016-12-31": "$284", "2016-09-30": "$356", "2016-06-30": "$696", "2016-03-31": "$1,037", "2015-12-31": "$225", "2015-09-30": "$326", "2015-06-30": "$759", "2015-03-31": "$493", "2014-12-31": "$165", "2014-09-30": "$259", "2014-06-30": "$381", "2014-03-31": "$467", "2013-12-31": "$308", "2013-09-30": "$513", "2013-06-30": "$385", "2013-03-31": "$557", "2012-12-31": "$205", "2012-09-30": "$314", "2012-06-30": "$183", "2012-03-31": "$185", "2011-12-31": "$162", "2011-09-30": "$320", "2011-06-30": "$558", "2011-03-31": "$393", "2010-12-31": "$254", "2010-09-30": "$618", "2010-06-30": "$566", "2010-03-31": "$843", "2009-12-31": "$451", "2009-09-30": "$813", "2009-06-30": "$738", "2009-03-31": "$228", "2008-12-31": "$140", "2008-09-30": "$173", "2008-06-30": "$181", "2008-03-31": "$192", "2007-12-31": "$116", "2007-09-30": "$167", "2007-06-30": "$196", "2007-03-31": "$296", "2006-12-31": "$265", "2006-09-30": "$207", "2006-06-30": "$224", "2006-03-31": "$363", "2005-12-31": "$174", "2005-09-30": "$295", "2005-06-30": "$305", "2005-03-31": ""}}, "long-term-debt": {"Western Alliance Bancorporation Annual Long Term Debt (Millions of US $)": {"2019": "$394", "2018": "$851", "2017": "$767", "2016": "$448", "2015": "$360", "2014": "$431", "2013": "$383", "2012": "$230", "2011": "$390", "2010": "$116", "2009": "$132", "2008": "$740", "2007": "$667", "2006": "$171", "2005": "$111"}, "Western Alliance Bancorporation Quarterly Long Term Debt (Millions of US $)": {"2020-09-30": "$629", "2020-06-30": "$628", "2020-03-31": "$698", "2019-12-31": "$394", "2019-09-30": "$389", "2019-06-30": "$387", "2019-03-31": "$374", "2018-12-31": "$851", "2018-09-30": "$359", "2018-06-30": "$436", "2018-03-31": "$664", "2017-12-31": "$767", "2017-09-30": "$373", "2017-06-30": "$375", "2017-03-31": "$367", "2016-12-31": "$448", "2016-09-30": "$383", "2016-06-30": "$382", "2016-03-31": "$211", "2015-12-31": "$360", "2015-09-30": "$507", "2015-06-30": "$278", "2015-03-31": "$316", "2014-12-31": "$431", "2014-09-30": "$373", "2014-06-30": "$380", "2014-03-31": "$386", "2013-12-31": "$383", "2013-09-30": "$434", "2013-06-30": "$459", "2013-03-31": "$331", "2012-12-31": "$230", "2012-09-30": "$260", "2012-06-30": "$340", "2012-03-31": "$231", "2011-12-31": "$390", "2011-09-30": "$110", "2011-06-30": "$116", "2011-03-31": "$116", "2010-12-31": "$116", "2010-09-30": "$109", "2010-06-30": "$36", "2010-03-31": "$122", "2009-12-31": "$132", "2009-09-30": "$181", "2009-06-30": "$357", "2009-03-31": "$474", "2008-12-31": "$740", "2008-09-30": "$912", "2008-06-30": "$831", "2008-03-31": "$812", "2007-12-31": "$667", "2007-09-30": "$470", "2007-06-30": "$201", "2007-03-31": "$167", "2006-12-31": "$171", "2006-09-30": "$192", "2006-06-30": "$170", "2006-03-31": "$150", "2005-12-31": "$111", "2005-09-30": "$150", "2005-06-30": "$200", "2005-03-31": ""}}, "total-liabilities": {"Western Alliance Bancorporation Annual Total Liabilities (Millions of US $)": {"2019": "$23,805", "2018": "$20,496", "2017": "$18,099", "2016": "$15,309", "2015": "$12,684", "2014": "$9,600", "2013": "$8,452", "2012": "$6,863", "2011": "$6,208", "2010": "$5,592", "2009": "$5,178", "2008": "$4,747", "2007": "$4,515", "2006": "$3,761", "2005": "$2,613"}, "Western Alliance Bancorporation Quarterly Total Liabilities (Millions of US $)": {"2020-09-30": "$30,111", "2020-06-30": "$28,804", "2020-03-31": "$26,159", "2019-12-31": "$23,805", "2019-09-30": "$23,401", "2019-06-30": "$22,464", "2019-03-31": "$21,072", "2018-12-31": "$20,496", "2018-09-30": "$19,688", "2018-06-30": "$18,976", "2018-03-31": "$18,467", "2017-12-31": "$18,099", "2017-09-30": "$17,777", "2017-06-30": "$16,786", "2017-03-31": "$16,154", "2016-12-31": "$15,309", "2016-09-30": "$15,185", "2016-06-30": "$14,933", "2016-03-31": "$13,588", "2015-12-31": "$12,684", "2015-09-30": "$12,372", "2015-06-30": "$11,955", "2015-03-31": "$10,201", "2014-12-31": "$9,600", "2014-09-30": "$9,286", "2014-06-30": "$9,066", "2014-03-31": "$8,852", "2013-12-31": "$8,452", "2013-09-30": "$8,095", "2013-06-30": "$7,794", "2013-03-31": "$7,393", "2012-12-31": "$6,863", "2012-09-30": "$6,706", "2012-06-30": "$6,491", "2012-03-31": "$6,271", "2011-12-31": "$6,208", "2011-09-30": "$5,914", "2011-06-30": "$5,892", "2011-03-31": "$5,803", "2010-12-31": "$5,592", "2010-09-30": "$5,559", "2010-06-30": "$5,384", "2010-03-31": "$5,520", "2009-12-31": "$5,178", "2009-09-30": "$5,228", "2009-06-30": "$5,080", "2009-03-31": "$4,840", "2008-12-31": "$4,747", "2008-09-30": "$4,751", "2008-06-30": "$4,694", "2008-03-31": "$4,703", "2007-12-31": "$4,515", "2007-09-30": "$4,488", "2007-06-30": "$4,227", "2007-03-31": "$4,216", "2006-12-31": "$3,761", "2006-09-30": "$3,610", "2006-06-30": "$3,523", "2006-03-31": "$3,224", "2005-12-31": "$2,613", "2005-09-30": "$2,507", "2005-06-30": "$2,399", "2005-03-31": ""}}, "total-share-holder-equity": {"Western Alliance Bancorporation Annual Share Holder Equity (Millions of US $)": {"2019": "$3,017", "2018": "$2,614", "2017": "$2,230", "2016": "$1,892", "2015": "$1,592", "2014": "$1,001", "2013": "$855", "2012": "$760", "2011": "$637", "2010": "$602", "2009": "$576", "2008": "$495", "2007": "$502", "2006": "$409", "2005": "$244"}, "Western Alliance Bancorporation Quarterly Share Holder Equity (Millions of US $)": {"2020-09-30": "$3,224", "2020-06-30": "$3,102", "2020-03-31": "$3,000", "2019-12-31": "$3,017", "2019-09-30": "$2,923", "2019-06-30": "$2,851", "2019-03-31": "$2,721", "2018-12-31": "$2,614", "2018-09-30": "$2,488", "2018-06-30": "$2,392", "2018-03-31": "$2,294", "2017-12-31": "$2,230", "2017-09-30": "$2,146", "2017-06-30": "$2,059", "2017-03-31": "$1,969", "2016-12-31": "$1,892", "2016-09-30": "$1,857", "2016-06-30": "$1,796", "2016-03-31": "$1,660", "2015-12-31": "$1,592", "2015-09-30": "$1,584", "2015-06-30": "$1,515", "2015-03-31": "$1,051", "2014-12-31": "$1,001", "2014-09-30": "$1,003", "2014-06-30": "$958", "2014-03-31": "$895", "2013-12-31": "$855", "2013-09-30": "$826", "2013-06-30": "$800", "2013-03-31": "$781", "2012-12-31": "$760", "2012-09-30": "$698", "2012-06-30": "$672", "2012-03-31": "$654", "2011-12-31": "$637", "2011-09-30": "$632", "2011-06-30": "$616", "2011-03-31": "$602", "2010-12-31": "$602", "2010-09-30": "$620", "2010-06-30": "$576", "2010-03-31": "$576", "2009-12-31": "$576", "2009-09-30": "$603", "2009-06-30": "$622", "2009-03-31": "$427", "2008-12-31": "$495", "2008-09-30": "$478", "2008-06-30": "$525", "2008-03-31": "$494", "2007-12-31": "$502", "2007-09-30": "$516", "2007-06-30": "$519", "2007-03-31": "$511", "2006-12-31": "$409", "2006-09-30": "$393", "2006-06-30": "$367", "2006-03-31": "$356", "2005-12-31": "$244", "2005-09-30": "$238", "2005-06-30": "$222", "2005-03-31": ""}}, "profit-margins": {"current": "38.01%"}, "gross margin": {"2020-09-30": "90.75%", "2020-06-30": "88.62%", "2020-03-31": "86.25%", "2019-12-31": "85.74%", "2019-09-30": "85.66%", "2019-06-30": "86.30%", "2019-03-31": "87.52%", "2018-12-31": "89.04%", "2018-09-30": "90.62%", "2018-06-30": "91.85%", "2018-03-31": "92.72%", "2017-12-31": "93.15%", "2017-09-30": "93.39%", "2017-06-30": "93.61%", "2017-03-31": "93.84%", "2016-12-31": "94.21%", "2016-09-30": "94.48%", "2016-06-30": "94.59%", "2016-03-31": "94.55%", "2015-12-31": "94.05%", "2015-09-30": "93.57%", "2015-06-30": "93.19%", "2015-03-31": "92.76%", "2014-12-31": "92.53%", "2014-09-30": "92.18%", "2014-06-30": "91.89%", "2014-03-31": "92.25%", "2013-12-31": "92.21%", "2013-09-30": "92.70%", "2013-06-30": "92.75%", "2013-03-31": "92.43%", "2012-12-31": "92.33%", "2012-09-30": "91.37%", "2012-06-30": "90.80%", "2012-03-31": "89.85%", "2011-12-31": "88.52%", "2011-09-30": "86.92%", "2011-06-30": "86.12%", "2011-03-31": "85.54%", "2010-12-31": "84.80%", "2010-09-30": "83.59%", "2010-06-30": "81.29%", "2010-03-31": "78.82%", "2009-12-31": "73.93%", "2009-09-30": "54.12%", "2009-06-30": "41.67%", "2009-03-31": "36.23%", "2008-12-31": "44.38%", "2008-09-30": "62.83%", "2008-06-30": "63.91%", "2008-03-31": "61.72%", "2007-12-31": "61.89%", "2007-09-30": "62.01%", "2007-06-30": "62.28%", "2007-03-31": "64.23%", "2006-12-31": "65.59%", "2006-09-30": "69.23%", "2006-06-30": "73.30%", "2006-03-31": "75.93%", "2005-12-31": "78.23%"}, "operating margin": {"2020-09-30": "40.98%", "2020-06-30": "40.06%", "2020-03-31": "43.40%", "2019-12-31": "47.05%", "2019-09-30": "47.25%", "2019-06-30": "46.47%", "2019-03-31": "47.10%", "2018-12-31": "47.35%", "2018-09-30": "48.19%", "2018-06-30": "50.15%", "2018-03-31": "50.75%", "2017-12-31": "50.62%", "2017-09-30": "50.65%", "2017-06-30": "50.37%", "2017-03-31": "50.06%", "2016-12-31": "50.34%", "2016-09-30": "49.43%", "2016-06-30": "48.65%", "2016-03-31": "48.26%", "2015-12-31": "47.75%", "2015-09-30": "46.98%", "2015-06-30": "46.60%", "2015-03-31": "45.18%", "2014-12-31": "43.44%", "2014-09-30": "41.47%", "2014-06-30": "40.05%", "2014-03-31": "39.75%", "2013-12-31": "38.44%", "2013-09-30": "39.80%", "2013-06-30": "36.53%", "2013-03-31": "31.89%", "2012-12-31": "29.59%", "2012-09-30": "23.81%", "2012-06-30": "24.04%", "2012-03-31": "23.88%", "2011-12-31": "23.26%", "2011-09-30": "18.38%", "2011-06-30": "13.25%", "2011-03-31": "11.38%", "2010-12-31": "6.08%", "2010-09-30": "-3.34%", "2010-06-30": "-15.34%", "2010-03-31": "-25.55%", "2009-12-31": "-58.57%", "2009-09-30": "-184.12%", "2009-06-30": "-268.06%", "2009-03-31": "-264.49%", "2008-12-31": "-155.06%", "2008-09-30": "-30.92%", "2008-06-30": "7.99%", "2008-03-31": "10.98%", "2007-12-31": "14.63%", "2007-09-30": "19.48%", "2007-06-30": "21.45%", "2007-03-31": "24.09%", "2006-12-31": "25.10%", "2006-09-30": "27.60%", "2006-06-30": "28.80%", "2006-03-31": "29.63%", "2005-12-31": "29.25%"}, "ebitda margin": {"2020-09-30": "0.00%", "2020-06-30": "0.00%", "2020-03-31": "0.00%", "2019-12-31": "0.00%", "2019-09-30": "0.00%", "2019-06-30": "0.00%", "2019-03-31": "0.00%", "2018-12-31": "0.00%", "2018-09-30": "0.00%", "2018-06-30": "0.00%", "2018-03-31": "0.00%", "2017-12-31": "0.00%", "2017-09-30": "0.00%", "2017-06-30": "0.00%", "2017-03-31": "0.00%", "2016-12-31": "0.00%", "2016-09-30": "0.00%", "2016-06-30": "0.00%", "2016-03-31": "0.00%", "2015-12-31": "0.00%", "2015-09-30": "0.00%", "2015-06-30": "0.00%", "2015-03-31": "0.00%", "2014-12-31": "0.00%", "2014-09-30": "0.00%", "2014-06-30": "0.00%", "2014-03-31": "0.00%", "2013-12-31": "0.00%", "2013-09-30": "0.00%", "2013-06-30": "0.00%", "2013-03-31": "0.00%", "2012-12-31": "0.00%", "2012-09-30": "0.00%", "2012-06-30": "0.00%", "2012-03-31": "0.00%", "2011-12-31": "0.00%", "2011-09-30": "0.00%", "2011-06-30": "0.00%", "2011-03-31": "0.00%", "2010-12-31": "0.00%", "2010-09-30": "0.00%", "2010-06-30": "0.00%", "2010-03-31": "0.00%", "2009-12-31": "0.00%", "2009-09-30": "0.00%", "2009-06-30": "0.00%", "2009-03-31": "0.00%", "2008-12-31": "0.00%", "2008-09-30": "0.00%", "2008-06-30": "0.00%", "2008-03-31": "0.00%", "2007-12-31": "0.00%", "2007-09-30": "0.00%", "2007-06-30": "0.00%", "2007-03-31": "0.00%", "2006-12-31": "0.00%", "2006-09-30": "0.00%", "2006-06-30": "0.00%", "2006-03-31": "0.00%", "2005-12-31": "0.00%"}, "pre tax profit margin": {"2020-09-30": "40.98%", "2020-06-30": "39.83%", "2020-03-31": "43.24%", "2019-12-31": "46.82%", "2019-09-30": "47.01%", "2019-06-30": "46.47%", "2019-03-31": "47.01%", "2018-12-31": "47.45%", "2018-09-30": "48.39%", "2018-06-30": "50.36%", "2018-03-31": "50.96%", "2017-12-31": "50.73%", "2017-09-30": "50.06%", "2017-06-30": "49.39%", "2017-03-31": "48.52%", "2016-12-31": "48.59%", "2016-09-30": "48.58%", "2016-06-30": "48.05%", "2016-03-31": "47.11%", "2015-12-31": "46.67%", "2015-09-30": "46.00%", "2015-06-30": "46.17%", "2015-03-31": "46.27%", "2014-12-31": "44.80%", "2014-09-30": "42.42%", "2014-06-30": "40.29%", "2014-03-31": "39.75%", "2013-12-31": "37.92%", "2013-09-30": "38.54%", "2013-06-30": "35.23%", "2013-03-31": "30.54%", "2012-12-31": "27.40%", "2012-09-30": "19.94%", "2012-06-30": "19.58%", "2012-03-31": "17.01%", "2011-12-31": "15.41%", "2011-09-30": "8.10%", "2011-06-30": "2.52%", "2011-03-31": "0.00%", "2010-12-31": "-3.04%", "2010-09-30": "-9.42%", "2010-06-30": "-22.70%", "2010-03-31": "-30.22%", "2009-12-31": "-66.07%", "2009-09-30": "-195.88%", "2009-06-30": "-276.39%", "2009-03-31": "-271.01%", "2008-12-31": "-157.30%", "2008-09-30": "-30.59%", "2008-06-30": "8.28%", "2008-03-31": "10.98%", "2007-12-31": "14.63%", "2007-09-30": "19.16%", "2007-06-30": "21.11%", "2007-03-31": "24.09%", "2006-12-31": "25.10%", "2006-09-30": "27.60%", "2006-06-30": "28.80%", "2006-03-31": "29.63%", "2005-12-31": "29.25%"}, "net profit margin": {"2020-09-30": "33.72%", "2020-06-30": "32.78%", "2020-03-31": "35.68%", "2019-12-31": "38.68%", "2019-09-30": "39.04%", "2019-06-30": "39.83%", "2019-03-31": "40.07%", "2018-12-31": "40.48%", "2018-09-30": "39.69%", "2018-06-30": "38.53%", "2018-03-31": "37.79%", "2017-12-31": "36.48%", "2017-09-30": "36.13%", "2017-06-30": "35.63%", "2017-03-31": "34.92%", "2016-12-31": "34.99%", "2016-09-30": "35.13%", "2016-06-30": "35.59%", "2016-03-31": "35.37%", "2015-12-31": "34.77%", "2015-09-30": "34.11%", "2015-06-30": "34.04%", "2015-03-31": "34.21%", "2014-12-31": "33.26%", "2014-09-30": "32.70%", "2014-06-30": "30.71%", "2014-03-31": "31.00%", "2013-12-31": "29.61%", "2013-09-30": "28.97%", "2013-06-30": "26.42%", "2013-03-31": "21.89%", "2012-12-31": "19.18%", "2012-09-30": "12.80%", "2012-06-30": "9.50%", "2012-03-31": "6.87%", "2011-12-31": "4.83%", "2011-09-30": "-0.62%", "2011-06-30": "-1.89%", "2011-03-31": "-3.38%", "2010-12-31": "-4.86%", "2010-09-30": "-9.73%", "2010-06-30": "-17.79%", "2010-03-31": "-23.05%", "2009-12-31": "-57.50%", "2009-09-30": "-165.29%", "2009-06-30": "-243.06%", "2009-03-31": "-239.86%", "2008-12-31": "-133.71%", "2008-09-30": "-28.62%", "2008-06-30": "5.62%", "2008-03-31": "7.42%", "2007-12-31": "9.76%", "2007-09-30": "12.66%", "2007-06-30": "13.84%", "2007-03-31": "15.69%", "2006-12-31": "16.19%", "2006-09-30": "17.65%", "2006-06-30": "18.32%", "2006-03-31": "19.14%", "2005-12-31": "19.05%"}, "pe ratio": {"current": "14.63", "2021-02-05": "16.90", "2020-09-30": "7.20", "2020-06-30": "8.81", "2020-03-31": "6.65", "2019-12-31": "11.49", "2019-09-30": "9.48", "2019-06-30": "9.53", "2019-03-31": "9.15", "2018-12-31": "9.23", "2018-09-30": "14.27", "2018-06-30": "15.23", "2018-03-31": "16.70", "2017-12-31": "17.64", "2017-09-30": "17.55", "2017-06-30": "17.15", "2017-03-31": "18.16", "2016-12-31": "18.74", "2016-09-30": "15.04", "2016-06-30": "13.42", "2016-03-31": "15.06", "2015-12-31": "17.40", "2015-09-30": "15.77", "2015-06-30": "18.52", "2015-03-31": "16.17", "2014-12-31": "16.07", "2014-09-30": "14.70", "2014-06-30": "16.07", "2014-03-31": "16.73", "2013-12-31": "17.59", "2013-09-30": "13.85", "2013-06-30": "12.95", "2013-03-31": "14.22", "2012-12-31": "12.40", "2012-09-30": "18.94", "2012-06-30": "23.78", "2012-03-31": "29.21", "2011-12-31": "31.66", "2011-09-30": "0.00", "2011-06-30": "0.00", "2011-03-31": "0.00", "2010-12-31": "0.00", "2010-09-30": "0.00", "2010-06-30": "0.00", "2010-03-31": "0.00", "2009-12-31": "0.00", "2009-09-30": "0.00", "2009-06-30": "0.00", "2009-03-31": "0.00", "2008-12-31": "0.00", "2008-09-30": "0.00", "2008-06-30": "11.53", "2008-03-31": "15.14", "2007-12-31": "16.94", "2007-09-30": "17.51", "2007-06-30": "21.35", "2007-03-31": "20.11", "2006-12-31": "23.48"}, "price sales": {"2021-02-05": "5.71", "2020-09-30": "2.43", "2020-06-30": "2.89", "2020-03-31": "2.38", "2019-12-31": "4.46", "2019-09-30": "3.71", "2019-06-30": "3.80", "2019-03-31": "3.67", "2018-12-31": "3.73", "2018-09-30": "5.65", "2018-06-30": "5.86", "2018-03-31": "6.31", "2017-12-31": "6.44", "2017-09-30": "6.34", "2017-06-30": "6.10", "2017-03-31": "6.34", "2016-12-31": "6.56", "2016-09-30": "5.21", "2016-06-30": "4.77", "2016-03-31": "5.18", "2015-12-31": "5.85", "2015-09-30": "5.31", "2015-06-30": "6.11", "2015-03-31": "5.52", "2014-12-31": "5.32", "2014-09-30": "4.77", "2014-06-30": "4.91", "2014-03-31": "5.15", "2013-12-31": "5.18", "2013-09-30": "3.94", "2013-06-30": "3.35", "2013-03-31": "3.01", "2012-12-31": "2.30", "2012-09-30": "2.40", "2012-06-30": "2.19", "2012-03-31": "1.98", "2011-12-31": "1.47", "2011-09-30": "1.31", "2011-06-30": "1.69", "2011-03-31": "1.85", "2010-12-31": "1.59", "2010-09-30": "1.37", "2010-06-30": "1.45", "2010-03-31": "1.07", "2009-12-31": "0.72", "2009-09-30": "2.26", "2009-06-30": "2.07", "2009-03-31": "1.04", "2008-12-31": "1.68", "2008-09-30": "1.53", "2008-06-30": "0.68", "2008-03-31": "1.15", "2007-12-31": "1.71", "2007-09-30": "2.23", "2007-06-30": "2.95", "2007-03-31": "3.16", "2006-12-31": "3.82"}, "price book": {"current": "2.31", "2021-02-05": "2.31", "2020-09-30": "0.98", "2020-06-30": "1.22", "2020-03-31": "1.01", "2019-12-31": "1.89", "2019-09-30": "1.57", "2019-06-30": "1.57", "2019-03-31": "1.52", "2018-12-31": "1.53", "2018-09-30": "2.34", "2018-06-30": "2.42", "2018-03-31": "2.59", "2017-12-31": "2.59", "2017-09-30": "2.52", "2017-06-30": "2.43", "2017-03-31": "2.54", "2016-12-31": "2.61", "2016-09-30": "2.05", "2016-06-30": "1.84", "2016-03-31": "2.01", "2015-12-31": "2.24", "2015-09-30": "1.92", "2015-06-30": "2.20", "2015-03-31": "2.43", "2014-12-31": "2.38", "2014-09-30": "2.02", "2014-06-30": "2.11", "2014-03-31": "2.32", "2013-12-31": "2.35", "2013-09-30": "1.93", "2013-06-30": "1.66", "2013-03-31": "1.49", "2012-12-31": "1.16", "2012-09-30": "1.18", "2012-06-30": "1.12", "2012-03-31": "1.04", "2011-12-31": "0.78", "2011-09-30": "0.69", "2011-06-30": "0.91", "2011-03-31": "1.09", "2010-12-31": "0.96", "2010-09-30": "0.85", "2010-06-30": "0.88", "2010-03-31": "0.70", "2009-12-31": "0.46", "2009-09-30": "0.73", "2009-06-30": "0.77", "2009-03-31": "0.40", "2008-12-31": "0.76", "2008-09-30": "1.20", "2008-06-30": "0.49", "2008-03-31": "0.76", "2007-12-31": "1.09", "2007-09-30": "1.32", "2007-06-30": "1.67", "2007-03-31": "1.76", "2006-12-31": "2.23", "2006-09-30": "2.18", "2006-06-30": "2.43", "2006-03-31": "2.65"}, "price fcf": {"2021-02-05": "", "2020-09-30": "$5.80", "2020-06-30": "$6.17", "2020-03-31": "$6.27", "2019-12-31": "$6.63", "2019-09-30": "$6.51", "2019-06-30": "$5.89", "2019-03-31": "$5.70", "2018-12-31": "$5.12", "2018-09-30": "$4.94", "2018-06-30": "$4.48", "2018-03-31": "$3.79", "2017-12-31": "$3.77", "2017-09-30": "$3.15", "2017-06-30": "$3.17", "2017-03-31": "$2.75", "2016-12-31": "$2.60", "2016-09-30": "$2.86", "2016-06-30": "$2.29", "2016-03-31": "$2.07", "2015-12-31": "$2.20", "2015-09-30": "$1.96", "2015-06-30": "$2.08", "2015-03-31": "$2.10", "2014-12-31": "$1.75", "2014-09-30": "$1.39", "2014-06-30": "$1.33", "2014-03-31": "$1.61", "2013-12-31": "$1.69", "2013-09-30": "$2.28", "2013-06-30": "$2.35", "2013-03-31": "$2.43", "2012-12-31": "$2.33", "2012-09-30": "$1.84", "2012-06-30": "$1.71", "2012-03-31": "$1.70", "2011-12-31": "$1.77", "2011-09-30": "$2.45", "2011-06-30": "$1.86", "2011-03-31": "$1.43", "2010-12-31": "$0.02", "2010-09-30": "$-1.01", "2010-06-30": "$-0.72", "2010-03-31": "$-0.13", "2009-12-31": "$1.35", "2009-09-30": "$1.88", "2009-06-30": "$2.23", "2009-03-31": "$1.76", "2008-12-31": "$2.27", "2008-09-30": "$1.99", "2008-06-30": "$1.76", "2008-03-31": "$1.34", "2007-12-31": "$0.61", "2007-09-30": "$0.71", "2007-06-30": "$0.47", "2007-03-31": "$0.40", "2006-12-31": "$0.30"}, "net worth": {"value": "$7.45B"}, "current ratio": {"2020-09-30": "0.94", "2020-06-30": "0.95", "2020-03-31": "0.94", "2019-12-31": "0.94", "2019-09-30": "0.93", "2019-06-30": "0.94", "2019-03-31": "0.93", "2018-12-31": "0.94", "2018-09-30": "0.91", "2018-06-30": "0.91", "2018-03-31": "0.91", "2017-12-31": "0.90", "2017-09-30": "0.89", "2017-06-30": "0.90", "2017-03-31": "0.92", "2016-12-31": "0.92", "2016-09-30": "0.92", "2016-06-30": "0.95", "2016-03-31": "0.93", "2015-12-31": "0.93", "2015-09-30": "0.94", "2015-06-30": "0.96", "2015-03-31": "0.95", "2014-12-31": "0.94", "2014-09-30": "0.92", "2014-06-30": "0.92", "2014-03-31": "0.90", "2013-12-31": "0.89", "2013-09-30": "0.93", "2013-06-30": "0.93", "2013-03-31": "0.91", "2012-12-31": "0.89", "2012-09-30": "0.87", "2012-06-30": "0.86", "2012-03-31": "0.83", "2011-12-31": "0.84", "2011-09-30": "0.82", "2011-06-30": "0.85", "2011-03-31": "0.81", "2010-12-31": "0.81", "2010-09-30": "0.87", "2010-06-30": "0.86", "2010-03-31": "0.89", "2009-12-31": "0.89", "2009-09-30": "0.93", "2009-06-30": "1.00", "2009-03-31": "0.98", "2008-12-31": "1.06", "2008-09-30": "1.06", "2008-06-30": "1.04", "2008-03-31": "1.00", "2007-12-31": "0.97", "2007-09-30": "0.92", "2007-06-30": "0.89", "2007-03-31": "0.89", "2006-12-31": "0.91", "2006-09-30": "0.91", "2006-06-30": "0.89", "2006-03-31": "0.88", "2005-12-31": "0.78", "2005-09-30": "0.81", "2005-06-30": "0.80", "2005-03-31": "0.00"}, "quick ratio": {"2020-09-30": "0.00", "2020-06-30": "0.00", "2020-03-31": "0.00", "2019-12-31": "0.00", "2019-09-30": "0.00", "2019-06-30": "0.00", "2019-03-31": "0.00", "2018-12-31": "0.00", "2018-09-30": "0.00", "2018-06-30": "0.00", "2018-03-31": "0.00", "2017-12-31": "0.00", "2017-09-30": "0.00", "2017-06-30": "0.00", "2017-03-31": "0.00", "2016-12-31": "0.00", "2016-09-30": "0.00", "2016-06-30": "0.00", "2016-03-31": "0.00", "2015-12-31": "0.00", "2015-09-30": "0.00", "2015-06-30": "0.00", "2015-03-31": "0.00", "2014-12-31": "0.00", "2014-09-30": "0.00", "2014-06-30": "0.00", "2014-03-31": "0.00", "2013-12-31": "0.00", "2013-09-30": "0.00", "2013-06-30": "0.00", "2013-03-31": "0.00", "2012-12-31": "0.00", "2012-09-30": "0.00", "2012-06-30": "0.00", "2012-03-31": "0.00", "2011-12-31": "0.00", "2011-09-30": "0.00", "2011-06-30": "0.00", "2011-03-31": "0.00", "2010-12-31": "0.00", "2010-09-30": "0.00", "2010-06-30": "0.00", "2010-03-31": "0.00", "2009-12-31": "0.00", "2009-09-30": "0.00", "2009-06-30": "0.00", "2009-03-31": "0.00", "2008-12-31": "0.00", "2008-09-30": "0.00", "2008-06-30": "0.00", "2008-03-31": "0.00", "2007-12-31": "0.00", "2007-09-30": "0.00", "2007-06-30": "0.00", "2007-03-31": "0.00", "2006-12-31": "0.00", "2006-09-30": "0.00", "2006-06-30": "0.00", "2006-03-31": "0.00", "2005-12-31": "0.00", "2005-09-30": "0.00", "2005-06-30": "0.00", "2005-03-31": "0.00"}, "debt equity ratio": {"current": "0.20", "2020-09-30": "9.34", "2020-06-30": "9.28", "2020-03-31": "8.72", "2019-12-31": "7.89", "2019-09-30": "8.01", "2019-06-30": "7.88", "2019-03-31": "7.75", "2018-12-31": "7.84", "2018-09-30": "7.91", "2018-06-30": "7.93", "2018-03-31": "8.05", "2017-12-31": "8.12", "2017-09-30": "8.29", "2017-06-30": "8.15", "2017-03-31": "8.20", "2016-12-31": "8.09", "2016-09-30": "8.18", "2016-06-30": "8.31", "2016-03-31": "8.19", "2015-12-31": "7.97", "2015-09-30": "7.81", "2015-06-30": "7.89", "2015-03-31": "9.70", "2014-12-31": "9.59", "2014-09-30": "9.26", "2014-06-30": "9.47", "2014-03-31": "9.89", "2013-12-31": "9.88", "2013-09-30": "9.80", "2013-06-30": "9.75", "2013-03-31": "9.46", "2012-12-31": "9.04", "2012-09-30": "9.61", "2012-06-30": "9.66", "2012-03-31": "9.59", "2011-12-31": "9.75", "2011-09-30": "9.35", "2011-06-30": "9.57", "2011-03-31": "9.65", "2010-12-31": "9.29", "2010-09-30": "8.97", "2010-06-30": "9.35", "2010-03-31": "9.59", "2009-12-31": "8.99", "2009-09-30": "8.67", "2009-06-30": "8.17", "2009-03-31": "11.34", "2008-12-31": "9.58", "2008-09-30": "9.94", "2008-06-30": "8.93", "2008-03-31": "9.52", "2007-12-31": "9.00", "2007-09-30": "8.70", "2007-06-30": "8.14", "2007-03-31": "8.25", "2006-12-31": "9.21", "2006-09-30": "9.18", "2006-06-30": "9.60", "2006-03-31": "9.05", "2005-12-31": "10.70", "2005-09-30": "10.52", "2005-06-30": "10.78", "2005-03-31": "0.00"}, "return on equity": {"2020-09-30": "14.29%", "2020-06-30": "14.35%", "2020-03-31": "15.67%", "2019-12-31": "17.34%", "2019-09-30": "17.64%", "2019-06-30": "17.76%", "2019-03-31": "17.86%", "2018-12-31": "17.82%", "2018-09-30": "17.27%", "2018-06-30": "16.69%", "2018-03-31": "16.18%", "2017-12-31": "15.47%", "2017-09-30": "15.17%", "2017-06-30": "14.92%", "2017-03-31": "14.48%", "2016-12-31": "14.43%", "2016-09-30": "14.37%", "2016-06-30": "14.29%", "2016-03-31": "13.48%", "2015-12-31": "13.44%", "2015-09-30": "13.59%", "2015-06-30": "14.00%", "2015-03-31": "15.55%", "2014-12-31": "15.25%", "2014-09-30": "14.87%", "2014-06-30": "14.15%", "2014-03-31": "14.69%", "2013-12-31": "13.98%", "2013-09-30": "14.52%", "2013-06-30": "13.43%", "2013-03-31": "11.13%", "2012-12-31": "10.06%", "2012-09-30": "6.46%", "2012-06-30": "4.93%", "2012-03-31": "3.62%", "2011-12-31": "2.57%", "2011-09-30": "-0.33%", "2011-06-30": "-0.98%", "2011-03-31": "-1.83%", "2010-12-31": "-2.70%", "2010-09-30": "-5.45%", "2010-06-30": "-9.95%", "2010-03-31": "-12.45%", "2009-12-31": "-28.90%", "2009-09-30": "-52.35%", "2009-06-30": "-69.24%", "2009-03-31": "-68.78%", "2008-12-31": "-47.79%", "2008-09-30": "-17.41%", "2008-06-30": "3.73%", "2008-03-31": "4.92%", "2007-12-31": "6.25%", "2007-09-30": "7.98%", "2007-06-30": "8.73%", "2007-03-31": "10.24%", "2006-12-31": "10.49%", "2006-09-30": "11.47%", "2006-06-30": "11.62%", "2006-03-31": "11.70%", "2005-12-31": "15.91%"}, "return on assets": {"2020-09-30": "1.46%", "2020-06-30": "1.51%", "2020-03-31": "1.72%", "2019-12-31": "1.95%", "2019-09-30": "1.99%", "2019-06-30": "2.01%", "2019-03-31": "2.02%", "2018-12-31": "2.00%", "2018-09-30": "1.92%", "2018-06-30": "1.84%", "2018-03-31": "1.77%", "2017-12-31": "1.68%", "2017-09-30": "1.65%", "2017-06-30": "1.63%", "2017-03-31": "1.57%", "2016-12-31": "1.57%", "2016-09-30": "1.57%", "2016-06-30": "1.57%", "2016-03-31": "1.50%", "2015-12-31": "1.46%", "2015-09-30": "1.42%", "2015-06-30": "1.40%", "2015-03-31": "1.48%", "2014-12-31": "1.45%", "2014-09-30": "1.40%", "2014-06-30": "1.32%", "2014-03-31": "1.36%", "2013-12-31": "1.30%", "2013-09-30": "1.38%", "2013-06-30": "1.28%", "2013-03-31": "1.07%", "2012-12-31": "0.96%", "2012-09-30": "0.61%", "2012-06-30": "0.47%", "2012-03-31": "0.34%", "2011-12-31": "0.24%", "2011-09-30": "-0.03%", "2011-06-30": "-0.09%", "2011-03-31": "-0.18%", "2010-12-31": "-0.26%", "2010-09-30": "-0.53%", "2010-06-30": "-0.98%", "2010-03-31": "-1.27%", "2009-12-31": "-2.86%", "2009-09-30": "-5.10%", "2009-06-30": "-6.53%", "2009-03-31": "-6.32%", "2008-12-31": "-4.56%", "2008-09-30": "-1.68%", "2008-06-30": "0.37%", "2008-03-31": "0.50%", "2007-12-31": "0.66%", "2007-09-30": "0.84%", "2007-06-30": "0.91%", "2007-03-31": "1.02%", "2006-12-31": "1.02%", "2006-09-30": "1.09%", "2006-06-30": "1.07%", "2006-03-31": "1.05%", "2005-12-31": "1.36%"}, "return on investments": {"2020-09-30": "14.59%", "2020-06-30": "14.93%", "2020-03-31": "16.46%", "2019-12-31": "18.60%", "2019-09-30": "18.09%", "2019-06-30": "17.49%", "2019-03-31": "17.52%", "2018-12-31": "16.86%", "2018-09-30": "16.96%", "2018-06-30": "17.41%", "2018-03-31": "17.38%", "2017-12-31": "17.54%", "2017-09-30": "17.82%", "2017-06-30": "17.54%", "2017-03-31": "17.16%", "2016-12-31": "17.34%", "2016-09-30": "16.94%", "2016-06-30": "16.02%", "2016-03-31": "15.16%", "2015-12-31": "14.72%", "2015-09-30": "14.42%", "2015-06-30": "14.68%", "2015-03-31": "14.95%", "2014-12-31": "14.15%", "2014-09-30": "13.38%", "2014-06-30": "12.74%", "2014-03-31": "12.63%", "2013-12-31": "12.16%", "2013-09-30": "13.68%", "2013-06-30": "13.06%", "2013-03-31": "11.59%", "2012-12-31": "11.24%", "2012-09-30": "8.24%", "2012-06-30": "8.84%", "2012-03-31": "9.45%", "2011-12-31": "9.57%", "2011-09-30": "8.11%", "2011-06-30": "5.80%", "2011-03-31": "5.33%", "2010-12-31": "2.90%", "2010-09-30": "-1.60%", "2010-06-30": "-7.14%", "2010-03-31": "-10.35%", "2009-12-31": "-19.46%", "2009-09-30": "-32.11%", "2009-06-30": "-34.27%", "2009-03-31": "-29.89%", "2008-12-31": "-20.87%", "2008-09-30": "-7.20%", "2008-06-30": "2.24%", "2008-03-31": "3.54%", "2007-12-31": "5.41%", "2007-09-30": "8.10%", "2007-06-30": "9.68%", "2007-03-31": "11.10%", "2006-12-31": "11.24%", "2006-09-30": "12.30%", "2006-06-30": "12.30%", "2006-03-31": "11.48%", "2005-12-31": "14.74%"}, "return on tangible equity": {"2020-09-30": "15.82%", "2020-06-30": "15.92%", "2020-03-31": "17.44%", "2019-12-31": "19.34%", "2019-09-30": "19.77%", "2019-06-30": "20.00%", "2019-03-31": "20.23%", "2018-12-31": "20.31%", "2018-09-30": "19.80%", "2018-06-30": "19.24%", "2018-03-31": "18.77%", "2017-12-31": "18.06%", "2017-09-30": "17.85%", "2017-06-30": "17.66%", "2017-03-31": "17.26%", "2016-12-31": "17.36%", "2016-09-30": "17.44%", "2016-06-30": "17.52%", "2016-03-31": "16.67%", "2015-12-31": "16.07%", "2015-09-30": "15.58%", "2015-06-30": "15.26%", "2015-03-31": "15.96%", "2014-12-31": "15.68%", "2014-09-30": "15.32%", "2014-06-30": "14.60%", "2014-03-31": "15.19%", "2013-12-31": "14.48%", "2013-09-30": "15.08%", "2013-06-30": "13.96%", "2013-03-31": "11.62%", "2012-12-31": "10.54%", "2012-09-30": "6.81%", "2012-06-30": "5.22%", "2012-03-31": "3.84%", "2011-12-31": "2.74%", "2011-09-30": "-0.35%", "2011-06-30": "-1.05%", "2011-03-31": "-1.96%", "2010-12-31": "-2.89%", "2010-09-30": "-5.87%", "2010-06-30": "-10.78%", "2010-03-31": "-13.53%", "2009-12-31": "-31.79%", "2009-09-30": "-59.53%", "2009-06-30": "-84.64%", "2009-03-31": "-96.64%", "2008-12-31": "-76.16%", "2008-09-30": "-31.24%", "2008-06-30": "7.10%", "2008-03-31": "9.37%", "2007-12-31": "11.76%", "2007-09-30": "14.33%", "2007-06-30": "15.07%", "2007-03-31": "17.17%", "2006-12-31": "16.13%", "2006-09-30": "16.07%", "2006-06-30": "14.61%", "2006-03-31": "13.01%", "2005-12-31": "16.26%"}, "dividend yield history": {"last payout": "$1.00", "last yield": "1.35%"}}