{"ticker": "WAB", "price": {"title": "Westinghouse Air Brake Technologies Historical Annual Stock Price Data", "value": 80.59, "historical": {"2021": {"Average Stock Price": "79.1900", "Year Open": "72.6500", "Year High": "83.7000", "Year Low": "72.6500", "Year Close": "80.5900", "Annual % Change": "10.10%"}, "2020": {"Average Stock Price": "64.4582", "Year Open": "80.9500", "Year High": "81.0000", "Year Low": "40.7500", "Year Close": "73.2000", "Annual % Change": "-5.91%"}, "2019": {"Average Stock Price": "72.0299", "Year Open": "70.8600", "Year High": "80.9700", "Year Low": "62.3100", "Year Close": "77.8000", "Annual % Change": "10.75%"}, "2018": {"Average Stock Price": "92.2299", "Year Open": "82.9300", "Year High": "114.5100", "Year Low": "66.2800", "Year Close": "70.2500", "Annual % Change": "-13.73%"}, "2017": {"Average Stock Price": "79.8241", "Year Open": "84.0200", "Year High": "92.5100", "Year Low": "69.7000", "Year Close": "81.4300", "Annual % Change": "-1.92%"}, "2016": {"Average Stock Price": "75.7535", "Year Open": "70.1600", "Year High": "88.1200", "Year Low": "60.5800", "Year Close": "83.0200", "Annual % Change": "16.73%"}, "2015": {"Average Stock Price": "90.8835", "Year Open": "87.1100", "Year High": "102.3900", "Year Low": "68.8900", "Year Close": "71.1200", "Annual % Change": "-18.15%"}, "2014": {"Average Stock Price": "80.1058", "Year Open": "73.2600", "Year High": "91.2400", "Year Low": "70.8200", "Year Close": "86.8900", "Annual % Change": "16.99%"}, "2013": {"Average Stock Price": "56.7315", "Year Open": "44.5000", "Year High": "74.2700", "Year Low": "44.4000", "Year Close": "74.2700", "Annual % Change": "69.68%"}, "2012": {"Average Stock Price": "38.7906", "Year Open": "34.6250", "Year High": "44.3450", "Year Low": "34.3950", "Year Close": "43.7700", "Annual % Change": "25.15%"}, "2011": {"Average Stock Price": "30.9760", "Year Open": "26.5600", "Year High": "35.7800", "Year Low": "25.0750", "Year Close": "34.9750", "Annual % Change": "32.26%"}, "2010": {"Average Stock Price": "22.3094", "Year Open": "20.8600", "Year High": "26.6200", "Year Low": "18.4450", "Year Close": "26.4450", "Annual % Change": "29.51%"}, "2009": {"Average Stock Price": "17.4459", "Year Open": "19.9300", "Year High": "21.2000", "Year Low": "11.6800", "Year Close": "20.4200", "Annual % Change": "2.74%"}, "2008": {"Average Stock Price": "21.4780", "Year Open": "16.7950", "Year High": "29.8450", "Year Low": "14.9900", "Year Close": "19.8750", "Annual % Change": "15.42%"}, "2007": {"Average Stock Price": "17.9338", "Year Open": "14.9800", "Year High": "20.6500", "Year Low": "14.3250", "Year Close": "17.2200", "Annual % Change": "13.36%"}, "2006": {"Average Stock Price": "15.7930", "Year Open": "13.5300", "Year High": "19.8650", "Year Low": "12.6300", "Year Close": "15.1900", "Annual % Change": "12.94%"}, "2005": {"Average Stock Price": "11.3643", "Year Open": "10.4250", "Year High": "14.0550", "Year Low": "8.3750", "Year Close": "13.4500", "Annual % Change": "26.17%"}, "2004": {"Average Stock Price": "8.7821", "Year Open": "8.5000", "Year High": "11.1900", "Year Low": "6.8900", "Year Close": "10.6600", "Annual % Change": "25.12%"}, "2003": {"Average Stock Price": "7.0412", "Year Open": "7.0700", "Year High": "9.0400", "Year Low": "5.2000", "Year Close": "8.5200", "Annual % Change": "21.37%"}, "2002": {"Average Stock Price": "6.8563", "Year Open": "6.1450", "Year High": "7.8700", "Year Low": "5.9650", "Year Close": "7.0200", "Annual % Change": "14.15%"}, "2001": {"Average Stock Price": "6.5100", "Year Open": "5.6250", "Year High": "7.5000", "Year Low": "5.4500", "Year Close": "6.1500", "Annual % Change": "4.68%"}, "2000": {"Average Stock Price": "5.3628", "Year Open": "8.5950", "Year High": "8.5950", "Year Low": "4.1550", "Year Close": "5.8750", "Annual % Change": "-33.80%"}, "1999": {"Average Stock Price": "10.1745", "Year Open": "11.2200", "Year High": "12.9700", "Year Low": "8.2500", "Year Close": "8.8750", "Annual % Change": "-27.37%"}, "1998": {"Average Stock Price": "11.9516", "Year Open": "12.4700", "Year High": "14.8450", "Year Low": "8.6550", "Year Close": "12.2200", "Annual % Change": "-4.61%"}, "1997": {"Average Stock Price": "9.0952", "Year Open": "6.1900", "Year High": "13.9400", "Year Low": "6.1250", "Year Close": "12.8100", "Annual % Change": "103.01%"}, "1996": {"Average Stock Price": "5.7198", "Year Open": "5.1900", "Year High": "7.0600", "Year Low": "4.5600", "Year Close": "6.3100", "Annual % Change": "18.83%"}}}, "market cap": {"value": "$15.34B"}, "income statement": {"Revenue": {"2019-12-31": "8200.00000", "2018-12-31": "4363.50000", "2017-12-31": "3881.70000", "2016-12-31": "2931.18800", "2015-12-31": "3307.99800", "2014-12-31": "3044.45400", "2013-12-31": "2566.39200", "2012-12-31": "2391.12200", "2011-12-31": "1967.63700", "2010-12-31": "1507.01200", "2009-12-31": "1401.61600", "2008-12-31": "1574.74900", "2007-12-31": "1360.08800", "2006-12-31": "1087.62000", "2005-12-31": "1034.02400"}, "Cost Of Goods Sold": {"2019-12-31": "5922.00000", "2018-12-31": "3129.60000", "2017-12-31": "2816.40000", "2016-12-31": "2006.94900", "2015-12-31": "2260.18200", "2014-12-31": "2108.47200", "2013-12-31": "1802.36500", "2012-12-31": "1696.55500", "2011-12-31": "1397.21300", "2010-12-31": "1057.93400", "2009-12-31": "1008.29000", "2008-12-31": "1147.56300", "2007-12-31": "990.46900", "2006-12-31": "790.84300", "2005-12-31": "774.37800"}, "Gross Profit": {"2019-12-31": "2278.00000", "2018-12-31": "1233.90000", "2017-12-31": "1065.30000", "2016-12-31": "924.23900", "2015-12-31": "1047.81600", "2014-12-31": "935.98220", "2013-12-31": "764.02710", "2012-12-31": "694.56700", "2011-12-31": "570.42400", "2010-12-31": "449.07800", "2009-12-31": "393.32600", "2008-12-31": "427.18600", "2007-12-31": "369.61900", "2006-12-31": "296.77700", "2005-12-31": "259.64610"}, "Research And Development Expenses": {"2019-12-31": "", "2018-12-31": "", "2017-12-31": "", "2016-12-31": "", "2015-12-31": "", "2014-12-31": "", "2013-12-31": "", "2012-12-31": "", "2011-12-31": "", "2010-12-31": "", "2009-12-31": "", "2008-12-31": "", "2007-12-31": "", "2006-12-31": "", "2005-12-31": ""}, "SG&A Expenses": {"2019-12-31": "1166.60000", "2018-12-31": "633.20000", "2017-12-31": "512.50000", "2016-12-31": "373.55900", "2015-12-31": "347.37300", "2014-12-31": "324.53900", "2013-12-31": "262.71800", "2012-12-31": "245.70900", "2011-12-31": "247.53400", "2010-12-31": "195.89200", "2009-12-31": "160.99800", "2008-12-31": "170.59700", "2007-12-31": "148.43700", "2006-12-31": "130.29400", "2005-12-31": "121.69600"}, "Other Operating Income Or Expenses": {"2019-12-31": "", "2018-12-31": "", "2017-12-31": "", "2016-12-31": "", "2015-12-31": "", "2014-12-31": "", "2013-12-31": "", "2012-12-31": "", "2011-12-31": "", "2010-12-31": "", "2009-12-31": "", "2008-12-31": "", "2007-12-31": "", "2006-12-31": "", "2005-12-31": ""}, "Operating Expenses": {"2019-12-31": "7536.90000", "2018-12-31": "3890.10000", "2017-12-31": "3460.60000", "2016-12-31": "2474.58100", "2015-12-31": "2700.43100", "2014-12-31": "2517.34500", "2013-12-31": "2129.08200", "2012-12-31": "1998.84300", "2011-12-31": "1696.93600", "2010-12-31": "1304.20200", "2009-12-31": "1221.58400", "2008-12-31": "1362.23300", "2007-12-31": "1180.34700", "2006-12-31": "957.46900", "2005-12-31": "932.09500"}, "Operating Income": {"2019-12-31": "663.10010", "2018-12-31": "473.39990", "2017-12-31": "421.09990", "2016-12-31": "456.60690", "2015-12-31": "607.56710", "2014-12-31": "527.10910", "2013-12-31": "437.31010", "2012-12-31": "392.27910", "2011-12-31": "270.70090", "2010-12-31": "202.81010", "2009-12-31": "180.03200", "2008-12-31": "212.51600", "2007-12-31": "179.74100", "2006-12-31": "130.15100", "2005-12-31": "101.92910"}, "Total Non-Operating Income/Expense": {"2019-12-31": "-216.30000", "2018-12-31": "-105.80000", "2017-12-31": "-69.00000", "2016-12-31": "-43.77000", "2015-12-31": "-22.19900", "2014-12-31": "-19.25400", "2013-12-31": "-16.22300", "2012-12-31": "-14.92100", "2011-12-31": "-15.38700", "2010-12-31": "-15.98300", "2009-12-31": "-16.67300", "2008-12-31": "-8.21600", "2007-12-31": "-7.28700", "2006-12-31": "-3.59400", "2005-12-31": "-12.41300"}, "Pre-Tax Income": {"2019-12-31": "446.80000", "2018-12-31": "367.60000", "2017-12-31": "352.10000", "2016-12-31": "412.83700", "2015-12-31": "585.36800", "2014-12-31": "507.85500", "2013-12-31": "421.08700", "2012-12-31": "377.35800", "2011-12-31": "255.31400", "2010-12-31": "186.82700", "2009-12-31": "163.35900", "2008-12-31": "204.30000", "2007-12-31": "172.45400", "2006-12-31": "126.55700", "2005-12-31": "89.51600"}, "Income Taxes": {"2019-12-31": "120.30000", "2018-12-31": "75.90000", "2017-12-31": "89.80000", "2016-12-31": "99.43300", "2015-12-31": "186.74000", "2014-12-31": "156.17500", "2013-12-31": "128.85200", "2012-12-31": "125.62600", "2011-12-31": "85.16500", "2010-12-31": "63.72800", "2009-12-31": "48.30400", "2008-12-31": "73.74600", "2007-12-31": "63.06700", "2006-12-31": "40.06300", "2005-12-31": "31.83100"}, "Income After Taxes": {"2019-12-31": "326.50000", "2018-12-31": "291.70000", "2017-12-31": "262.30000", "2016-12-31": "313.40400", "2015-12-31": "398.62800", "2014-12-31": "351.68000", "2013-12-31": "292.23500", "2012-12-31": "251.73200", "2011-12-31": "170.14900", "2010-12-31": "123.09900", "2009-12-31": "115.05500", "2008-12-31": "130.55400", "2007-12-31": "109.38700", "2006-12-31": "86.49400", "2005-12-31": "57.68500"}, "Other Income": {"2019-12-31": "", "2018-12-31": "", "2017-12-31": "", "2016-12-31": "", "2015-12-31": "", "2014-12-31": "", "2013-12-31": "", "2012-12-31": "", "2011-12-31": "", "2010-12-31": "", "2009-12-31": "", "2008-12-31": "", "2007-12-31": "", "2006-12-31": "", "2005-12-31": ""}, "Income From Continuous Operations": {"2019-12-31": "326.50000", "2018-12-31": "291.70000", "2017-12-31": "262.30000", "2016-12-31": "313.40400", "2015-12-31": "398.62800", "2014-12-31": "351.68000", "2013-12-31": "292.23500", "2012-12-31": "251.73200", "2011-12-31": "170.14900", "2010-12-31": "123.09900", "2009-12-31": "115.05500", "2008-12-31": "130.55400", "2007-12-31": "109.38700", "2006-12-31": "86.49400", "2005-12-31": "57.68500"}, "Income From Discontinued Operations": {"2019-12-31": "", "2018-12-31": "", "2017-12-31": "", "2016-12-31": "", "2015-12-31": "", "2014-12-31": "", "2013-12-31": "", "2012-12-31": "", "2011-12-31": "", "2010-12-31": "", "2009-12-31": "", "2008-12-31": "-0.00300", "2007-12-31": "0.18300", "2006-12-31": "-1.69000", "2005-12-31": "-1.90900"}, "Net Income": {"2019-12-31": "326.70000", "2018-12-31": "294.90000", "2017-12-31": "262.30000", "2016-12-31": "304.88700", "2015-12-31": "398.62800", "2014-12-31": "351.68000", "2013-12-31": "292.23500", "2012-12-31": "251.73200", "2011-12-31": "169.29800", "2010-12-31": "122.48400", "2009-12-31": "115.05500", "2008-12-31": "130.55100", "2007-12-31": "109.57000", "2006-12-31": "84.80400", "2005-12-31": "55.77600"}, "EBITDA": {"2019-12-31": "982.30010", "2018-12-31": "582.69990", "2017-12-31": "524.29990", "2016-12-31": "526.40190", "2015-12-31": "672.30110", "2014-12-31": "588.37010", "2013-12-31": "488.50310", "2012-12-31": "436.41500", "2011-12-31": "315.54990", "2010-12-31": "241.39610", "2009-12-31": "215.55100", "2008-12-31": "242.34200", "2007-12-31": "208.88100", "2006-12-31": "155.45500", "2005-12-31": "126.92710"}, "EBIT": {"2019-12-31": "663.10010", "2018-12-31": "473.39990", "2017-12-31": "421.09990", "2016-12-31": "456.60690", "2015-12-31": "607.56710", "2014-12-31": "527.10910", "2013-12-31": "437.31010", "2012-12-31": "392.27910", "2011-12-31": "270.70090", "2010-12-31": "202.81010", "2009-12-31": "180.03200", "2008-12-31": "212.51600", "2007-12-31": "179.74100", "2006-12-31": "130.15100", "2005-12-31": "101.92910"}, "Basic Shares Outstanding": {"2019-12-31": "170.50000", "2018-12-31": "96.00000", "2017-12-31": "95.50000", "2016-12-31": "90.35900", "2015-12-31": "96.07400", "2014-12-31": "95.78100", "2013-12-31": "95.46300", "2012-12-31": "95.46900", "2011-12-31": "95.63900", "2010-12-31": "95.19400", "2009-12-31": "94.99800", "2008-12-31": "96.46400", "2007-12-31": "96.52600", "2006-12-31": "96.64400", "2005-12-31": "93.69000"}, "Shares Outstanding": {"2019-12-31": "177.30000", "2018-12-31": "96.50000", "2017-12-31": "96.10000", "2016-12-31": "91.14100", "2015-12-31": "97.00600", "2014-12-31": "96.88500", "2013-12-31": "96.83200", "2012-12-31": "96.74200", "2011-12-31": "96.65700", "2010-12-31": "96.01000", "2009-12-31": "95.95400", "2008-12-31": "97.69400", "2007-12-31": "97.74600", "2006-12-31": "98.21600", "2005-12-31": "95.19000"}, "Basic EPS": {"2019-12-31": "1.91000", "2018-12-31": "3.06000", "2017-12-31": "2.74000", "2016-12-31": "3.37000", "2015-12-31": "4.14000", "2014-12-31": "3.66000", "2013-12-31": "3.05000", "2012-12-31": "2.62000", "2011-12-31": "1.77000", "2010-12-31": "1.28500", "2009-12-31": "1.20500", "2008-12-31": "1.34500", "2007-12-31": "1.13000", "2006-12-31": "0.87500", "2005-12-31": "0.59500"}, "EPS - Earnings Per Share": {"2019-12-31": "1.84000", "2018-12-31": "3.05000", "2017-12-31": "2.72000", "2016-12-31": "3.34000", "2015-12-31": "4.10000", "2014-12-31": "3.62000", "2013-12-31": "3.01000", "2012-12-31": "2.60000", "2011-12-31": "1.76000", "2010-12-31": "1.28000", "2009-12-31": "1.19500", "2008-12-31": "1.33000", "2007-12-31": "1.12000", "2006-12-31": "0.86500", "2005-12-31": "0.58500"}}, "income statement, quarterly": {"Revenue": {"2020-09-30": "1865.10000", "2020-06-30": "1737.40000", "2020-03-31": "1929.90000", "2019-12-31": "2368.40000", "2019-09-30": "2001.70000", "2019-06-30": "2236.30000", "2019-03-31": "1593.60000", "2018-12-31": "1117.84300", "2018-09-30": "1077.80000", "2018-06-30": "1111.68000", "2018-03-31": "1056.17700", "2017-12-31": "1075.48200", "2017-09-30": "957.93100", "2017-06-30": "932.25300", "2017-03-31": "916.03400", "2016-12-31": "759.98190", "2016-09-30": "675.57400", "2016-06-30": "723.60100", "2016-03-31": "772.03100", "2015-12-31": "832.84910", "2015-09-30": "809.52700", "2015-06-30": "847.02800", "2015-03-31": "818.59400", "2014-12-31": "820.86610", "2014-09-30": "797.27100", "2014-06-30": "731.06800", "2014-03-31": "695.24900", "2013-12-31": "681.48220", "2013-09-30": "631.39800", "2013-06-30": "638.00200", "2013-03-31": "615.51000", "2012-12-31": "610.40000", "2012-09-30": "587.59300", "2012-06-30": "609.82000", "2012-03-31": "583.30900", "2011-12-31": "534.63900", "2011-09-30": "498.84000", "2011-06-30": "478.89900", "2011-03-31": "455.25900", "2010-12-31": "393.24100", "2010-09-30": "375.70700", "2010-06-30": "374.13700", "2010-03-31": "363.92700", "2009-12-31": "359.18800", "2009-09-30": "330.45500", "2009-06-30": "334.01300", "2009-03-31": "377.96000", "2008-12-31": "405.21110", "2008-09-30": "396.01700", "2008-06-30": "390.19400", "2008-03-31": "383.32700", "2007-12-31": "365.26800", "2007-09-30": "354.83400", "2007-06-30": "325.72200", "2007-03-31": "314.26400", "2006-12-31": "294.42000", "2006-09-30": "268.88900", "2006-06-30": "261.90200", "2006-03-31": "262.40900", "2005-12-31": "270.25710", "2005-09-30": "255.67000", "2005-06-30": "266.29700", "2005-03-31": "241.80000"}, "Cost Of Goods Sold": {"2020-09-30": "1298.90000", "2020-06-30": "1250.70000", "2020-03-31": "1351.20000", "2019-12-31": "1693.50000", "2019-09-30": "1402.30000", "2019-06-30": "1621.60000", "2019-03-31": "1204.60000", "2018-12-31": "820.79100", "2018-09-30": "775.80000", "2018-06-30": "787.71300", "2018-03-31": "745.29600", "2017-12-31": "807.05510", "2017-09-30": "704.72800", "2017-06-30": "658.29000", "2017-03-31": "646.32700", "2016-12-31": "540.79290", "2016-09-30": "463.09300", "2016-06-30": "486.21200", "2016-03-31": "516.85100", "2015-12-31": "565.22090", "2015-09-30": "552.45800", "2015-06-30": "579.26400", "2015-03-31": "563.23900", "2014-12-31": "566.56890", "2014-09-30": "549.81300", "2014-06-30": "506.41000", "2014-03-31": "485.68000", "2013-12-31": "481.35700", "2013-09-30": "443.26500", "2013-06-30": "445.12100", "2013-03-31": "432.62200", "2012-12-31": "429.92010", "2012-09-30": "416.31400", "2012-06-30": "436.39300", "2012-03-31": "413.92800", "2011-12-31": "387.30500", "2011-09-30": "351.68900", "2011-06-30": "336.15500", "2011-03-31": "322.06400", "2010-12-31": "275.25300", "2010-09-30": "266.47000", "2010-06-30": "260.67300", "2010-03-31": "255.53800", "2009-12-31": "259.52600", "2009-09-30": "235.62900", "2009-06-30": "242.35000", "2009-03-31": "270.78500", "2008-12-31": "299.41500", "2008-09-30": "288.34300", "2008-06-30": "281.69300", "2008-03-31": "278.11200", "2007-12-31": "268.78200", "2007-09-30": "259.11700", "2007-06-30": "234.87200", "2007-03-31": "227.69800", "2006-12-31": "215.92300", "2006-09-30": "202.69100", "2006-06-30": "184.91000", "2006-03-31": "187.31900", "2005-12-31": "200.76700", "2005-09-30": "188.70100", "2005-06-30": "200.12200", "2005-03-31": "184.78800"}, "Gross Profit": {"2020-09-30": "566.20000", "2020-06-30": "486.70000", "2020-03-31": "578.70000", "2019-12-31": "674.89980", "2019-09-30": "599.40000", "2019-06-30": "614.70010", "2019-03-31": "389.00000", "2018-12-31": "297.05200", "2018-09-30": "302.00010", "2018-06-30": "323.96700", "2018-03-31": "310.88100", "2017-12-31": "268.42710", "2017-09-30": "253.20300", "2017-06-30": "273.96300", "2017-03-31": "269.70700", "2016-12-31": "219.18900", "2016-09-30": "212.48100", "2016-06-30": "237.38900", "2016-03-31": "255.18000", "2015-12-31": "267.62820", "2015-09-30": "257.06900", "2015-06-30": "267.76400", "2015-03-31": "255.35500", "2014-12-31": "254.29720", "2014-09-30": "247.45800", "2014-06-30": "224.65800", "2014-03-31": "209.56900", "2013-12-31": "200.12520", "2013-09-30": "188.13300", "2013-06-30": "192.88100", "2013-03-31": "182.88800", "2012-12-31": "180.47990", "2012-09-30": "171.27900", "2012-06-30": "173.42700", "2012-03-31": "169.38100", "2011-12-31": "147.33400", "2011-09-30": "147.15100", "2011-06-30": "142.74400", "2011-03-31": "133.19500", "2010-12-31": "117.98790", "2010-09-30": "109.23700", "2010-06-30": "113.46400", "2010-03-31": "108.38900", "2009-12-31": "99.66200", "2009-09-30": "94.82600", "2009-06-30": "91.66300", "2009-03-31": "107.17500", "2008-12-31": "105.79610", "2008-09-30": "107.67400", "2008-06-30": "108.50100", "2008-03-31": "105.21500", "2007-12-31": "96.48610", "2007-09-30": "95.71700", "2007-06-30": "90.85000", "2007-03-31": "86.56600", "2006-12-31": "78.49700", "2006-09-30": "66.19800", "2006-06-30": "76.99200", "2006-03-31": "75.09000", "2005-12-31": "69.49010", "2005-09-30": "66.96900", "2005-06-30": "66.17500", "2005-03-31": "57.01200"}, "Research And Development Expenses": {"2020-09-30": "", "2020-06-30": "", "2020-03-31": "", "2019-12-31": "", "2019-09-30": "", "2019-06-30": "", "2019-03-31": "", "2018-12-31": "", "2018-09-30": "", "2018-06-30": "", "2018-03-31": "", "2017-12-31": "", "2017-09-30": "", "2017-06-30": "", "2017-03-31": "", "2016-12-31": "", "2016-09-30": "", "2016-06-30": "", "2016-03-31": "", "2015-12-31": "", "2015-09-30": "", "2015-06-30": "", "2015-03-31": "", "2014-12-31": "", "2014-09-30": "", "2014-06-30": "", "2014-03-31": "", "2013-12-31": "", "2013-09-30": "", "2013-06-30": "", "2013-03-31": "", "2012-12-31": "", "2012-09-30": "", "2012-06-30": "", "2012-03-31": "", "2011-12-31": "", "2011-09-30": "", "2011-06-30": "", "2011-03-31": "", "2010-12-31": "", "2010-09-30": "", "2010-06-30": "", "2010-03-31": "", "2009-12-31": "", "2009-09-30": "", "2009-06-30": "", "2009-03-31": "", "2008-12-31": "", "2008-09-30": "", "2008-06-30": "", "2008-03-31": "", "2007-12-31": "", "2007-09-30": "", "2007-06-30": "", "2007-03-31": "", "2006-12-31": "", "2006-09-30": "", "2006-06-30": "", "2006-03-31": "", "2005-12-31": "", "2005-09-30": "", "2005-06-30": "", "2005-03-31": ""}, "SG&A Expenses": {"2020-09-30": "252.70000", "2020-06-30": "216.80000", "2020-03-31": "243.40000", "2019-12-31": "323.70000", "2019-09-30": "292.20000", "2019-06-30": "290.90000", "2019-03-31": "259.80000", "2018-12-31": "168.04200", "2018-09-30": "146.80000", "2018-06-30": "171.15700", "2018-03-31": "147.20100", "2017-12-31": "143.71200", "2017-09-30": "118.18300", "2017-06-30": "127.91800", "2017-03-31": "122.68700", "2016-12-31": "132.44100", "2016-09-30": "70.75700", "2016-06-30": "80.61000", "2016-03-31": "89.75100", "2015-12-31": "91.40400", "2015-09-30": "82.20600", "2015-06-30": "88.99200", "2015-03-31": "84.77100", "2014-12-31": "93.11700", "2014-09-30": "88.35900", "2014-06-30": "72.98200", "2014-03-31": "70.08100", "2013-12-31": "71.14200", "2013-09-30": "63.40200", "2013-06-30": "63.87400", "2013-03-31": "64.30000", "2012-12-31": "64.77400", "2012-09-30": "59.74300", "2012-06-30": "59.16300", "2012-03-31": "62.02900", "2011-12-31": "61.09900", "2011-09-30": "57.67600", "2011-06-30": "73.94300", "2011-03-31": "54.81600", "2010-12-31": "53.41400", "2010-09-30": "46.60400", "2010-06-30": "51.24300", "2010-03-31": "44.63100", "2009-12-31": "43.17100", "2009-09-30": "37.16200", "2009-06-30": "42.11200", "2009-03-31": "38.55300", "2008-12-31": "44.27500", "2008-09-30": "43.84100", "2008-06-30": "42.03600", "2008-03-31": "40.44500", "2007-12-31": "38.89800", "2007-09-30": "39.67900", "2007-06-30": "34.91500", "2007-03-31": "34.94500", "2006-12-31": "32.61200", "2006-09-30": "31.29400", "2006-06-30": "32.76000", "2006-03-31": "33.62800", "2005-12-31": "31.24800", "2005-09-30": "30.81300", "2005-06-30": "30.62300", "2005-03-31": "29.01200"}, "Other Operating Income Or Expenses": {"2020-09-30": "", "2020-06-30": "", "2020-03-31": "", "2019-12-31": "", "2019-09-30": "", "2019-06-30": "", "2019-03-31": "", "2018-12-31": "", "2018-09-30": "", "2018-06-30": "", "2018-03-31": "", "2017-12-31": "", "2017-09-30": "", "2017-06-30": "", "2017-03-31": "", "2016-12-31": "", "2016-09-30": "", "2016-06-30": "", "2016-03-31": "", "2015-12-31": "", "2015-09-30": "", "2015-06-30": "", "2015-03-31": "", "2014-12-31": "", "2014-09-30": "", "2014-06-30": "", "2014-03-31": "", "2013-12-31": "", "2013-09-30": "", "2013-06-30": "", "2013-03-31": "", "2012-12-31": "", "2012-09-30": "", "2012-06-30": "", "2012-03-31": "", "2011-12-31": "", "2011-09-30": "", "2011-06-30": "", "2011-03-31": "", "2010-12-31": "", "2010-09-30": "", "2010-06-30": "", "2010-03-31": "", "2009-12-31": "", "2009-09-30": "", "2009-06-30": "", "2009-03-31": "", "2008-12-31": "", "2008-09-30": "", "2008-06-30": "", "2008-03-31": "", "2007-12-31": "", "2007-09-30": "", "2007-06-30": "", "2007-03-31": "", "2006-12-31": "", "2006-09-30": "", "2006-06-30": "", "2006-03-31": "", "2005-12-31": "", "2005-09-30": "", "2005-06-30": "", "2005-03-31": ""}, "Operating Expenses": {"2020-09-30": "1658.40000", "2020-06-30": "1578.00000", "2020-03-31": "1712.60000", "2019-12-31": "2142.30000", "2019-09-30": "1832.60000", "2019-06-30": "2035.70000", "2019-03-31": "1526.30000", "2018-12-31": "1024.44500", "2018-09-30": "952.60000", "2018-06-30": "988.15700", "2018-03-31": "924.89800", "2017-12-31": "983.91690", "2017-09-30": "856.26500", "2017-06-30": "818.89600", "2017-03-31": "801.52200", "2016-12-31": "698.93600", "2016-09-30": "555.47800", "2016-06-30": "590.31700", "2016-03-31": "629.85000", "2015-12-31": "681.64000", "2015-09-30": "657.44900", "2015-06-30": "691.16800", "2015-03-31": "670.17400", "2014-12-31": "683.90300", "2014-09-30": "661.29400", "2014-06-30": "598.74500", "2014-03-31": "573.40300", "2013-12-31": "570.26400", "2013-09-30": "521.52700", "2013-06-30": "525.44800", "2013-03-31": "511.84300", "2012-12-31": "509.93810", "2012-09-30": "490.75100", "2012-06-30": "508.95500", "2012-03-31": "489.19900", "2011-12-31": "462.13010", "2011-09-30": "423.38700", "2011-06-30": "422.53700", "2011-03-31": "388.88200", "2010-12-31": "341.89190", "2010-09-30": "325.07400", "2010-06-30": "324.48500", "2010-03-31": "312.75100", "2009-12-31": "317.39000", "2009-09-30": "284.69600", "2009-06-30": "297.28600", "2009-03-31": "322.21200", "2008-12-31": "354.95710", "2008-09-30": "343.56300", "2008-06-30": "334.27200", "2008-03-31": "329.44100", "2007-12-31": "319.50010", "2007-09-30": "309.04200", "2007-06-30": "279.80500", "2007-03-31": "272.00000", "2006-12-31": "257.58800", "2006-09-30": "243.40700", "2006-06-30": "226.54500", "2006-03-31": "229.92900", "2005-12-31": "240.24800", "2005-09-30": "228.40500", "2005-06-30": "240.00100", "2005-03-31": "223.44100"}, "Operating Income": {"2020-09-30": "206.70000", "2020-06-30": "159.39990", "2020-03-31": "217.29990", "2019-12-31": "226.10010", "2019-09-30": "169.10010", "2019-06-30": "200.60010", "2019-03-31": "67.29990", "2018-12-31": "93.39800", "2018-09-30": "125.20010", "2018-06-30": "123.52310", "2018-03-31": "131.27900", "2017-12-31": "91.56530", "2017-09-30": "101.66600", "2017-06-30": "113.35700", "2017-03-31": "114.51200", "2016-12-31": "61.04590", "2016-09-30": "120.09600", "2016-06-30": "133.28400", "2016-03-31": "142.18100", "2015-12-31": "151.20920", "2015-09-30": "152.07790", "2015-06-30": "155.86000", "2015-03-31": "148.42000", "2014-12-31": "136.96310", "2014-09-30": "135.97700", "2014-06-30": "132.32300", "2014-03-31": "121.84600", "2013-12-31": "111.21810", "2013-09-30": "109.87100", "2013-06-30": "112.55400", "2013-03-31": "103.66700", "2012-12-31": "100.46190", "2012-09-30": "96.84200", "2012-06-30": "100.86500", "2012-03-31": "94.11010", "2011-12-31": "72.50900", "2011-09-30": "75.45300", "2011-06-30": "56.36200", "2011-03-31": "66.37700", "2010-12-31": "51.34900", "2010-09-30": "50.63300", "2010-06-30": "49.65200", "2010-03-31": "51.17600", "2009-12-31": "41.79800", "2009-09-30": "45.75900", "2009-06-30": "36.72700", "2009-03-31": "55.74800", "2008-12-31": "50.25400", "2008-09-30": "52.45400", "2008-06-30": "55.92200", "2008-03-31": "53.88600", "2007-12-31": "45.76800", "2007-09-30": "45.79200", "2007-06-30": "45.91700", "2007-03-31": "42.26400", "2006-12-31": "36.83200", "2006-09-30": "25.48200", "2006-06-30": "35.35700", "2006-03-31": "32.48000", "2005-12-31": "30.00910", "2005-09-30": "27.26500", "2005-06-30": "26.29600", "2005-03-31": "18.35900"}, "Total Non-Operating Income/Expense": {"2020-09-30": "-31.30000", "2020-06-30": "-45.10000", "2020-03-31": "-68.10000", "2019-12-31": "-51.30000", "2019-09-30": "-55.80000", "2019-06-30": "-56.40000", "2019-03-31": "-52.80000", "2018-12-31": "-35.85300", "2018-09-30": "-22.50000", "2018-06-30": "-29.74900", "2018-03-31": "-17.69800", "2017-12-31": "-16.84400", "2017-09-30": "-20.48100", "2017-06-30": "-16.62800", "2017-03-31": "-15.04700", "2016-12-31": "-27.98600", "2016-09-30": "-4.86900", "2016-06-30": "-6.19800", "2016-03-31": "-4.71700", "2015-12-31": "-1.81100", "2015-09-30": "-7.28800", "2015-06-30": "-5.92800", "2015-03-31": "-7.17200", "2014-12-31": "-5.75700", "2014-09-30": "-4.74800", "2014-06-30": "-4.28200", "2014-03-31": "-4.46700", "2013-12-31": "-3.67600", "2013-09-30": "-5.48700", "2013-06-30": "-2.86500", "2013-03-31": "-4.19500", "2012-12-31": "-3.33400", "2012-09-30": "-4.46300", "2012-06-30": "-3.28600", "2012-03-31": "-3.83800", "2011-12-31": "-2.66700", "2011-09-30": "-5.29300", "2011-06-30": "-4.20300", "2011-03-31": "-3.22400", "2010-12-31": "-3.55700", "2010-09-30": "-4.78700", "2010-06-30": "-3.00600", "2010-03-31": "-4.63300", "2009-12-31": "-5.17400", "2009-09-30": "-3.29300", "2009-06-30": "-3.65900", "2009-03-31": "-4.54700", "2008-12-31": "-2.32000", "2008-09-30": "-2.04300", "2008-06-30": "-1.98900", "2008-03-31": "-1.86400", "2007-12-31": "-1.00800", "2007-09-30": "-2.36400", "2007-06-30": "-2.32300", "2007-03-31": "-1.59200", "2006-12-31": "-0.78600", "2006-09-30": "0.05000", "2006-06-30": "-1.85400", "2006-03-31": "-1.00400", "2005-12-31": "-2.45900", "2005-09-30": "-3.46900", "2005-06-30": "-2.85200", "2005-03-31": "-3.63300"}, "Pre-Tax Income": {"2020-09-30": "175.40000", "2020-06-30": "114.30000", "2020-03-31": "149.20000", "2019-12-31": "174.80000", "2019-09-30": "113.30000", "2019-06-30": "144.20000", "2019-03-31": "14.50000", "2018-12-31": "57.54500", "2018-09-30": "102.70000", "2018-06-30": "93.77400", "2018-03-31": "113.58100", "2017-12-31": "74.72100", "2017-09-30": "81.18500", "2017-06-30": "96.72900", "2017-03-31": "99.46500", "2016-12-31": "33.06000", "2016-09-30": "115.22700", "2016-06-30": "127.08600", "2016-03-31": "137.46400", "2015-12-31": "149.39800", "2015-09-30": "144.79000", "2015-06-30": "149.93200", "2015-03-31": "141.24800", "2014-12-31": "131.20600", "2014-09-30": "131.22900", "2014-06-30": "128.04100", "2014-03-31": "117.37900", "2013-12-31": "107.54200", "2013-09-30": "104.38400", "2013-06-30": "109.68900", "2013-03-31": "99.47200", "2012-12-31": "97.12800", "2012-09-30": "92.37900", "2012-06-30": "97.57900", "2012-03-31": "90.27200", "2011-12-31": "69.84200", "2011-09-30": "70.16000", "2011-06-30": "52.15900", "2011-03-31": "63.15300", "2010-12-31": "47.79200", "2010-09-30": "45.84600", "2010-06-30": "46.64600", "2010-03-31": "46.54300", "2009-12-31": "36.62400", "2009-09-30": "42.46600", "2009-06-30": "33.06800", "2009-03-31": "51.20100", "2008-12-31": "47.93400", "2008-09-30": "50.41100", "2008-06-30": "53.93300", "2008-03-31": "52.02200", "2007-12-31": "44.76000", "2007-09-30": "43.42800", "2007-06-30": "43.59400", "2007-03-31": "40.67200", "2006-12-31": "36.04600", "2006-09-30": "25.53200", "2006-06-30": "33.50300", "2006-03-31": "31.47600", "2005-12-31": "27.55000", "2005-09-30": "23.79600", "2005-06-30": "23.44400", "2005-03-31": "14.72600"}, "Income Taxes": {"2020-09-30": "46.90000", "2020-06-30": "28.50000", "2020-03-31": "38.00000", "2019-12-31": "37.60000", "2019-09-30": "22.70000", "2019-06-30": "41.50000", "2019-03-31": "18.50000", "2018-12-31": "22.67300", "2018-09-30": "16.60000", "2018-06-30": "10.50300", "2018-03-31": "26.12400", "2017-12-31": "25.02400", "2017-09-30": "12.74600", "2017-06-30": "24.56900", "2017-03-31": "27.46100", "2016-12-31": "-13.26800", "2016-09-30": "32.79900", "2016-06-30": "36.60100", "2016-03-31": "43.30100", "2015-12-31": "47.61900", "2015-09-30": "45.60900", "2015-06-30": "48.42800", "2015-03-31": "45.08400", "2014-12-31": "38.52000", "2014-09-30": "41.07400", "2014-06-30": "39.33600", "2014-03-31": "37.24500", "2013-12-31": "33.50100", "2013-09-30": "30.44100", "2013-06-30": "35.05100", "2013-03-31": "29.85900", "2012-12-31": "32.36300", "2012-09-30": "29.38500", "2012-06-30": "32.86700", "2012-03-31": "31.01100", "2011-12-31": "23.57900", "2011-09-30": "23.56000", "2011-06-30": "15.82500", "2011-03-31": "22.20100", "2010-12-31": "16.81200", "2010-09-30": "15.30200", "2010-06-30": "15.43500", "2010-03-31": "16.17900", "2009-12-31": "12.41900", "2009-09-30": "15.11800", "2009-06-30": "2.23200", "2009-03-31": "18.53500", "2008-12-31": "16.82500", "2008-09-30": "17.24100", "2008-06-30": "20.17100", "2008-03-31": "19.50900", "2007-12-31": "15.81200", "2007-09-30": "16.66800", "2007-06-30": "15.46900", "2007-03-31": "15.11800", "2006-12-31": "9.14300", "2006-09-30": "7.79100", "2006-06-30": "11.72100", "2006-03-31": "11.40800", "2005-12-31": "9.63700", "2005-09-30": "8.30000", "2005-06-30": "8.51100", "2005-03-31": "5.38300"}, "Income After Taxes": {"2020-09-30": "128.50000", "2020-06-30": "85.80000", "2020-03-31": "111.20000", "2019-12-31": "137.20000", "2019-09-30": "90.60000", "2019-06-30": "102.70000", "2019-03-31": "-4.00000", "2018-12-31": "34.87200", "2018-09-30": "86.10000", "2018-06-30": "83.27100", "2018-03-31": "87.45700", "2017-12-31": "49.69700", "2017-09-30": "68.43900", "2017-06-30": "72.16000", "2017-03-31": "72.00400", "2016-12-31": "46.32800", "2016-09-30": "82.42800", "2016-06-30": "90.48500", "2016-03-31": "94.16300", "2015-12-31": "101.77900", "2015-09-30": "99.18100", "2015-06-30": "101.50400", "2015-03-31": "96.16400", "2014-12-31": "92.68600", "2014-09-30": "90.15500", "2014-06-30": "88.70500", "2014-03-31": "80.13400", "2013-12-31": "74.04100", "2013-09-30": "73.94300", "2013-06-30": "74.63800", "2013-03-31": "69.61300", "2012-12-31": "64.76500", "2012-09-30": "62.99400", "2012-06-30": "64.71200", "2012-03-31": "59.26100", "2011-12-31": "46.26300", "2011-09-30": "46.60000", "2011-06-30": "36.33400", "2011-03-31": "40.95200", "2010-12-31": "30.98000", "2010-09-30": "30.54400", "2010-06-30": "31.21100", "2010-03-31": "30.36400", "2009-12-31": "24.20500", "2009-09-30": "27.34800", "2009-06-30": "30.83600", "2009-03-31": "32.66600", "2008-12-31": "31.10900", "2008-09-30": "33.17000", "2008-06-30": "33.76200", "2008-03-31": "32.51300", "2007-12-31": "28.94800", "2007-09-30": "26.76000", "2007-06-30": "28.12500", "2007-03-31": "25.55400", "2006-12-31": "26.90300", "2006-09-30": "17.74100", "2006-06-30": "21.78200", "2006-03-31": "20.06800", "2005-12-31": "17.91300", "2005-09-30": "15.49600", "2005-06-30": "14.93300", "2005-03-31": "9.34300"}, "Other Income": {"2020-09-30": "", "2020-06-30": "", "2020-03-31": "", "2019-12-31": "", "2019-09-30": "", "2019-06-30": "", "2019-03-31": "", "2018-12-31": "", "2018-09-30": "", "2018-06-30": "", "2018-03-31": "", "2017-12-31": "", "2017-09-30": "", "2017-06-30": "", "2017-03-31": "", "2016-12-31": "", "2016-09-30": "", "2016-06-30": "", "2016-03-31": "", "2015-12-31": "", "2015-09-30": "", "2015-06-30": "", "2015-03-31": "", "2014-12-31": "", "2014-09-30": "", "2014-06-30": "", "2014-03-31": "", "2013-12-31": "", "2013-09-30": "", "2013-06-30": "", "2013-03-31": "", "2012-12-31": "", "2012-09-30": "", "2012-06-30": "", "2012-03-31": "", "2011-12-31": "", "2011-09-30": "", "2011-06-30": "", "2011-03-31": "", "2010-12-31": "", "2010-09-30": "", "2010-06-30": "", "2010-03-31": "", "2009-12-31": "", "2009-09-30": "", "2009-06-30": "", "2009-03-31": "", "2008-12-31": "", "2008-09-30": "", "2008-06-30": "", "2008-03-31": "", "2007-12-31": "", "2007-09-30": "", "2007-06-30": "", "2007-03-31": "", "2006-12-31": "", "2006-09-30": "", "2006-06-30": "", "2006-03-31": "", "2005-12-31": "", "2005-09-30": "", "2005-06-30": "", "2005-03-31": ""}, "Income From Continuous Operations": {"2020-09-30": "128.50000", "2020-06-30": "85.80000", "2020-03-31": "111.20000", "2019-12-31": "137.20000", "2019-09-30": "90.60000", "2019-06-30": "102.70000", "2019-03-31": "-4.00000", "2018-12-31": "34.87200", "2018-09-30": "86.10000", "2018-06-30": "83.27100", "2018-03-31": "87.45700", "2017-12-31": "49.69700", "2017-09-30": "68.43900", "2017-06-30": "72.16000", "2017-03-31": "72.00400", "2016-12-31": "46.32800", "2016-09-30": "82.42800", "2016-06-30": "90.48500", "2016-03-31": "94.16300", "2015-12-31": "101.77900", "2015-09-30": "99.18100", "2015-06-30": "101.50400", "2015-03-31": "96.16400", "2014-12-31": "92.68600", "2014-09-30": "90.15500", "2014-06-30": "88.70500", "2014-03-31": "80.13400", "2013-12-31": "74.04100", "2013-09-30": "73.94300", "2013-06-30": "74.63800", "2013-03-31": "69.61300", "2012-12-31": "64.76500", "2012-09-30": "62.99400", "2012-06-30": "64.71200", "2012-03-31": "59.26100", "2011-12-31": "46.26300", "2011-09-30": "46.60000", "2011-06-30": "36.33400", "2011-03-31": "40.95200", "2010-12-31": "30.98000", "2010-09-30": "30.54400", "2010-06-30": "31.21100", "2010-03-31": "30.36400", "2009-12-31": "24.20500", "2009-09-30": "27.34800", "2009-06-30": "30.83600", "2009-03-31": "32.66600", "2008-12-31": "31.10900", "2008-09-30": "33.17000", "2008-06-30": "33.76200", "2008-03-31": "32.51300", "2007-12-31": "28.94800", "2007-09-30": "26.76000", "2007-06-30": "28.12500", "2007-03-31": "25.55400", "2006-12-31": "26.90300", "2006-09-30": "17.74100", "2006-06-30": "21.78200", "2006-03-31": "20.06800", "2005-12-31": "17.91300", "2005-09-30": "15.49600", "2005-06-30": "14.93300", "2005-03-31": "9.34300"}, "Income From Discontinued Operations": {"2020-09-30": "", "2020-06-30": "", "2020-03-31": "", "2019-12-31": "", "2019-09-30": "", "2019-06-30": "", "2019-03-31": "", "2018-12-31": "", "2018-09-30": "", "2018-06-30": "", "2018-03-31": "", "2017-12-31": "", "2017-09-30": "", "2017-06-30": "", "2017-03-31": "", "2016-12-31": "", "2016-09-30": "", "2016-06-30": "", "2016-03-31": "", "2015-12-31": "", "2015-09-30": "", "2015-06-30": "", "2015-03-31": "", "2014-12-31": "", "2014-09-30": "", "2014-06-30": "", "2014-03-31": "", "2013-12-31": "", "2013-09-30": "", "2013-06-30": "", "2013-03-31": "", "2012-12-31": "", "2012-09-30": "", "2012-06-30": "", "2012-03-31": "", "2011-12-31": "", "2011-09-30": "", "2011-06-30": "", "2011-03-31": "", "2010-12-31": "", "2010-09-30": "", "2010-06-30": "", "2010-03-31": "", "2009-12-31": "", "2009-09-30": "", "2009-06-30": "", "2009-03-31": "", "2008-12-31": "", "2008-09-30": "", "2008-06-30": "", "2008-03-31": "-0.00300", "2007-12-31": "-0.27200", "2007-09-30": "0.48200", "2007-06-30": "0.00500", "2007-03-31": "-0.03200", "2006-12-31": "-0.66100", "2006-09-30": "-0.37000", "2006-06-30": "-0.63700", "2006-03-31": "-0.02200", "2005-12-31": "-1.61200", "2005-09-30": "-0.42000", "2005-06-30": "0.21800", "2005-03-31": "-0.09500"}, "Net Income": {"2020-09-30": "128.10000", "2020-06-30": "86.80000", "2020-03-31": "111.60000", "2019-12-31": "136.00000", "2019-09-30": "91.10000", "2019-06-30": "104.10000", "2019-03-31": "-4.50000", "2018-12-31": "34.41800", "2018-09-30": "87.70000", "2018-06-30": "84.41600", "2018-03-31": "88.36600", "2017-12-31": "48.98700", "2017-09-30": "67.39900", "2017-06-30": "72.02500", "2017-03-31": "73.88900", "2016-12-31": "37.81100", "2016-09-30": "82.42800", "2016-06-30": "90.48500", "2016-03-31": "94.16300", "2015-12-31": "101.77900", "2015-09-30": "99.18100", "2015-06-30": "101.50400", "2015-03-31": "96.16400", "2014-12-31": "93.79700", "2014-09-30": "89.79700", "2014-06-30": "88.35200", "2014-03-31": "79.73400", "2013-12-31": "74.68900", "2013-09-30": "73.94300", "2013-06-30": "74.33800", "2013-03-31": "69.26500", "2012-12-31": "65.08800", "2012-09-30": "62.99400", "2012-06-30": "64.38900", "2012-03-31": "59.26100", "2011-12-31": "45.41200", "2011-09-30": "46.60000", "2011-06-30": "36.33400", "2011-03-31": "40.95200", "2010-12-31": "30.36500", "2010-09-30": "30.54400", "2010-06-30": "31.21100", "2010-03-31": "30.36400", "2009-12-31": "24.20500", "2009-09-30": "27.34800", "2009-06-30": "30.83600", "2009-03-31": "32.66600", "2008-12-31": "31.10900", "2008-09-30": "33.17000", "2008-06-30": "33.76200", "2008-03-31": "32.51000", "2007-12-31": "28.67600", "2007-09-30": "27.24200", "2007-06-30": "28.13000", "2007-03-31": "25.52200", "2006-12-31": "26.24200", "2006-09-30": "17.37100", "2006-06-30": "21.14500", "2006-03-31": "20.04600", "2005-12-31": "16.30100", "2005-09-30": "15.07600", "2005-06-30": "15.15100", "2005-03-31": "9.24800"}, "EBITDA": {"2020-09-30": "313.80000", "2020-06-30": "259.49990", "2020-03-31": "295.49990", "2019-12-31": "285.90010", "2019-09-30": "272.80010", "2019-06-30": "300.40010", "2019-03-31": "123.19990", "2018-12-31": "119.69800", "2018-09-30": "154.97310", "2018-06-30": "148.89610", "2018-03-31": "159.13300", "2017-12-31": "117.79520", "2017-09-30": "127.58500", "2017-06-30": "139.17900", "2017-03-31": "139.74100", "2016-12-31": "81.46590", "2016-09-30": "136.37800", "2016-06-30": "150.14500", "2016-03-31": "158.41300", "2015-12-31": "167.77620", "2015-09-30": "168.63290", "2015-06-30": "171.90300", "2015-03-31": "163.98900", "2014-12-31": "153.24710", "2014-09-30": "153.09200", "2014-06-30": "146.60700", "2014-03-31": "135.42400", "2013-12-31": "125.27610", "2013-09-30": "121.98700", "2013-06-30": "126.40300", "2013-03-31": "114.83700", "2012-12-31": "113.10990", "2012-09-30": "108.13600", "2012-06-30": "110.86000", "2012-03-31": "104.30900", "2011-12-31": "83.68000", "2011-09-30": "88.35700", "2011-06-30": "66.31800", "2011-03-31": "77.19500", "2010-12-31": "63.04800", "2010-09-30": "60.34400", "2010-06-30": "58.42800", "2010-03-31": "59.57600", "2009-12-31": "52.04400", "2009-09-30": "52.80700", "2009-06-30": "45.62600", "2009-03-31": "65.07400", "2008-12-31": "58.04500", "2008-09-30": "60.02100", "2008-06-30": "63.05800", "2008-03-31": "61.21800", "2007-12-31": "53.68700", "2007-09-30": "53.33700", "2007-06-30": "52.98000", "2007-03-31": "48.87700", "2006-12-31": "40.50600", "2006-09-30": "35.25300", "2006-06-30": "41.16100", "2006-03-31": "38.53500", "2005-12-31": "35.43010", "2005-09-30": "33.49000", "2005-06-30": "32.95200", "2005-03-31": "25.05500"}, "EBIT": {"2020-09-30": "206.70000", "2020-06-30": "159.39990", "2020-03-31": "217.29990", "2019-12-31": "226.10000", "2019-09-30": "169.10010", "2019-06-30": "200.60010", "2019-03-31": "67.29990", "2018-12-31": "93.39780", "2018-09-30": "125.20010", "2018-06-30": "123.52310", "2018-03-31": "131.27900", "2017-12-31": "91.56490", "2017-09-30": "101.66600", "2017-06-30": "113.35700", "2017-03-31": "114.51200", "2016-12-31": "61.04590", "2016-09-30": "120.09600", "2016-06-30": "133.28400", "2016-03-31": "142.18100", "2015-12-31": "151.20920", "2015-09-30": "152.07790", "2015-06-30": "155.86000", "2015-03-31": "148.42000", "2014-12-31": "136.96310", "2014-09-30": "135.97700", "2014-06-30": "132.32300", "2014-03-31": "121.84600", "2013-12-31": "111.21800", "2013-09-30": "109.87100", "2013-06-30": "112.55400", "2013-03-31": "103.66700", "2012-12-31": "100.46200", "2012-09-30": "96.84200", "2012-06-30": "100.86500", "2012-03-31": "94.11010", "2011-12-31": "72.50890", "2011-09-30": "75.45300", "2011-06-30": "56.36200", "2011-03-31": "66.37700", "2010-12-31": "51.34910", "2010-09-30": "50.63300", "2010-06-30": "49.65200", "2010-03-31": "51.17600", "2009-12-31": "41.79800", "2009-09-30": "45.75900", "2009-06-30": "36.72700", "2009-03-31": "55.74800", "2008-12-31": "50.25400", "2008-09-30": "52.45400", "2008-06-30": "55.92200", "2008-03-31": "53.88600", "2007-12-31": "45.76790", "2007-09-30": "45.79200", "2007-06-30": "45.91700", "2007-03-31": "42.26400", "2006-12-31": "36.83200", "2006-09-30": "25.48200", "2006-06-30": "35.35700", "2006-03-31": "32.48000", "2005-12-31": "30.00910", "2005-09-30": "27.26500", "2005-06-30": "26.29600", "2005-03-31": "18.35900"}, "Basic Shares Outstanding": {"2020-09-30": "189.80000", "2020-06-30": "189.80000", "2020-03-31": "190.80000", "2019-12-31": "170.50000", "2019-09-30": "189.60000", "2019-06-30": "177.30000", "2019-03-31": "121.20000", "2018-12-31": "96.00000", "2018-09-30": "96.20000", "2018-06-30": "95.99200", "2018-03-31": "95.81000", "2017-12-31": "95.50000", "2017-09-30": "95.70900", "2017-06-30": "95.64100", "2017-03-31": "95.24300", "2016-12-31": "90.35900", "2016-09-30": "89.58900", "2016-06-30": "89.84600", "2016-03-31": "91.25800", "2015-12-31": "96.07400", "2015-09-30": "96.36900", "2015-06-30": "96.33800", "2015-03-31": "96.24300", "2014-12-31": "95.78100", "2014-09-30": "95.93500", "2014-06-30": "96.04800", "2014-03-31": "95.52900", "2013-12-31": "95.46300", "2013-09-30": "95.84800", "2013-06-30": "95.76200", "2013-03-31": "95.02500", "2012-12-31": "95.46900", "2012-09-30": "95.28600", "2012-06-30": "95.67100", "2012-03-31": "95.41400", "2011-12-31": "95.63900", "2011-09-30": "95.74800", "2011-06-30": "95.90000", "2011-03-31": "95.47600", "2010-12-31": "95.19400", "2010-09-30": "95.35400", "2010-06-30": "95.45000", "2010-03-31": "94.92200", "2009-12-31": "94.99800", "2009-09-30": "94.57800", "2009-06-30": "94.97400", "2009-03-31": "95.29000", "2008-12-31": "96.46400", "2008-09-30": "96.32200", "2008-06-30": "96.19000", "2008-03-31": "96.75800", "2007-12-31": "96.52600", "2007-09-30": "97.47200", "2007-06-30": "97.33200", "2007-03-31": "96.60400", "2006-12-31": "96.64400", "2006-09-30": "97.37800", "2006-06-30": "96.90200", "2006-03-31": "96.18200", "2005-12-31": "93.69000", "2005-09-30": "95.14800", "2005-06-30": "93.72400", "2005-03-31": "92.51800"}, "Shares Outstanding": {"2020-09-30": "190.20000", "2020-06-30": "190.20000", "2020-03-31": "191.40000", "2019-12-31": "177.30000", "2019-09-30": "191.50000", "2019-06-30": "191.50000", "2019-03-31": "121.20000", "2018-12-31": "96.50000", "2018-09-30": "96.60000", "2018-06-30": "96.57500", "2018-03-31": "96.37100", "2017-12-31": "96.10000", "2017-09-30": "96.31600", "2017-06-30": "96.28400", "2017-03-31": "95.99100", "2016-12-31": "91.14100", "2016-09-30": "90.29300", "2016-06-30": "90.55900", "2016-03-31": "92.14900", "2015-12-31": "97.00600", "2015-09-30": "97.36800", "2015-06-30": "97.43500", "2015-03-31": "97.38500", "2014-12-31": "96.88500", "2014-09-30": "97.00400", "2014-06-30": "97.05800", "2014-03-31": "96.80500", "2013-12-31": "96.83200", "2013-09-30": "97.17400", "2013-06-30": "97.10200", "2013-03-31": "96.57200", "2012-12-31": "96.74200", "2012-09-30": "96.54200", "2012-06-30": "96.84400", "2012-03-31": "96.68200", "2011-12-31": "96.65700", "2011-09-30": "96.73200", "2011-06-30": "96.92600", "2011-03-31": "96.50200", "2010-12-31": "96.01000", "2010-09-30": "96.12800", "2010-06-30": "96.17800", "2010-03-31": "95.79000", "2009-12-31": "95.95400", "2009-09-30": "95.50400", "2009-06-30": "96.02600", "2009-03-31": "96.26200", "2008-12-31": "97.69400", "2008-09-30": "97.65400", "2008-06-30": "97.31000", "2008-03-31": "98.07400", "2007-12-31": "97.74600", "2007-09-30": "98.76200", "2007-06-30": "98.58800", "2007-03-31": "97.79000", "2006-12-31": "98.21600", "2006-09-30": "98.58600", "2006-06-30": "98.18400", "2006-03-31": "97.48200", "2005-12-31": "95.19000", "2005-09-30": "96.62200", "2005-06-30": "95.08800", "2005-03-31": "93.97000"}, "Basic EPS": {"2020-09-30": "0.67000", "2020-06-30": "0.46000", "2020-03-31": "0.58000", "2019-12-31": "0.89000", "2019-09-30": "0.48000", "2019-06-30": "0.58000", "2019-03-31": "-0.04000", "2018-12-31": "0.35000", "2018-09-30": "0.91000", "2018-06-30": "0.88000", "2018-03-31": "0.92000", "2017-12-31": "0.52000", "2017-09-30": "0.70000", "2017-06-30": "0.75000", "2017-03-31": "0.77000", "2016-12-31": "0.42000", "2016-09-30": "0.92000", "2016-06-30": "1.00000", "2016-03-31": "1.03000", "2015-12-31": "1.06000", "2015-09-30": "1.03000", "2015-06-30": "1.05000", "2015-03-31": "1.00000", "2014-12-31": "0.96000", "2014-09-30": "0.94000", "2014-06-30": "0.92000", "2014-03-31": "0.84000", "2013-12-31": "0.77000", "2013-09-30": "0.77000", "2013-06-30": "0.78000", "2013-03-31": "0.73000", "2012-12-31": "0.67000", "2012-09-30": "0.66000", "2012-06-30": "0.67000", "2012-03-31": "0.62000", "2011-12-31": "0.48500", "2011-09-30": "0.48500", "2011-06-30": "0.37500", "2011-03-31": "0.42500", "2010-12-31": "0.32000", "2010-09-30": "0.32000", "2010-06-30": "0.32500", "2010-03-31": "0.32000", "2009-12-31": "0.25000", "2009-09-30": "0.29000", "2009-06-30": "0.32500", "2009-03-31": "0.34000", "2008-12-31": "0.32000", "2008-09-30": "0.34000", "2008-06-30": "0.35000", "2008-03-31": "0.33500", "2007-12-31": "0.29500", "2007-09-30": "0.28000", "2007-06-30": "0.29000", "2007-03-31": "0.26500", "2006-12-31": "0.26500", "2006-09-30": "0.18000", "2006-06-30": "0.22000", "2006-03-31": "0.21000", "2005-12-31": "0.17500", "2005-09-30": "0.16000", "2005-06-30": "0.16000", "2005-03-31": "0.10000"}, "EPS - Earnings Per Share": {"2020-09-30": "0.67000", "2020-06-30": "0.46000", "2020-03-31": "0.58000", "2019-12-31": "0.86000", "2019-09-30": "0.48000", "2019-06-30": "0.54000", "2019-03-31": "-0.04000", "2018-12-31": "0.35000", "2018-09-30": "0.91000", "2018-06-30": "0.87000", "2018-03-31": "0.92000", "2017-12-31": "0.50000", "2017-09-30": "0.70000", "2017-06-30": "0.75000", "2017-03-31": "0.77000", "2016-12-31": "0.41000", "2016-09-30": "0.91000", "2016-06-30": "1.00000", "2016-03-31": "1.02000", "2015-12-31": "1.05000", "2015-09-30": "1.02000", "2015-06-30": "1.04000", "2015-03-31": "0.99000", "2014-12-31": "0.95000", "2014-09-30": "0.93000", "2014-06-30": "0.91000", "2014-03-31": "0.83000", "2013-12-31": "0.76000", "2013-09-30": "0.76000", "2013-06-30": "0.77000", "2013-03-31": "0.72000", "2012-12-31": "0.67000", "2012-09-30": "0.65000", "2012-06-30": "0.67000", "2012-03-31": "0.61000", "2011-12-31": "0.48000", "2011-09-30": "0.48000", "2011-06-30": "0.37500", "2011-03-31": "0.42500", "2010-12-31": "0.32500", "2010-09-30": "0.31500", "2010-06-30": "0.32500", "2010-03-31": "0.31500", "2009-12-31": "0.25000", "2009-09-30": "0.28500", "2009-06-30": "0.32000", "2009-03-31": "0.34000", "2008-12-31": "0.31500", "2008-09-30": "0.34000", "2008-06-30": "0.34500", "2008-03-31": "0.33000", "2007-12-31": "0.30000", "2007-09-30": "0.27500", "2007-06-30": "0.28500", "2007-03-31": "0.26000", "2006-12-31": "0.27000", "2006-09-30": "0.17500", "2006-06-30": "0.21500", "2006-03-31": "0.20500", "2005-12-31": "0.17000", "2005-09-30": "0.15500", "2005-06-30": "0.16000", "2005-03-31": "0.10000"}}, "balance sheet": {"Cash On Hand": {"2019-12-31": "604.20000", "2018-12-31": "2342.30000", "2017-12-31": "233.40100", "2016-12-31": "398.48400", "2015-12-31": "226.19100", "2014-12-31": "425.84900", "2013-12-31": "285.76000", "2012-12-31": "215.76600", "2011-12-31": "285.61500", "2010-12-31": "236.94100", "2009-12-31": "188.65900", "2008-12-31": "141.80500", "2007-12-31": "234.68900", "2006-12-31": "187.97900", "2005-12-31": "141.36500"}, "Receivables": {"2019-12-31": "1663.90000", "2018-12-31": "1146.80000", "2017-12-31": "1166.78700", "2016-12-31": "942.50800", "2015-12-31": "598.78900", "2014-12-31": "631.22600", "2013-12-31": "554.50300", "2012-12-31": "389.91500", "2011-12-31": "346.28100", "2010-12-31": "258.14900", "2009-12-31": "208.26000", "2008-12-31": "273.56000", "2007-12-31": "222.23500", "2006-12-31": "177.34500", "2005-12-31": "206.89100"}, "Inventory": {"2019-12-31": "1773.10000", "2018-12-31": "844.90000", "2017-12-31": "742.63400", "2016-12-31": "658.51000", "2015-12-31": "478.57400", "2014-12-31": "510.94900", "2013-12-31": "403.22900", "2012-12-31": "407.03900", "2011-12-31": "348.17400", "2010-12-31": "253.49100", "2009-12-31": "239.33300", "2008-12-31": "264.15800", "2007-12-31": "175.97700", "2006-12-31": "145.48100", "2005-12-31": "110.87300"}, "Pre-Paid Expenses": {"2019-12-31": "", "2018-12-31": "", "2017-12-31": "", "2016-12-31": "", "2015-12-31": "", "2014-12-31": "", "2013-12-31": "", "2012-12-31": "", "2011-12-31": "", "2010-12-31": "", "2009-12-31": "", "2008-12-31": "", "2007-12-31": "", "2006-12-31": "", "2005-12-31": ""}, "Other Current Assets": {"2019-12-31": "150.90000", "2018-12-31": "115.60000", "2017-12-31": "122.29100", "2016-12-31": "868.12900", "2015-12-31": "236.46600", "2014-12-31": "25.88700", "2013-12-31": "38.93300", "2012-12-31": "19.32400", "2011-12-31": "18.37300", "2010-12-31": "13.79900", "2009-12-31": "12.72400", "2008-12-31": "14.69300", "2007-12-31": "8.10000", "2006-12-31": "11.61300", "2005-12-31": "7.95900"}, "Total Current Assets": {"2019-12-31": "4192.10000", "2018-12-31": "4449.60000", "2017-12-31": "2265.11300", "2016-12-31": "2867.63100", "2015-12-31": "1540.02000", "2014-12-31": "1637.86400", "2013-12-31": "1333.04700", "2012-12-31": "1092.93800", "2011-12-31": "1055.78200", "2010-12-31": "801.95300", "2009-12-31": "689.50900", "2008-12-31": "725.34900", "2007-12-31": "665.76700", "2006-12-31": "547.19100", "2005-12-31": "482.92600"}, "Property, Plant, And Equipment": {"2019-12-31": "1655.80000", "2018-12-31": "563.80000", "2017-12-31": "573.97200", "2016-12-31": "518.37600", "2015-12-31": "353.19300", "2014-12-31": "339.11100", "2013-12-31": "276.07800", "2012-12-31": "244.08800", "2011-12-31": "222.02200", "2010-12-31": "206.22500", "2009-12-31": "201.70700", "2008-12-31": "207.54800", "2007-12-31": "182.43700", "2006-12-31": "178.30900", "2005-12-31": "161.60100"}, "Long-Term Investments": {"2019-12-31": "", "2018-12-31": "", "2017-12-31": "", "2016-12-31": "", "2015-12-31": "", "2014-12-31": "", "2013-12-31": "", "2012-12-31": "", "2011-12-31": "", "2010-12-31": "", "2009-12-31": "", "2008-12-31": "", "2007-12-31": "", "2006-12-31": "", "2005-12-31": ""}, "Goodwill And Intangible Assets": {"2019-12-31": "12464.60000", "2018-12-31": "3526.40000", "2017-12-31": "3664.53500", "2016-12-31": "3132.62500", "2015-12-31": "1299.06600", "2014-12-31": "1285.14900", "2013-12-31": "1172.11200", "2012-12-31": "974.34300", "2011-12-31": "844.88600", "2010-12-31": "762.74500", "2009-12-31": "670.60800", "2008-12-31": "556.18900", "2007-12-31": "291.26600", "2006-12-31": "217.74500", "2005-12-31": "157.31000"}, "Other Long-Term Assets": {"2019-12-31": "631.70000", "2018-12-31": "109.40000", "2017-12-31": "76.36000", "2016-12-31": "62.38600", "2015-12-31": "37.23400", "2014-12-31": "41.71700", "2013-12-31": "40.76000", "2012-12-31": "39.99000", "2011-12-31": "36.02300", "2010-12-31": "28.81200", "2009-12-31": "19.04700", "2008-12-31": "17.38200", "2007-12-31": "14.91600", "2006-12-31": "13.00900", "2005-12-31": "16.09200"}, "Total Long-Term Assets": {"2019-12-31": "14752.10000", "2018-12-31": "4199.60000", "2017-12-31": "4314.86700", "2016-12-31": "3713.38700", "2015-12-31": "1689.49300", "2014-12-31": "1665.97700", "2013-12-31": "1488.95000", "2012-12-31": "1258.60400", "2011-12-31": "1103.17100", "2010-12-31": "1001.12800", "2009-12-31": "896.32600", "2008-12-31": "782.17110", "2007-12-31": "492.93500", "2006-12-31": "425.65100", "2005-12-31": "353.43100"}, "Total Assets": {"2019-12-31": "18944.20000", "2018-12-31": "8649.20000", "2017-12-31": "6579.98000", "2016-12-31": "6581.01800", "2015-12-31": "3229.51300", "2014-12-31": "3303.84100", "2013-12-31": "2821.99700", "2012-12-31": "2351.54200", "2011-12-31": "2158.95300", "2010-12-31": "1803.08100", "2009-12-31": "1585.83500", "2008-12-31": "1507.52000", "2007-12-31": "1158.70200", "2006-12-31": "972.84200", "2005-12-31": "836.35700"}, "Total Current Liabilities": {"2019-12-31": "3258.00000", "2018-12-31": "1646.60000", "2017-12-31": "1573.33000", "2016-12-31": "1446.63900", "2015-12-31": "664.77600", "2014-12-31": "738.80200", "2013-12-31": "579.40000", "2012-12-31": "553.05900", "2011-12-31": "541.38500", "2010-12-31": "348.37400", "2009-12-31": "305.34800", "2008-12-31": "388.05100", "2007-12-31": "295.23500", "2006-12-31": "243.79100", "2005-12-31": "236.57100"}, "Long Term Debt": {"2019-12-31": "4333.60000", "2018-12-31": "3792.80000", "2017-12-31": "1823.30300", "2016-12-31": "1762.96700", "2015-12-31": "691.80500", "2014-12-31": "520.40300", "2013-12-31": "450.28800", "2012-12-31": "317.85300", "2011-12-31": "395.80500", "2010-12-31": "382.00700", "2009-12-31": "359.03900", "2008-12-31": "356.69900", "2007-12-31": "150.17700", "2006-12-31": "150.00000", "2005-12-31": "150.00000"}, "Other Non-Current Liabilities": {"2019-12-31": "1100.70000", "2018-12-31": "47.00000", "2017-12-31": "75.17900", "2016-12-31": "38.31000", "2015-12-31": "43.30900", "2014-12-31": "41.51500", "2013-12-31": "40.65300", "2012-12-31": "41.04900", "2011-12-31": "36.06500", "2010-12-31": "32.30000", "2009-12-31": "26.30100", "2008-12-31": "34.75000", "2007-12-31": "32.64900", "2006-12-31": "19.63700", "2005-12-31": "21.42900"}, "Total Long Term Liabilities": {"2019-12-31": "5692.60000", "2018-12-31": "4133.50000", "2017-12-31": "2178.11800", "2016-12-31": "2157.55400", "2015-12-31": "863.39800", "2014-12-31": "756.74100", "2013-12-31": "655.43000", "2012-12-31": "516.46600", "2011-12-31": "569.92400", "2010-12-31": "551.31990", "2009-12-31": "501.57400", "2008-12-31": "473.66200", "2007-12-31": "246.19900", "2006-12-31": "259.16200", "2005-12-31": "220.57900"}, "Total Liabilities": {"2019-12-31": "8950.60000", "2018-12-31": "5780.10000", "2017-12-31": "3751.44800", "2016-12-31": "3604.19300", "2015-12-31": "1528.17400", "2014-12-31": "1495.54300", "2013-12-31": "1234.83000", "2012-12-31": "1069.52500", "2011-12-31": "1111.30900", "2010-12-31": "899.69400", "2009-12-31": "806.92200", "2008-12-31": "861.71300", "2007-12-31": "541.43400", "2006-12-31": "502.95300", "2005-12-31": "457.15000"}, "Common Stock Net": {"2019-12-31": "2.00000", "2018-12-31": "1.30000", "2017-12-31": "1.32300", "2016-12-31": "1.32300", "2015-12-31": "1.32300", "2014-12-31": "1.32300", "2013-12-31": "1.32300", "2012-12-31": "1.32300", "2011-12-31": "0.66200", "2010-12-31": "0.66200", "2009-12-31": "0.66200", "2008-12-31": "0.66200", "2007-12-31": "0.66200", "2006-12-31": "0.66200", "2005-12-31": "0.66200"}, "Retained Earnings (Accumulated Deficit)": {"2019-12-31": "3267.00000", "2018-12-31": "3022.00000", "2017-12-31": "2773.30000", "2016-12-31": "2553.25800", "2015-12-31": "2280.80100", "2014-12-31": "1909.13600", "2013-12-31": "1576.70200", "2012-12-31": "1297.11100", "2011-12-31": "1053.70600", "2010-12-31": "887.40600", "2009-12-31": "766.22100", "2008-12-31": "653.08300", "2007-12-31": "524.53800", "2006-12-31": "419.60300", "2005-12-31": "336.74400"}, "Comprehensive Income": {"2019-12-31": "-382.60000", "2018-12-31": "-256.60000", "2017-12-31": "-44.99200", "2016-12-31": "-379.60500", "2015-12-31": "-276.71900", "2014-12-31": "-159.48600", "2013-12-31": "-34.85600", "2012-12-31": "-53.56400", "2011-12-31": "-60.89700", "2010-12-31": "-38.07700", "2009-12-31": "-30.54600", "2008-12-31": "-60.54000", "2007-12-31": "9.27100", "2006-12-31": "-32.30500", "2005-12-31": "-26.92500"}, "Other Share Holders Equity": {"2019-12-31": "", "2018-12-31": "", "2017-12-31": "", "2016-12-31": "", "2015-12-31": "", "2014-12-31": "", "2013-12-31": "", "2012-12-31": "", "2011-12-31": "", "2010-12-31": "", "2009-12-31": "", "2008-12-31": "", "2007-12-31": "", "2006-12-31": "", "2005-12-31": ""}, "Share Holder Equity": {"2019-12-31": "9993.60000", "2018-12-31": "2869.10000", "2017-12-31": "2828.53200", "2016-12-31": "2976.82500", "2015-12-31": "1701.33900", "2014-12-31": "1808.29800", "2013-12-31": "1587.16700", "2012-12-31": "1282.01700", "2011-12-31": "1047.64400", "2010-12-31": "903.38700", "2009-12-31": "778.91300", "2008-12-31": "645.80700", "2007-12-31": "617.26800", "2006-12-31": "469.88900", "2005-12-31": "379.20700"}, "Total Liabilities And Share Holders Equity": {"2019-12-31": "18944.20000", "2018-12-31": "8649.20000", "2017-12-31": "6579.98000", "2016-12-31": "6581.01800", "2015-12-31": "3229.51300", "2014-12-31": "3303.84100", "2013-12-31": "2821.99700", "2012-12-31": "2351.54200", "2011-12-31": "2158.95300", "2010-12-31": "1803.08100", "2009-12-31": "1585.83500", "2008-12-31": "1507.52000", "2007-12-31": "1158.70200", "2006-12-31": "972.84200", "2005-12-31": "836.35700"}}, "balance sheet, quarterly": {"Cash On Hand": {"2020-09-30": "559.30000", "2020-06-30": "587.90000", "2020-03-31": "615.90000", "2019-12-31": "604.20000", "2019-09-30": "587.40000", "2019-06-30": "461.37100", "2019-03-31": "512.87000", "2018-12-31": "2342.30000", "2018-09-30": "2135.38100", "2018-06-30": "245.57400", "2018-03-31": "249.88600", "2017-12-31": "233.40100", "2017-09-30": "228.08000", "2017-06-30": "328.52200", "2017-03-31": "280.17900", "2016-12-31": "398.48400", "2016-09-30": "250.38200", "2016-06-30": "302.93500", "2016-03-31": "262.77400", "2015-12-31": "226.19100", "2015-09-30": "208.24100", "2015-06-30": "264.84400", "2015-03-31": "249.13500", "2014-12-31": "425.84900", "2014-09-30": "212.54100", "2014-06-30": "225.90700", "2014-03-31": "295.10300", "2013-12-31": "285.76000", "2013-09-30": "281.00700", "2013-06-30": "214.50500", "2013-03-31": "225.33800", "2012-12-31": "215.76600", "2012-09-30": "282.05500", "2012-06-30": "234.10500", "2012-03-31": "269.30400", "2011-12-31": "285.61500", "2011-09-30": "221.13600", "2011-06-30": "221.47500", "2011-03-31": "200.68700", "2010-12-31": "236.94100", "2010-09-30": "176.80800", "2010-06-30": "166.50900", "2010-03-31": "178.90000", "2009-12-31": "188.65900", "2009-09-30": "255.18500", "2009-06-30": "121.33300", "2009-03-31": "98.09200", "2008-12-31": "141.80500", "2008-09-30": "186.39000", "2008-06-30": "241.68000", "2008-03-31": "174.83300", "2007-12-31": "234.68900", "2007-09-30": "158.02600", "2007-06-30": "141.22600", "2007-03-31": "206.47900", "2006-12-31": "187.97900", "2006-09-30": "247.58500", "2006-06-30": "238.90700", "2006-03-31": "191.45600", "2005-12-31": "141.36500", "2005-09-30": "106.09200", "2005-06-30": "96.91000", "2005-03-31": "68.15000"}, "Receivables": {"2020-09-30": "1433.50000", "2020-06-30": "1410.30000", "2020-03-31": "1672.00000", "2019-12-31": "1663.90000", "2019-09-30": "1673.30000", "2019-06-30": "1707.40900", "2019-03-31": "1726.82400", "2018-12-31": "1146.80000", "2018-09-30": "1240.52100", "2018-06-30": "1213.23400", "2018-03-31": "1268.69700", "2017-12-31": "1166.78700", "2017-09-30": "1144.33900", "2017-06-30": "1128.99100", "2017-03-31": "1051.54200", "2016-12-31": "942.50800", "2016-09-30": "624.22600", "2016-06-30": "586.35100", "2016-03-31": "619.78600", "2015-12-31": "598.78900", "2015-09-30": "625.34400", "2015-06-30": "680.26900", "2015-03-31": "665.66900", "2014-12-31": "631.22600", "2014-09-30": "715.10800", "2014-06-30": "717.05000", "2014-03-31": "636.65400", "2013-12-31": "554.50300", "2013-09-30": "570.27600", "2013-06-30": "488.44900", "2013-03-31": "432.79700", "2012-12-31": "389.91500", "2012-09-30": "430.23000", "2012-06-30": "442.14100", "2012-03-31": "396.49000", "2011-12-31": "346.28100", "2011-09-30": "346.43600", "2011-06-30": "336.67300", "2011-03-31": "305.68700", "2010-12-31": "258.14900", "2010-09-30": "264.79300", "2010-06-30": "275.20100", "2010-03-31": "247.94900", "2009-12-31": "208.26000", "2009-09-30": "230.98100", "2009-06-30": "251.79800", "2009-03-31": "259.60700", "2008-12-31": "273.56000", "2008-09-30": "298.68300", "2008-06-30": "284.14500", "2008-03-31": "286.35000", "2007-12-31": "222.23500", "2007-09-30": "215.68800", "2007-06-30": "201.41100", "2007-03-31": "197.82500", "2006-12-31": "177.34500", "2006-09-30": "157.21500", "2006-06-30": "162.99300", "2006-03-31": "168.44500", "2005-12-31": "206.89100", "2005-09-30": "173.35200", "2005-06-30": "168.05000", "2005-03-31": "160.02500"}, "Inventory": {"2020-09-30": "1779.70000", "2020-06-30": "1799.50000", "2020-03-31": "1785.70000", "2019-12-31": "1773.10000", "2019-09-30": "1957.30000", "2019-06-30": "1881.79100", "2019-03-31": "1947.22000", "2018-12-31": "844.90000", "2018-09-30": "866.20500", "2018-06-30": "863.79300", "2018-03-31": "829.27600", "2017-12-31": "742.63400", "2017-09-30": "764.78100", "2017-06-30": "746.23600", "2017-03-31": "703.88100", "2016-12-31": "658.51000", "2016-09-30": "495.99800", "2016-06-30": "493.44200", "2016-03-31": "478.72300", "2015-12-31": "478.57400", "2015-09-30": "517.48600", "2015-06-30": "535.00200", "2015-03-31": "515.94500", "2014-12-31": "510.94900", "2014-09-30": "489.05300", "2014-06-30": "481.50700", "2014-03-31": "420.05800", "2013-12-31": "403.22900", "2013-09-30": "400.29500", "2013-06-30": "405.93800", "2013-03-31": "428.58400", "2012-12-31": "407.03900", "2012-09-30": "391.59200", "2012-06-30": "388.79800", "2012-03-31": "370.74000", "2011-12-31": "348.17400", "2011-09-30": "324.87600", "2011-06-30": "311.16900", "2011-03-31": "284.96400", "2010-12-31": "253.49100", "2010-09-30": "248.79500", "2010-06-30": "239.43900", "2010-03-31": "241.08600", "2009-12-31": "239.33300", "2009-09-30": "244.86800", "2009-06-30": "249.60000", "2009-03-31": "253.32900", "2008-12-31": "264.15800", "2008-09-30": "223.36700", "2008-06-30": "196.33100", "2008-03-31": "186.04700", "2007-12-31": "175.97700", "2007-09-30": "185.88400", "2007-06-30": "184.60500", "2007-03-31": "156.36000", "2006-12-31": "145.48100", "2006-09-30": "135.89300", "2006-06-30": "139.73700", "2006-03-31": "128.66100", "2005-12-31": "110.87300", "2005-09-30": "125.46800", "2005-06-30": "117.75600", "2005-03-31": "108.26800"}, "Pre-Paid Expenses": {"2020-09-30": "", "2020-06-30": "", "2020-03-31": "", "2019-12-31": "", "2019-09-30": "", "2019-06-30": "", "2019-03-31": "", "2018-12-31": "", "2018-09-30": "", "2018-06-30": "", "2018-03-31": "", "2017-12-31": "", "2017-09-30": "", "2017-06-30": "", "2017-03-31": "", "2016-12-31": "", "2016-09-30": "", "2016-06-30": "", "2016-03-31": "", "2015-12-31": "", "2015-09-30": "", "2015-06-30": "", "2015-03-31": "", "2014-12-31": "", "2014-09-30": "", "2014-06-30": "", "2014-03-31": "", "2013-12-31": "", "2013-09-30": "", "2013-06-30": "", "2013-03-31": "", "2012-12-31": "", "2012-09-30": "", "2012-06-30": "", "2012-03-31": "", "2011-12-31": "", "2011-09-30": "", "2011-06-30": "", "2011-03-31": "", "2010-12-31": "", "2010-09-30": "", "2010-06-30": "", "2010-03-31": "", "2009-12-31": "", "2009-09-30": "", "2009-06-30": "", "2009-03-31": "", "2008-12-31": "", "2008-09-30": "", "2008-06-30": "", "2008-03-31": "", "2007-12-31": "", "2007-09-30": "", "2007-06-30": "", "2007-03-31": "", "2006-12-31": "", "2006-09-30": "", "2006-06-30": "", "2006-03-31": "", "2005-12-31": "", "2005-09-30": "", "2005-06-30": "", "2005-03-31": ""}, "Other Current Assets": {"2020-09-30": "163.70000", "2020-06-30": "172.00000", "2020-03-31": "167.50000", "2019-12-31": "150.90000", "2019-09-30": "192.40000", "2019-06-30": "178.56900", "2019-03-31": "194.22300", "2018-12-31": "115.60000", "2018-09-30": "111.44100", "2018-06-30": "124.28600", "2018-03-31": "117.95500", "2017-12-31": "122.29100", "2017-09-30": "139.92500", "2017-06-30": "141.06000", "2017-03-31": "130.63100", "2016-12-31": "868.12900", "2016-09-30": "248.78500", "2016-06-30": "241.92500", "2016-03-31": "253.03800", "2015-12-31": "236.46600", "2015-09-30": "252.99500", "2015-06-30": "55.64300", "2015-03-31": "28.76800", "2014-12-31": "25.88700", "2014-09-30": "64.86600", "2014-06-30": "49.87000", "2014-03-31": "30.45800", "2013-12-31": "38.93300", "2013-09-30": "31.64800", "2013-06-30": "20.71700", "2013-03-31": "21.36000", "2012-12-31": "19.32400", "2012-09-30": "21.58000", "2012-06-30": "19.60800", "2012-03-31": "20.15700", "2011-12-31": "18.37300", "2011-09-30": "18.90100", "2011-06-30": "23.17800", "2011-03-31": "14.33700", "2010-12-31": "13.79900", "2010-09-30": "15.66600", "2010-06-30": "13.52700", "2010-03-31": "12.42100", "2009-12-31": "12.72400", "2009-09-30": "10.35100", "2009-06-30": "11.29100", "2009-03-31": "9.47000", "2008-12-31": "14.69300", "2008-09-30": "11.83300", "2008-06-30": "10.85700", "2008-03-31": "9.32800", "2007-12-31": "8.10000", "2007-09-30": "12.88800", "2007-06-30": "17.89000", "2007-03-31": "8.55000", "2006-12-31": "11.61300", "2006-09-30": "9.90000", "2006-06-30": "12.44400", "2006-03-31": "10.80000", "2005-12-31": "7.95900", "2005-09-30": "11.44600", "2005-06-30": "10.29700", "2005-03-31": "12.01500"}, "Total Current Assets": {"2020-09-30": "3936.20000", "2020-06-30": "3969.70000", "2020-03-31": "4241.10000", "2019-12-31": "4192.10000", "2019-09-30": "4410.40000", "2019-06-30": "4229.14000", "2019-03-31": "4381.13700", "2018-12-31": "4449.60000", "2018-09-30": "4353.54800", "2018-06-30": "2446.88700", "2018-03-31": "2465.81400", "2017-12-31": "2265.11300", "2017-09-30": "2277.12500", "2017-06-30": "2344.80900", "2017-03-31": "2166.23300", "2016-12-31": "2867.63100", "2016-09-30": "1695.13200", "2016-06-30": "1700.35800", "2016-03-31": "1686.56500", "2015-12-31": "1540.02000", "2015-09-30": "1650.09100", "2015-06-30": "1579.96600", "2015-03-31": "1503.93300", "2014-12-31": "1637.86400", "2014-09-30": "1533.80800", "2014-06-30": "1526.85100", "2014-03-31": "1434.17800", "2013-12-31": "1333.04700", "2013-09-30": "1344.43400", "2013-06-30": "1189.98500", "2013-03-31": "1168.98600", "2012-12-31": "1092.93800", "2012-09-30": "1184.04900", "2012-06-30": "1143.46400", "2012-03-31": "1114.02200", "2011-12-31": "1055.78200", "2011-09-30": "950.37700", "2011-06-30": "931.93200", "2011-03-31": "844.93500", "2010-12-31": "801.95300", "2010-09-30": "743.77800", "2010-06-30": "731.64000", "2010-03-31": "716.44900", "2009-12-31": "689.50900", "2009-09-30": "773.09300", "2009-06-30": "665.48000", "2009-03-31": "651.59800", "2008-12-31": "725.34900", "2008-09-30": "744.52700", "2008-06-30": "757.48400", "2008-03-31": "680.86400", "2007-12-31": "665.76700", "2007-09-30": "596.21400", "2007-06-30": "568.84300", "2007-03-31": "593.38300", "2006-12-31": "547.19100", "2006-09-30": "566.21000", "2006-06-30": "569.69300", "2006-03-31": "514.78400", "2005-12-31": "482.92600", "2005-09-30": "430.55200", "2005-06-30": "407.20200", "2005-03-31": "363.70900"}, "Property, Plant, And Equipment": {"2020-09-30": "1603.70000", "2020-06-30": "1612.40000", "2020-03-31": "1623.00000", "2019-12-31": "1655.80000", "2019-09-30": "1622.70000", "2019-06-30": "1646.09700", "2019-03-31": "1634.96600", "2018-12-31": "563.80000", "2018-09-30": "557.42300", "2018-06-30": "555.83400", "2018-03-31": "573.40100", "2017-12-31": "573.97200", "2017-09-30": "550.36700", "2017-06-30": "547.84200", "2017-03-31": "524.05900", "2016-12-31": "518.37600", "2016-09-30": "357.97000", "2016-06-30": "348.65000", "2016-03-31": "353.87300", "2015-12-31": "353.19300", "2015-09-30": "351.23400", "2015-06-30": "356.97000", "2015-03-31": "349.04300", "2014-12-31": "339.11100", "2014-09-30": "342.36500", "2014-06-30": "343.15400", "2014-03-31": "273.64700", "2013-12-31": "276.07800", "2013-09-30": "266.95000", "2013-06-30": "240.96600", "2013-03-31": "242.71600", "2012-12-31": "244.08800", "2012-09-30": "229.14700", "2012-06-30": "226.70700", "2012-03-31": "225.02200", "2011-12-31": "222.02200", "2011-09-30": "209.91800", "2011-06-30": "218.44400", "2011-03-31": "216.42500", "2010-12-31": "206.22500", "2010-09-30": "203.14200", "2010-06-30": "192.47700", "2010-03-31": "200.15500", "2009-12-31": "201.70700", "2009-09-30": "196.05100", "2009-06-30": "194.47600", "2009-03-31": "193.32900", "2008-12-31": "207.54800", "2008-09-30": "184.01000", "2008-06-30": "179.15600", "2008-03-31": "182.01800", "2007-12-31": "182.43700", "2007-09-30": "181.48600", "2007-06-30": "179.64400", "2007-03-31": "176.11600", "2006-12-31": "178.30900", "2006-09-30": "160.20600", "2006-06-30": "164.49600", "2006-03-31": "161.38000", "2005-12-31": "161.60100", "2005-09-30": "163.15600", "2005-06-30": "162.01200", "2005-03-31": "164.69900"}, "Long-Term Investments": {"2020-09-30": "", "2020-06-30": "", "2020-03-31": "", "2019-12-31": "", "2019-09-30": "", "2019-06-30": "", "2019-03-31": "", "2018-12-31": "", "2018-09-30": "", "2018-06-30": "", "2018-03-31": "", "2017-12-31": "", "2017-09-30": "", "2017-06-30": "", "2017-03-31": "", "2016-12-31": "", "2016-09-30": "", "2016-06-30": "", "2016-03-31": "", "2015-12-31": "", "2015-09-30": "", "2015-06-30": "", "2015-03-31": "", "2014-12-31": "", "2014-09-30": "", "2014-06-30": "", "2014-03-31": "", "2013-12-31": "", "2013-09-30": "", "2013-06-30": "", "2013-03-31": "", "2012-12-31": "", "2012-09-30": "", "2012-06-30": "", "2012-03-31": "", "2011-12-31": "", "2011-09-30": "", "2011-06-30": "", "2011-03-31": "", "2010-12-31": "", "2010-09-30": "", "2010-06-30": "", "2010-03-31": "", "2009-12-31": "", "2009-09-30": "", "2009-06-30": "", "2009-03-31": "", "2008-12-31": "", "2008-09-30": "", "2008-06-30": "", "2008-03-31": "", "2007-12-31": "", "2007-09-30": "", "2007-06-30": "", "2007-03-31": "", "2006-12-31": "", "2006-09-30": "", "2006-06-30": "", "2006-03-31": "", "2005-12-31": "", "2005-09-30": "", "2005-06-30": "", "2005-03-31": ""}, "Goodwill And Intangible Assets": {"2020-09-30": "12255.70000", "2020-06-30": "12245.30000", "2020-03-31": "12283.70000", "2019-12-31": "12464.60000", "2019-09-30": "12310.20000", "2019-06-30": "12515.03000", "2019-03-31": "12506.49000", "2018-12-31": "3526.40000", "2018-09-30": "3569.97800", "2018-06-30": "3602.99100", "2018-03-31": "3760.54600", "2017-12-31": "3664.53500", "2017-09-30": "3525.14500", "2017-06-30": "3472.97300", "2017-03-31": "3277.61500", "2016-12-31": "3132.62500", "2016-09-30": "1334.31600", "2016-06-30": "1290.35800", "2016-03-31": "1304.77200", "2015-12-31": "1299.06600", "2015-09-30": "1289.98600", "2015-06-30": "1319.45400", "2015-03-31": "1275.52000", "2014-12-31": "1285.14900", "2014-09-30": "1313.99300", "2014-06-30": "1257.00100", "2014-03-31": "1168.15100", "2013-12-31": "1172.11200", "2013-09-30": "1166.89300", "2013-06-30": "1044.78800", "2013-03-31": "1053.31800", "2012-12-31": "974.34300", "2012-09-30": "941.82200", "2012-06-30": "921.61710", "2012-03-31": "847.87100", "2011-12-31": "844.88600", "2011-09-30": "803.04800", "2011-06-30": "821.37900", "2011-03-31": "803.08000", "2010-12-31": "762.74500", "2010-09-30": "723.79100", "2010-06-30": "682.26800", "2010-03-31": "696.75100", "2009-12-31": "670.60800", "2009-09-30": "585.50900", "2009-06-30": "577.42000", "2009-03-31": "556.76100", "2008-12-31": "556.18900", "2008-09-30": "333.86700", "2008-06-30": "295.55200", "2008-03-31": "295.52400", "2007-12-31": "291.26600", "2007-09-30": "280.02100", "2007-06-30": "271.84400", "2007-03-31": "216.72400", "2006-12-31": "217.74500", "2006-09-30": "156.13700", "2006-06-30": "157.37000", "2006-03-31": "156.85700", "2005-12-31": "157.31000", "2005-09-30": "163.20300", "2005-06-30": "164.27200", "2005-03-31": "167.06700"}, "Other Long-Term Assets": {"2020-09-30": "648.80000", "2020-06-30": "638.00000", "2020-03-31": "625.30000", "2019-12-31": "631.70000", "2019-09-30": "557.60000", "2019-06-30": "552.32900", "2019-03-31": "555.30800", "2018-12-31": "109.40000", "2018-09-30": "72.27700", "2018-06-30": "71.89400", "2018-03-31": "76.02000", "2017-12-31": "76.36000", "2017-09-30": "97.01300", "2017-06-30": "73.11600", "2017-03-31": "62.99200", "2016-12-31": "62.38600", "2016-09-30": "40.73900", "2016-06-30": "39.83000", "2016-03-31": "35.57500", "2015-12-31": "37.23400", "2015-09-30": "34.77100", "2015-06-30": "41.73300", "2015-03-31": "39.01100", "2014-12-31": "41.71700", "2014-09-30": "38.22100", "2014-06-30": "36.86200", "2014-03-31": "40.54300", "2013-12-31": "40.76000", "2013-09-30": "38.70300", "2013-06-30": "40.65100", "2013-03-31": "41.15500", "2012-12-31": "39.99000", "2012-09-30": "41.02400", "2012-06-30": "40.10900", "2012-03-31": "32.57900", "2011-12-31": "36.02300", "2011-09-30": "39.99200", "2011-06-30": "36.42900", "2011-03-31": "29.18000", "2010-12-31": "28.81200", "2010-09-30": "26.17900", "2010-06-30": "17.65900", "2010-03-31": "19.05400", "2009-12-31": "19.04700", "2009-09-30": "19.55500", "2009-06-30": "19.62100", "2009-03-31": "18.17500", "2008-12-31": "17.38200", "2008-09-30": "18.46400", "2008-06-30": "19.37200", "2008-03-31": "14.87300", "2007-12-31": "14.91600", "2007-09-30": "18.54100", "2007-06-30": "14.41100", "2007-03-31": "13.58100", "2006-12-31": "13.00900", "2006-09-30": "9.18500", "2006-06-30": "10.36400", "2006-03-31": "13.01800", "2005-12-31": "16.09200", "2005-09-30": "15.68200", "2005-06-30": "14.08000", "2005-03-31": "15.89600"}, "Total Long-Term Assets": {"2020-09-30": "14508.20000", "2020-06-30": "14495.70000", "2020-03-31": "14532.00000", "2019-12-31": "14752.10000", "2019-09-30": "14490.50000", "2019-06-30": "14713.45000", "2019-03-31": "14696.77000", "2018-12-31": "4199.60000", "2018-09-30": "4199.67800", "2018-06-30": "4230.71900", "2018-03-31": "4409.96700", "2017-12-31": "4314.86700", "2017-09-30": "4172.52500", "2017-06-30": "4093.93100", "2017-03-31": "3864.66600", "2016-12-31": "3713.38700", "2016-09-30": "1733.02500", "2016-06-30": "1678.83800", "2016-03-31": "1694.22000", "2015-12-31": "1689.49300", "2015-09-30": "1675.99100", "2015-06-30": "1718.15700", "2015-03-31": "1663.57400", "2014-12-31": "1665.97700", "2014-09-30": "1694.57900", "2014-06-30": "1637.01700", "2014-03-31": "1482.34100", "2013-12-31": "1488.95000", "2013-09-30": "1472.54600", "2013-06-30": "1326.40500", "2013-03-31": "1337.18900", "2012-12-31": "1258.60400", "2012-09-30": "1211.99300", "2012-06-30": "1188.43300", "2012-03-31": "1105.55200", "2011-12-31": "1103.17100", "2011-09-30": "1055.24000", "2011-06-30": "1079.54600", "2011-03-31": "1052.19300", "2010-12-31": "1001.12800", "2010-09-30": "961.90200", "2010-06-30": "900.54400", "2010-03-31": "921.79100", "2009-12-31": "896.32600", "2009-09-30": "801.72200", "2009-06-30": "794.70400", "2009-03-31": "769.33700", "2008-12-31": "782.17110", "2008-09-30": "540.68400", "2008-06-30": "498.61600", "2008-03-31": "496.93100", "2007-12-31": "492.93500", "2007-09-30": "506.54800", "2007-06-30": "489.74600", "2007-03-31": "429.28800", "2006-12-31": "425.65100", "2006-09-30": "344.05100", "2006-06-30": "350.75600", "2006-03-31": "347.65400", "2005-12-31": "353.43100", "2005-09-30": "377.51700", "2005-06-30": "375.84000", "2005-03-31": "382.40200"}, "Total Assets": {"2020-09-30": "18444.40000", "2020-06-30": "18465.40000", "2020-03-31": "18773.10000", "2019-12-31": "18944.20000", "2019-09-30": "18900.90000", "2019-06-30": "18942.59000", "2019-03-31": "19077.90000", "2018-12-31": "8649.20000", "2018-09-30": "8553.22600", "2018-06-30": "6677.60600", "2018-03-31": "6875.78100", "2017-12-31": "6579.98000", "2017-09-30": "6449.65000", "2017-06-30": "6438.74000", "2017-03-31": "6030.89900", "2016-12-31": "6581.01800", "2016-09-30": "3428.15700", "2016-06-30": "3379.19600", "2016-03-31": "3380.78500", "2015-12-31": "3229.51300", "2015-09-30": "3326.08200", "2015-06-30": "3298.12300", "2015-03-31": "3167.50700", "2014-12-31": "3303.84100", "2014-09-30": "3228.38700", "2014-06-30": "3163.86800", "2014-03-31": "2916.51900", "2013-12-31": "2821.99700", "2013-09-30": "2816.98000", "2013-06-30": "2516.39000", "2013-03-31": "2506.17500", "2012-12-31": "2351.54200", "2012-09-30": "2396.04200", "2012-06-30": "2331.89700", "2012-03-31": "2219.57400", "2011-12-31": "2158.95300", "2011-09-30": "2005.61700", "2011-06-30": "2011.47800", "2011-03-31": "1897.12800", "2010-12-31": "1803.08100", "2010-09-30": "1705.68000", "2010-06-30": "1632.18400", "2010-03-31": "1638.24000", "2009-12-31": "1585.83500", "2009-09-30": "1574.81500", "2009-06-30": "1460.18400", "2009-03-31": "1420.93500", "2008-12-31": "1507.52000", "2008-09-30": "1285.21100", "2008-06-30": "1256.10000", "2008-03-31": "1177.79500", "2007-12-31": "1158.70200", "2007-09-30": "1102.76200", "2007-06-30": "1058.58900", "2007-03-31": "1022.67100", "2006-12-31": "972.84200", "2006-09-30": "910.26100", "2006-06-30": "920.44900", "2006-03-31": "862.43800", "2005-12-31": "836.35700", "2005-09-30": "808.06900", "2005-06-30": "783.04200", "2005-03-31": "746.11100"}, "Total Current Liabilities": {"2020-09-30": "3228.60000", "2020-06-30": "3483.20000", "2020-03-31": "2981.60000", "2019-12-31": "3258.00000", "2019-09-30": "3198.90000", "2019-06-30": "3211.31500", "2019-03-31": "3254.43500", "2018-12-31": "1646.60000", "2018-09-30": "1530.29300", "2018-06-30": "1606.46800", "2018-03-31": "1648.04800", "2017-12-31": "1573.33000", "2017-09-30": "1465.44000", "2017-06-30": "1482.09900", "2017-03-31": "1471.40700", "2016-12-31": "1446.63900", "2016-09-30": "624.93500", "2016-06-30": "664.55200", "2016-03-31": "657.66800", "2015-12-31": "664.77600", "2015-09-30": "654.64900", "2015-06-30": "699.52700", "2015-03-31": "695.76900", "2014-12-31": "738.80200", "2014-09-30": "674.74800", "2014-06-30": "668.41600", "2014-03-31": "580.90500", "2013-12-31": "579.40000", "2013-09-30": "541.75800", "2013-06-30": "524.27200", "2013-03-31": "560.98100", "2012-12-31": "553.05900", "2012-09-30": "540.69200", "2012-06-30": "550.31400", "2012-03-31": "535.55800", "2011-12-31": "541.38500", "2011-09-30": "453.59300", "2011-06-30": "456.14400", "2011-03-31": "381.47100", "2010-12-31": "348.37400", "2010-09-30": "319.13300", "2010-06-30": "310.45300", "2010-03-31": "309.99100", "2009-12-31": "305.34800", "2009-09-30": "309.82100", "2009-06-30": "316.56000", "2009-03-31": "311.83700", "2008-12-31": "388.05100", "2008-09-30": "351.90000", "2008-06-30": "325.22400", "2008-03-31": "290.58600", "2007-12-31": "295.23500", "2007-09-30": "241.93400", "2007-06-30": "244.04700", "2007-03-31": "245.92900", "2006-12-31": "243.79100", "2006-09-30": "237.67500", "2006-06-30": "255.44500", "2006-03-31": "237.03400", "2005-12-31": "236.57100", "2005-09-30": "223.60700", "2005-06-30": "215.09500", "2005-03-31": "199.05400"}, "Long Term Debt": {"2020-09-30": "3799.90000", "2020-06-30": "3768.70000", "2020-03-31": "4655.10000", "2019-12-31": "4333.60000", "2019-09-30": "4633.50000", "2019-06-30": "4528.76800", "2019-03-31": "4641.28600", "2018-12-31": "3792.80000", "2018-09-30": "3818.06100", "2018-06-30": "1857.80600", "2018-03-31": "1871.07600", "2017-12-31": "1823.30300", "2017-09-30": "1824.15600", "2017-06-30": "1934.60400", "2017-03-31": "1782.62400", "2016-12-31": "1762.96700", "2016-09-30": "819.77000", "2016-06-30": "744.13900", "2016-03-31": "801.88300", "2015-12-31": "691.80500", "2015-09-30": "450.58900", "2015-06-30": "400.34800", "2015-03-31": "420.40600", "2014-12-31": "520.40300", "2014-09-30": "521.08700", "2014-06-30": "500.21900", "2014-03-31": "450.24700", "2013-12-31": "450.28800", "2013-09-30": "539.60600", "2013-06-30": "396.91500", "2013-03-31": "417.52700", "2012-12-31": "317.85300", "2012-09-30": "432.85400", "2012-06-30": "443.08800", "2012-03-31": "385.83100", "2011-12-31": "395.80500", "2011-09-30": "366.08700", "2011-06-30": "356.19000", "2011-03-31": "360.00100", "2010-12-31": "382.00700", "2010-09-30": "369.77200", "2010-06-30": "369.74300", "2010-03-31": "384.99000", "2009-12-31": "359.03900", "2009-09-30": "400.36500", "2009-06-30": "320.53500", "2009-03-31": "331.75300", "2008-12-31": "356.69900", "2008-09-30": "150.12100", "2008-06-30": "150.13500", "2008-03-31": "150.16100", "2007-12-31": "150.17700", "2007-09-30": "150.00000", "2007-06-30": "150.00000", "2007-03-31": "150.00000", "2006-12-31": "150.00000", "2006-09-30": "150.00000", "2006-06-30": "150.00000", "2006-03-31": "150.00000", "2005-12-31": "150.00000", "2005-09-30": "150.31200", "2005-06-30": "150.32600", "2005-03-31": "150.40900"}, "Other Non-Current Liabilities": {"2020-09-30": "1094.30000", "2020-06-30": "1070.70000", "2020-03-31": "1078.10000", "2019-12-31": "1100.70000", "2019-09-30": "1173.90000", "2019-06-30": "1101.86700", "2019-03-31": "1129.08900", "2018-12-31": "47.00000", "2018-09-30": "45.66100", "2018-06-30": "84.35100", "2018-03-31": "80.09200", "2017-12-31": "75.17900", "2017-09-30": "32.94600", "2017-06-30": "37.35900", "2017-03-31": "39.75200", "2016-12-31": "38.31000", "2016-09-30": "40.45200", "2016-06-30": "42.60700", "2016-03-31": "41.95700", "2015-12-31": "43.30900", "2015-09-30": "43.20800", "2015-06-30": "44.08600", "2015-03-31": "42.13100", "2014-12-31": "41.51500", "2014-09-30": "37.02300", "2014-06-30": "46.00300", "2014-03-31": "37.16300", "2013-12-31": "40.65300", "2013-09-30": "39.80300", "2013-06-30": "38.77200", "2013-03-31": "43.18800", "2012-12-31": "41.04900", "2012-09-30": "40.34300", "2012-06-30": "33.42400", "2012-03-31": "35.55300", "2011-12-31": "36.06500", "2011-09-30": "38.36300", "2011-06-30": "37.94900", "2011-03-31": "45.60100", "2010-12-31": "32.30000", "2010-09-30": "31.13900", "2010-06-30": "30.27600", "2010-03-31": "27.57900", "2009-12-31": "26.30100", "2009-09-30": "28.01100", "2009-06-30": "25.51800", "2009-03-31": "37.10900", "2008-12-31": "34.75000", "2008-09-30": "36.28000", "2008-06-30": "36.93400", "2008-03-31": "36.49200", "2007-12-31": "32.64900", "2007-09-30": "40.91800", "2007-06-30": "37.08300", "2007-03-31": "36.29700", "2006-12-31": "19.63700", "2006-09-30": "8.70000", "2006-06-30": "10.23000", "2006-03-31": "9.64200", "2005-12-31": "21.42900", "2005-09-30": "15.53800", "2005-06-30": "14.14100", "2005-03-31": "14.46000"}, "Total Long Term Liabilities": {"2020-09-30": "5163.40000", "2020-06-30": "5101.60000", "2020-03-31": "5993.80000", "2019-12-31": "5692.60000", "2019-09-30": "5972.60000", "2019-06-30": "5896.12100", "2019-03-31": "6043.02400", "2018-12-31": "4133.50000", "2018-09-30": "4112.58100", "2018-06-30": "2196.51000", "2018-03-31": "2239.50400", "2017-12-31": "2178.11800", "2017-09-30": "2247.84100", "2017-06-30": "2372.27000", "2017-03-31": "2190.72400", "2016-12-31": "2157.55400", "2016-09-30": "1072.73100", "2016-06-30": "988.80500", "2016-03-31": "1044.73100", "2015-12-31": "863.39800", "2015-09-30": "685.99200", "2015-06-30": "642.26400", "2015-03-31": "654.38400", "2014-12-31": "756.74100", "2014-09-30": "764.03000", "2014-06-30": "729.76000", "2014-03-31": "655.22600", "2013-12-31": "655.43000", "2013-09-30": "758.17300", "2013-06-30": "586.41200", "2013-03-31": "613.92600", "2012-12-31": "516.46600", "2012-09-30": "624.33300", "2012-06-30": "627.43010", "2012-03-31": "560.13600", "2011-12-31": "569.92400", "2011-09-30": "537.76400", "2011-06-30": "537.01800", "2011-03-31": "546.02400", "2010-12-31": "551.31990", "2010-09-30": "513.40600", "2010-06-30": "514.79100", "2010-03-31": "526.99200", "2009-12-31": "501.57400", "2009-09-30": "512.45000", "2009-06-30": "440.20400", "2009-03-31": "449.67500", "2008-12-31": "473.66200", "2008-09-30": "248.61000", "2008-06-30": "252.22500", "2008-03-31": "251.51900", "2007-12-31": "246.19900", "2007-09-30": "275.09700", "2007-06-30": "273.19800", "2007-03-31": "276.83100", "2006-12-31": "259.16200", "2006-09-30": "210.66100", "2006-06-30": "211.15900", "2006-03-31": "212.58800", "2005-12-31": "220.57900", "2005-09-30": "220.52200", "2005-06-30": "224.30200", "2005-03-31": "223.68700"}, "Total Liabilities": {"2020-09-30": "8392.00000", "2020-06-30": "8584.80000", "2020-03-31": "8975.40000", "2019-12-31": "8950.60000", "2019-09-30": "9171.50000", "2019-06-30": "9107.43600", "2019-03-31": "9297.45900", "2018-12-31": "5780.10000", "2018-09-30": "5642.87400", "2018-06-30": "3802.97800", "2018-03-31": "3887.55200", "2017-12-31": "3751.44800", "2017-09-30": "3713.28100", "2017-06-30": "3854.36900", "2017-03-31": "3662.13100", "2016-12-31": "3604.19300", "2016-09-30": "1697.66600", "2016-06-30": "1653.35700", "2016-03-31": "1702.39900", "2015-12-31": "1528.17400", "2015-09-30": "1340.64100", "2015-06-30": "1341.79100", "2015-03-31": "1350.15300", "2014-12-31": "1495.54300", "2014-09-30": "1438.77800", "2014-06-30": "1398.17600", "2014-03-31": "1236.13100", "2013-12-31": "1234.83000", "2013-09-30": "1299.93100", "2013-06-30": "1110.68400", "2013-03-31": "1174.90700", "2012-12-31": "1069.52500", "2012-09-30": "1165.02500", "2012-06-30": "1177.74400", "2012-03-31": "1095.69400", "2011-12-31": "1111.30900", "2011-09-30": "991.35700", "2011-06-30": "993.16200", "2011-03-31": "927.49500", "2010-12-31": "899.69400", "2010-09-30": "832.53900", "2010-06-30": "825.24400", "2010-03-31": "836.98300", "2009-12-31": "806.92200", "2009-09-30": "822.27100", "2009-06-30": "756.76400", "2009-03-31": "761.51200", "2008-12-31": "861.71300", "2008-09-30": "600.51000", "2008-06-30": "577.44900", "2008-03-31": "542.10500", "2007-12-31": "541.43400", "2007-09-30": "517.03100", "2007-06-30": "517.24500", "2007-03-31": "522.76000", "2006-12-31": "502.95300", "2006-09-30": "448.33600", "2006-06-30": "466.60400", "2006-03-31": "449.62200", "2005-12-31": "457.15000", "2005-09-30": "444.12900", "2005-06-30": "439.39700", "2005-03-31": "422.74100"}, "Common Stock Net": {"2020-09-30": "2.00000", "2020-06-30": "2.00000", "2020-03-31": "2.00000", "2019-12-31": "2.00000", "2019-09-30": "2.00000", "2019-06-30": "1.98100", "2019-03-31": "1.98100", "2018-12-31": "1.30000", "2018-09-30": "1.32300", "2018-06-30": "1.32300", "2018-03-31": "1.32300", "2017-12-31": "1.32300", "2017-09-30": "1.32300", "2017-06-30": "1.32300", "2017-03-31": "1.32300", "2016-12-31": "1.32300", "2016-09-30": "1.32300", "2016-06-30": "1.32300", "2016-03-31": "1.32300", "2015-12-31": "1.32300", "2015-09-30": "1.32300", "2015-06-30": "1.32300", "2015-03-31": "1.32300", "2014-12-31": "1.32300", "2014-09-30": "1.32300", "2014-06-30": "1.32300", "2014-03-31": "1.32300", "2013-12-31": "1.32300", "2013-09-30": "1.32300", "2013-06-30": "1.32300", "2013-03-31": "0.66200", "2012-12-31": "1.32300", "2012-09-30": "0.66200", "2012-06-30": "0.66200", "2012-03-31": "0.66200", "2011-12-31": "0.66200", "2011-09-30": "0.66200", "2011-06-30": "0.66200", "2011-03-31": "0.66200", "2010-12-31": "0.66200", "2010-09-30": "0.66200", "2010-06-30": "0.66200", "2010-03-31": "0.66200", "2009-12-31": "0.66200", "2009-09-30": "0.66200", "2009-06-30": "0.66200", "2009-03-31": "0.66200", "2008-12-31": "0.66200", "2008-09-30": "0.66200", "2008-06-30": "0.66200", "2008-03-31": "0.66200", "2007-12-31": "0.66200", "2007-09-30": "0.66200", "2007-06-30": "0.66200", "2007-03-31": "0.66200", "2006-12-31": "0.66200", "2006-09-30": "0.66200", "2006-06-30": "0.66200", "2006-03-31": "0.66200", "2005-12-31": "0.66200", "2005-09-30": "0.66200", "2005-06-30": "0.66200", "2005-03-31": "0.66200"}, "Retained Earnings (Accumulated Deficit)": {"2020-09-30": "3524.20000", "2020-06-30": "3419.00000", "2020-03-31": "3355.60000", "2019-12-31": "3267.00000", "2019-09-30": "3154.80000", "2019-06-30": "3087.46800", "2019-03-31": "3005.80900", "2018-12-31": "3022.00000", "2018-09-30": "2999.13900", "2018-06-30": "2922.98600", "2018-03-31": "2850.13500", "2017-12-31": "2773.30000", "2017-09-30": "2735.87600", "2017-06-30": "2679.99500", "2017-03-31": "2617.57500", "2016-12-31": "2553.25800", "2016-09-30": "2524.35400", "2016-06-30": "2450.88400", "2016-03-31": "2367.60900", "2015-12-31": "2280.80100", "2015-09-30": "2186.67300", "2015-06-30": "2095.22400", "2015-03-31": "1999.51900", "2014-12-31": "1909.13600", "2014-09-30": "1822.22500", "2014-06-30": "1737.85000", "2014-03-31": "1653.00800", "2013-12-31": "1576.70200", "2013-09-30": "1506.50500", "2013-06-30": "1436.56600", "2013-03-31": "1364.99900", "2012-12-31": "1297.11100", "2012-09-30": "1235.41700", "2012-06-30": "1174.80100", "2012-03-31": "1111.52900", "2011-12-31": "1053.70600", "2011-09-30": "1008.88600", "2011-06-30": "963.72700", "2011-03-31": "927.87700", "2010-12-31": "887.40600", "2010-09-30": "856.91100", "2010-06-30": "826.84700", "2010-03-31": "796.11700", "2009-12-31": "766.22100", "2009-09-30": "742.49500", "2009-06-30": "715.62400", "2009-03-31": "685.26900", "2008-12-31": "653.08300", "2008-09-30": "622.45400", "2008-06-30": "589.76900", "2008-03-31": "556.48800", "2007-12-31": "524.53800", "2007-09-30": "496.34300", "2007-06-30": "469.57800", "2007-03-31": "441.94300", "2006-12-31": "419.60300", "2006-09-30": "393.73900", "2006-06-30": "376.97400", "2006-03-31": "356.30700", "2005-12-31": "336.74400", "2005-09-30": "320.92700", "2005-06-30": "306.33500", "2005-03-31": "291.65000"}, "Comprehensive Income": {"2020-09-30": "-482.20000", "2020-06-30": "-537.80000", "2020-03-31": "-560.60000", "2019-12-31": "-382.60000", "2019-09-30": "-468.60000", "2019-06-30": "-289.18000", "2019-03-31": "-309.00000", "2018-12-31": "-256.60000", "2018-09-30": "-205.73300", "2018-06-30": "-156.20100", "2018-03-31": "34.01600", "2017-12-31": "-44.99200", "2017-09-30": "-91.93000", "2017-06-30": "-184.55000", "2017-03-31": "-331.65200", "2016-12-31": "-379.60500", "2016-09-30": "-286.05500", "2016-06-30": "-290.34600", "2016-03-31": "-249.09700", "2015-12-31": "-276.71900", "2015-09-30": "-257.20800", "2015-06-30": "-209.69600", "2015-03-31": "-245.58500", "2014-12-31": "-159.48600", "2014-09-30": "-84.28500", "2014-06-30": "-25.96000", "2014-03-31": "-34.06300", "2013-12-31": "-34.85600", "2013-09-30": "-52.07900", "2013-06-30": "-86.11300", "2013-03-31": "-79.30400", "2012-12-31": "-53.56400", "2012-09-30": "-55.08000", "2012-06-30": "-66.29800", "2012-03-31": "-49.67200", "2011-12-31": "-60.89700", "2011-09-30": "-45.99600", "2011-06-30": "-10.39300", "2011-03-31": "-17.59500", "2010-12-31": "-38.07700", "2010-09-30": "-34.09200", "2010-06-30": "-67.98500", "2010-03-31": "-40.59600", "2009-12-31": "-30.54600", "2009-09-30": "-29.39100", "2009-06-30": "-48.54700", "2009-03-31": "-72.01900", "2008-12-31": "-60.54000", "2008-09-30": "-8.31700", "2008-06-30": "22.18700", "2008-03-31": "18.05700", "2007-12-31": "9.27100", "2007-09-30": "-3.21000", "2007-06-30": "-17.76100", "2007-03-31": "-28.93000", "2006-12-31": "-32.30500", "2006-09-30": "-17.21900", "2006-06-30": "-16.48200", "2006-03-31": "-26.90100", "2005-12-31": "-26.92500", "2005-09-30": "-15.97800", "2005-06-30": "-19.15000", "2005-03-31": "-12.64400"}, "Other Share Holders Equity": {"2020-09-30": "", "2020-06-30": "", "2020-03-31": "", "2019-12-31": "", "2019-09-30": "", "2019-06-30": "", "2019-03-31": "", "2018-12-31": "", "2018-09-30": "", "2018-06-30": "", "2018-03-31": "", "2017-12-31": "", "2017-09-30": "", "2017-06-30": "", "2017-03-31": "", "2016-12-31": "", "2016-09-30": "", "2016-06-30": "", "2016-03-31": "", "2015-12-31": "", "2015-09-30": "", "2015-06-30": "", "2015-03-31": "", "2014-12-31": "", "2014-09-30": "", "2014-06-30": "", "2014-03-31": "", "2013-12-31": "", "2013-09-30": "", "2013-06-30": "", "2013-03-31": "", "2012-12-31": "", "2012-09-30": "", "2012-06-30": "", "2012-03-31": "", "2011-12-31": "", "2011-09-30": "", "2011-06-30": "", "2011-03-31": "", "2010-12-31": "", "2010-09-30": "", "2010-06-30": "", "2010-03-31": "", "2009-12-31": "", "2009-09-30": "", "2009-06-30": "", "2009-03-31": "", "2008-12-31": "", "2008-09-30": "", "2008-06-30": "", "2008-03-31": "", "2007-12-31": "", "2007-09-30": "", "2007-06-30": "", "2007-03-31": "", "2006-12-31": "", "2006-09-30": "", "2006-06-30": "", "2006-03-31": "", "2005-12-31": "", "2005-09-30": "", "2005-06-30": "", "2005-03-31": ""}, "Share Holder Equity": {"2020-09-30": "10052.40000", "2020-06-30": "9880.60000", "2020-03-31": "9797.70000", "2019-12-31": "9993.60000", "2019-09-30": "9729.40000", "2019-06-30": "9835.15700", "2019-03-31": "9780.44600", "2018-12-31": "2869.10000", "2018-09-30": "2910.35200", "2018-06-30": "2874.62800", "2018-03-31": "2988.22900", "2017-12-31": "2828.53200", "2017-09-30": "2736.36900", "2017-06-30": "2584.37100", "2017-03-31": "2368.76800", "2016-12-31": "2976.82500", "2016-09-30": "1730.49100", "2016-06-30": "1725.83900", "2016-03-31": "1678.38600", "2015-12-31": "1701.33900", "2015-09-30": "1985.44100", "2015-06-30": "1956.33200", "2015-03-31": "1817.35400", "2014-12-31": "1808.29800", "2014-09-30": "1789.60900", "2014-06-30": "1765.69200", "2014-03-31": "1680.38800", "2013-12-31": "1587.16700", "2013-09-30": "1517.04900", "2013-06-30": "1405.70600", "2013-03-31": "1331.26800", "2012-12-31": "1282.01700", "2012-09-30": "1231.01700", "2012-06-30": "1154.15300", "2012-03-31": "1123.88000", "2011-12-31": "1047.64400", "2011-09-30": "1014.26000", "2011-06-30": "1018.31600", "2011-03-31": "969.63300", "2010-12-31": "903.38700", "2010-09-30": "873.14100", "2010-06-30": "806.94000", "2010-03-31": "801.25700", "2009-12-31": "778.91300", "2009-09-30": "752.54400", "2009-06-30": "703.42000", "2009-03-31": "659.42300", "2008-12-31": "645.80700", "2008-09-30": "684.70100", "2008-06-30": "678.65100", "2008-03-31": "635.69000", "2007-12-31": "617.26800", "2007-09-30": "585.73100", "2007-06-30": "541.34400", "2007-03-31": "499.91100", "2006-12-31": "469.88900", "2006-09-30": "461.92500", "2006-06-30": "453.84500", "2006-03-31": "412.81600", "2005-12-31": "379.20700", "2005-09-30": "363.94000", "2005-06-30": "343.64500", "2005-03-31": "323.37000"}, "Total Liabilities And Share Holders Equity": {"2020-09-30": "18444.40000", "2020-06-30": "18465.40000", "2020-03-31": "18773.10000", "2019-12-31": "18944.20000", "2019-09-30": "18900.90000", "2019-06-30": "18942.59000", "2019-03-31": "19077.90000", "2018-12-31": "8649.20000", "2018-09-30": "8553.22600", "2018-06-30": "6677.60600", "2018-03-31": "6875.78100", "2017-12-31": "6579.98000", "2017-09-30": "6449.65000", "2017-06-30": "6438.74000", "2017-03-31": "6030.89900", "2016-12-31": "6581.01800", "2016-09-30": "3428.15700", "2016-06-30": "3379.19600", "2016-03-31": "3380.78500", "2015-12-31": "3229.51300", "2015-09-30": "3326.08200", "2015-06-30": "3298.12300", "2015-03-31": "3167.50700", "2014-12-31": "3303.84100", "2014-09-30": "3228.38700", "2014-06-30": "3163.86800", "2014-03-31": "2916.51900", "2013-12-31": "2821.99700", "2013-09-30": "2816.98000", "2013-06-30": "2516.39000", "2013-03-31": "2506.17500", "2012-12-31": "2351.54200", "2012-09-30": "2396.04200", "2012-06-30": "2331.89700", "2012-03-31": "2219.57400", "2011-12-31": "2158.95300", "2011-09-30": "2005.61700", "2011-06-30": "2011.47800", "2011-03-31": "1897.12800", "2010-12-31": "1803.08100", "2010-09-30": "1705.68000", "2010-06-30": "1632.18400", "2010-03-31": "1638.24000", "2009-12-31": "1585.83500", "2009-09-30": "1574.81500", "2009-06-30": "1460.18400", "2009-03-31": "1420.93500", "2008-12-31": "1507.52000", "2008-09-30": "1285.21100", "2008-06-30": "1256.10000", "2008-03-31": "1177.79500", "2007-12-31": "1158.70200", "2007-09-30": "1102.76200", "2007-06-30": "1058.58900", "2007-03-31": "1022.67100", "2006-12-31": "972.84200", "2006-09-30": "910.26100", "2006-06-30": "920.44900", "2006-03-31": "862.43800", "2005-12-31": "836.35700", "2005-09-30": "808.06900", "2005-06-30": "783.04200", "2005-03-31": "746.11100"}}, "cash flow statement": {"Net Income/Loss": {"2019-12-31": "326.50000", "2018-12-31": "291.70000", "2017-12-31": "262.30000", "2016-12-31": "313.40400", "2015-12-31": "398.62800", "2014-12-31": "351.68000", "2013-12-31": "292.23500", "2012-12-31": "251.73200", "2011-12-31": "170.14900", "2010-12-31": "123.09900", "2009-12-31": "115.05500", "2008-12-31": "130.55100", "2007-12-31": "109.57000", "2006-12-31": "84.80400", "2005-12-31": "55.77600"}, "Total Depreciation And Amortization - Cash Flow": {"2019-12-31": "319.20000", "2018-12-31": "109.30000", "2017-12-31": "103.20000", "2016-12-31": "69.79500", "2015-12-31": "64.73400", "2014-12-31": "61.26100", "2013-12-31": "51.19300", "2012-12-31": "44.13600", "2011-12-31": "44.84900", "2010-12-31": "38.58600", "2009-12-31": "35.51900", "2008-12-31": "29.82600", "2007-12-31": "29.14000", "2006-12-31": "25.30400", "2005-12-31": "24.99800"}, "Other Non-Cash Items": {"2019-12-31": "38.60000", "2018-12-31": "20.90000", "2017-12-31": "-44.20000", "2016-12-31": "10.81700", "2015-12-31": "31.58700", "2014-12-31": "16.87200", "2013-12-31": "35.07400", "2012-12-31": "18.41600", "2011-12-31": "-1.17300", "2010-12-31": "26.22000", "2009-12-31": "6.19200", "2008-12-31": "16.03200", "2007-12-31": "10.96800", "2006-12-31": "10.35900", "2005-12-31": "18.75000"}, "Total Non-Cash Items": {"2019-12-31": "357.80000", "2018-12-31": "130.20000", "2017-12-31": "59.00000", "2016-12-31": "80.61200", "2015-12-31": "96.32100", "2014-12-31": "78.13300", "2013-12-31": "86.26700", "2012-12-31": "62.55200", "2011-12-31": "43.67600", "2010-12-31": "64.80600", "2009-12-31": "41.71100", "2008-12-31": "45.85800", "2007-12-31": "40.10800", "2006-12-31": "35.66300", "2005-12-31": "43.74800"}, "Change In Accounts Receivable": {"2019-12-31": "-6.30000", "2018-12-31": "-54.60000", "2017-12-31": "-68.70000", "2016-12-31": "19.72800", "2015-12-31": "21.50000", "2014-12-31": "-17.41300", "2013-12-31": "-149.69900", "2012-12-31": "-22.97600", "2011-12-31": "-68.69700", "2010-12-31": "-34.25500", "2009-12-31": "80.54100", "2008-12-31": "-20.84100", "2007-12-31": "-31.56800", "2006-12-31": "45.66900", "2005-12-31": "-53.58000"}, "Change In Inventories": {"2019-12-31": "255.90000", "2018-12-31": "-108.90000", "2017-12-31": "-9.00000", "2016-12-31": "45.34000", "2015-12-31": "20.14700", "2014-12-31": "-64.08900", "2013-12-31": "26.06000", "2012-12-31": "-32.49100", "2011-12-31": "-79.53700", "2010-12-31": "-1.65000", "2009-12-31": "33.36000", "2008-12-31": "-42.72600", "2007-12-31": "-14.31700", "2006-12-31": "-17.81100", "2005-12-31": "-8.51600"}, "Change In Accounts Payable": {"2019-12-31": "-144.30000", "2018-12-31": "48.80000", "2017-12-31": "-91.70000", "2016-12-31": "-18.93200", "2015-12-31": "-76.65000", "2014-12-31": "55.37800", "2013-12-31": "60.97600", "2012-12-31": "-12.48300", "2011-12-31": "59.97400", "2010-12-31": "44.29400", "2009-12-31": "-48.23800", "2008-12-31": "14.30300", "2007-12-31": "32.75900", "2006-12-31": "-7.35900", "2005-12-31": "-6.01200"}, "Change In Assets/Liabilities": {"2019-12-31": "227.10000", "2018-12-31": "-32.10000", "2017-12-31": "8.20000", "2016-12-31": "33.47500", "2015-12-31": "-16.00500", "2014-12-31": "-23.79600", "2013-12-31": "-16.32200", "2012-12-31": "10.98300", "2011-12-31": "48.34600", "2010-12-31": "-4.16600", "2009-12-31": "-4.76700", "2008-12-31": "-2.34600", "2007-12-31": "-3.24800", "2006-12-31": "1.85800", "2005-12-31": "0.18500"}, "Total Change In Assets/Liabilities": {"2019-12-31": "331.20000", "2018-12-31": "-107.20000", "2017-12-31": "-132.50000", "2016-12-31": "56.51400", "2015-12-31": "-44.10500", "2014-12-31": "42.57200", "2013-12-31": "-142.84900", "2012-12-31": "-76.84600", "2011-12-31": "34.80100", "2010-12-31": "-11.76900", "2009-12-31": "5.53400", "2008-12-31": "-20.60900", "2007-12-31": "-7.16900", "2006-12-31": "30.56000", "2005-12-31": "-15.20300"}, "Cash Flow From Operating Activities": {"2019-12-31": "1015.50000", "2018-12-31": "314.70000", "2017-12-31": "188.80000", "2016-12-31": "450.53000", "2015-12-31": "450.84400", "2014-12-31": "472.38500", "2013-12-31": "235.65300", "2012-12-31": "237.43800", "2011-12-31": "248.62600", "2010-12-31": "176.13600", "2009-12-31": "162.30000", "2008-12-31": "155.80000", "2007-12-31": "142.50900", "2006-12-31": "151.02700", "2005-12-31": "84.32100"}, "Net Change In Property, Plant, And Equipment": {"2019-12-31": "-181.40000", "2018-12-31": "-82.00000", "2017-12-31": "-88.20000", "2016-12-31": "-49.85300", "2015-12-31": "-47.64400", "2014-12-31": "-47.24100", "2013-12-31": "-35.23800", "2012-12-31": "-35.03000", "2011-12-31": "-37.30800", "2010-12-31": "-20.42500", "2009-12-31": "-14.19700", "2008-12-31": "-19.26800", "2007-12-31": "-19.53800", "2006-12-31": "-19.00900", "2005-12-31": "-21.68700"}, "Net Change In Intangible Assets": {"2019-12-31": "", "2018-12-31": "", "2017-12-31": "", "2016-12-31": "", "2015-12-31": "", "2014-12-31": "", "2013-12-31": "", "2012-12-31": "", "2011-12-31": "", "2010-12-31": "", "2009-12-31": "", "2008-12-31": "", "2007-12-31": "", "2006-12-31": "", "2005-12-31": ""}, "Net Acquisitions/Divestitures": {"2019-12-31": "-2996.40000", "2018-12-31": "-51.20000", "2017-12-31": "-945.30000", "2016-12-31": "-183.11300", "2015-12-31": "-129.55000", "2014-12-31": "-300.43700", "2013-12-31": "-223.45400", "2012-12-31": "-149.91400", "2011-12-31": "-108.87400", "2010-12-31": "-135.83000", "2009-12-31": "-101.02400", "2008-12-31": "-398.17300", "2007-12-31": "-73.99800", "2006-12-31": "-85.75300", "2005-12-31": "-35.92000"}, "Net Change In Short-term Investments": {"2019-12-31": "", "2018-12-31": "", "2017-12-31": "", "2016-12-31": "", "2015-12-31": "", "2014-12-31": "", "2013-12-31": "", "2012-12-31": "", "2011-12-31": "", "2010-12-31": "", "2009-12-31": "", "2008-12-31": "", "2007-12-31": "", "2006-12-31": "", "2005-12-31": ""}, "Net Change In Long-Term Investments": {"2019-12-31": "", "2018-12-31": "", "2017-12-31": "", "2016-12-31": "", "2015-12-31": "", "2014-12-31": "", "2013-12-31": "", "2012-12-31": "", "2011-12-31": "", "2010-12-31": "", "2009-12-31": "", "2008-12-31": "", "2007-12-31": "", "2006-12-31": "", "2005-12-31": ""}, "Net Change In Investments - Total": {"2019-12-31": "", "2018-12-31": "", "2017-12-31": "", "2016-12-31": "", "2015-12-31": "", "2014-12-31": "", "2013-12-31": "", "2012-12-31": "", "2011-12-31": "", "2010-12-31": "", "2009-12-31": "", "2008-12-31": "", "2007-12-31": "", "2006-12-31": "", "2005-12-31": ""}, "Investing Activities - Other": {"2019-12-31": "", "2018-12-31": "-14.10000", "2017-12-31": "", "2016-12-31": "", "2015-12-31": "-202.94200", "2014-12-31": "", "2013-12-31": "", "2012-12-31": "", "2011-12-31": "", "2010-12-31": "", "2009-12-31": "", "2008-12-31": "", "2007-12-31": "", "2006-12-31": "", "2005-12-31": ""}, "Cash Flow From Investing Activities": {"2019-12-31": "-3177.80000", "2018-12-31": "-147.30000", "2017-12-31": "-1033.50000", "2016-12-31": "-232.96600", "2015-12-31": "-380.13600", "2014-12-31": "-347.67800", "2013-12-31": "-258.69200", "2012-12-31": "-184.94400", "2011-12-31": "-146.18200", "2010-12-31": "-156.25500", "2009-12-31": "-115.22100", "2008-12-31": "-417.44100", "2007-12-31": "-93.53600", "2006-12-31": "-104.76200", "2005-12-31": "-57.60700"}, "Net Long-Term Debt": {"2019-12-31": "558.79980", "2018-12-31": "2026.70000", "2017-12-31": "-52.80010", "2016-12-31": "772.25200", "2015-12-31": "174.72000", "2014-12-31": "69.58100", "2013-12-31": "129.22500", "2012-12-31": "-78.05700", "2011-12-31": "-26.20200", "2010-12-31": "30.31700", "2009-12-31": "4.17600", "2008-12-31": "235.61500", "2007-12-31": "-0.65700", "2006-12-31": "", "2005-12-31": ""}, "Net Current Debt": {"2019-12-31": "", "2018-12-31": "", "2017-12-31": "", "2016-12-31": "", "2015-12-31": "", "2014-12-31": "", "2013-12-31": "", "2012-12-31": "", "2011-12-31": "", "2010-12-31": "", "2009-12-31": "", "2008-12-31": "", "2007-12-31": "", "2006-12-31": "", "2005-12-31": "-0.12900"}, "Debt Issuance/Retirement Net - Total": {"2019-12-31": "558.79980", "2018-12-31": "2026.70000", "2017-12-31": "-52.80010", "2016-12-31": "772.25200", "2015-12-31": "174.72000", "2014-12-31": "69.58100", "2013-12-31": "129.22500", "2012-12-31": "-78.05700", "2011-12-31": "-26.20200", "2010-12-31": "30.31700", "2009-12-31": "4.17600", "2008-12-31": "235.61500", "2007-12-31": "-0.65700", "2006-12-31": "", "2005-12-31": "-0.12900"}, "Net Common Equity Issued/Repurchased": {"2019-12-31": "0.80000", "2018-12-31": "10.00000", "2017-12-31": "4.40000", "2016-12-31": "-210.19300", "2015-12-31": "-384.69000", "2014-12-31": "-23.42000", "2013-12-31": "-27.83300", "2012-12-31": "-42.12500", "2011-12-31": "-21.12300", "2010-12-31": "-5.12500", "2009-12-31": "-17.12200", "2008-12-31": "-43.02800", "2007-12-31": "-12.48200", "2006-12-31": "-4.24400", "2005-12-31": "29.80400"}, "Net Total Equity Issued/Repurchased": {"2019-12-31": "0.80000", "2018-12-31": "10.00000", "2017-12-31": "4.40000", "2016-12-31": "-210.19300", "2015-12-31": "-384.69000", "2014-12-31": "-23.42000", "2013-12-31": "-27.83300", "2012-12-31": "-42.12500", "2011-12-31": "-21.12300", "2010-12-31": "-5.12500", "2009-12-31": "-17.12200", "2008-12-31": "-43.02800", "2007-12-31": "-12.48200", "2006-12-31": "-4.24400", "2005-12-31": "29.80400"}, "Total Common And Preferred Stock Dividends Paid": {"2019-12-31": "-81.70000", "2018-12-31": "-46.30000", "2017-12-31": "-42.20000", "2016-12-31": "-32.43000", "2015-12-31": "-26.96300", "2014-12-31": "-19.24600", "2013-12-31": "-12.64400", "2012-12-31": "-7.66600", "2011-12-31": "-3.84900", "2010-12-31": "-1.91400", "2009-12-31": "-1.91700", "2008-12-31": "-1.94000", "2007-12-31": "-1.94400", "2006-12-31": "-1.94500", "2005-12-31": "-1.90000"}, "Financial Activities - Other": {"2019-12-31": "-16.40000", "2018-12-31": "-12.30000", "2017-12-31": "-6.80000", "2016-12-31": "-6.65800", "2015-12-31": "-14.56500", "2014-12-31": "-1.40900", "2013-12-31": "4.26600", "2012-12-31": "3.12500", "2011-12-31": "4.41500", "2010-12-31": "2.57000", "2009-12-31": "1.90600", "2008-12-31": "-0.93600", "2007-12-31": "2.09800", "2006-12-31": "4.38200", "2005-12-31": ""}, "Cash Flow From Financial Activities": {"2019-12-31": "461.50000", "2018-12-31": "1978.10000", "2017-12-31": "-97.40000", "2016-12-31": "522.97100", "2015-12-31": "-251.49800", "2014-12-31": "25.50600", "2013-12-31": "93.01400", "2012-12-31": "-124.72300", "2011-12-31": "-46.75900", "2010-12-31": "25.84800", "2009-12-31": "-12.95700", "2008-12-31": "189.71100", "2007-12-31": "-12.98500", "2006-12-31": "-1.80700", "2005-12-31": "27.77500"}, "Net Cash Flow": {"2019-12-31": "-1738.10000", "2018-12-31": "2108.90000", "2017-12-31": "-909.80000", "2016-12-31": "714.09900", "2015-12-31": "-199.65800", "2014-12-31": "140.08900", "2013-12-31": "69.99400", "2012-12-31": "-69.84900", "2011-12-31": "48.67400", "2010-12-31": "48.28200", "2009-12-31": "46.85400", "2008-12-31": "-92.88400", "2007-12-31": "46.71000", "2006-12-31": "46.61400", "2005-12-31": "46.10800"}, "Stock-Based Compensation": {"2019-12-31": "50.00000", "2018-12-31": "25.30000", "2017-12-31": "21.30000", "2016-12-31": "20.81300", "2015-12-31": "26.01900", "2014-12-31": "26.13400", "2013-12-31": "24.10700", "2012-12-31": "19.84800", "2011-12-31": "18.64600", "2010-12-31": "11.76500", "2009-12-31": "3.62000", "2008-12-31": "10.47500", "2007-12-31": "11.25200", "2006-12-31": "9.19100", "2005-12-31": "3.30200"}, "Common Stock Dividends Paid": {"2019-12-31": "-81.70000", "2018-12-31": "-46.30000", "2017-12-31": "-42.20000", "2016-12-31": "-32.43000", "2015-12-31": "-26.96300", "2014-12-31": "-19.24600", "2013-12-31": "-12.64400", "2012-12-31": "-7.66600", "2011-12-31": "-3.84900", "2010-12-31": "-1.91400", "2009-12-31": "-1.91700", "2008-12-31": "-1.94000", "2007-12-31": "-1.94400", "2006-12-31": "-1.94500", "2005-12-31": "-1.90000"}}, "cash flow statement, quarterly": {"Net Income/Loss": {"2020-09-30": 128.5, "2020-06-30": 85.8, "2020-03-31": "111.20000", "2019-12-31": 137, "2019-09-30": 90.7, "2019-06-30": 102.8, "2019-03-31": "-4.00000", "2018-12-31": 34.8, "2018-09-30": 86.172, "2018-06-30": 83.271, "2018-03-31": "87.45700", "2017-12-31": 49.697, "2017-09-30": 68.439, "2017-06-30": 72.16, "2017-03-31": "72.00400", "2016-12-31": 46.328, "2016-09-30": 82.428, "2016-06-30": 90.485, "2016-03-31": "94.16300", "2015-12-31": 101.779, "2015-09-30": 99.181, "2015-06-30": 101.504, "2015-03-31": "96.16400", "2014-12-31": 92.686, "2014-09-30": 90.155, "2014-06-30": 88.705, "2014-03-31": "80.13400", "2013-12-31": 74.041, "2013-09-30": 73.943, "2013-06-30": 74.638, "2013-03-31": "69.61300", "2012-12-31": 64.765, "2012-09-30": 62.994, "2012-06-30": 64.712, "2012-03-31": "59.26100", "2011-12-31": 46.263, "2011-09-30": 46.6, "2011-06-30": 36.334, "2011-03-31": "40.95200", "2010-12-31": 30.98, "2010-09-30": 30.544, "2010-06-30": 31.211, "2010-03-31": "30.36400", "2009-12-31": 24.205, "2009-09-30": 27.348, "2009-06-30": 30.836, "2009-03-31": "32.66600", "2008-12-31": 31.109, "2008-09-30": 33.17, "2008-06-30": 33.762, "2008-03-31": "32.51000", "2007-12-31": 28.676, "2007-09-30": 27.242, "2007-06-30": 28.13, "2007-03-31": "25.52200", "2006-12-31": 26.242, "2006-09-30": 17.371, "2006-06-30": 21.145, "2006-03-31": "20.04600", "2005-12-31": 16.301, "2005-09-30": 15.076, "2005-06-30": 15.151, "2005-03-31": "9.24800"}, "Total Depreciation And Amortization - Cash Flow": {"2020-09-30": 107.1, "2020-06-30": 100.1, "2020-03-31": "78.20000", "2019-12-31": 59.8, "2019-09-30": 103.7, "2019-06-30": 99.8, "2019-03-31": "55.90000", "2018-12-31": 26.3, "2018-09-30": 29.773, "2018-06-30": 25.373, "2018-03-31": "27.85400", "2017-12-31": 26.23, "2017-09-30": 25.919, "2017-06-30": 25.822, "2017-03-31": "25.22900", "2016-12-31": 20.42, "2016-09-30": 16.282, "2016-06-30": 16.861, "2016-03-31": "16.23200", "2015-12-31": 16.567, "2015-09-30": 16.555, "2015-06-30": 16.043, "2015-03-31": "15.56900", "2014-12-31": 16.284, "2014-09-30": 17.115, "2014-06-30": 14.284, "2014-03-31": "13.57800", "2013-12-31": 14.058, "2013-09-30": 12.116, "2013-06-30": 13.849, "2013-03-31": "11.17000", "2012-12-31": 12.648, "2012-09-30": 11.294, "2012-06-30": 9.995, "2012-03-31": "10.19900", "2011-12-31": 11.171, "2011-09-30": 12.904, "2011-06-30": 9.956, "2011-03-31": "10.81800", "2010-12-31": 11.699, "2010-09-30": 9.711, "2010-06-30": 8.776, "2010-03-31": "8.40000", "2009-12-31": 10.246, "2009-09-30": 7.048, "2009-06-30": 8.899, "2009-03-31": "9.32600", "2008-12-31": 7.791, "2008-09-30": 7.567, "2008-06-30": 7.136, "2008-03-31": "7.33200", "2007-12-31": 7.919, "2007-09-30": 7.545, "2007-06-30": 7.063, "2007-03-31": "6.61300", "2006-12-31": 3.674, "2006-09-30": 9.771, "2006-06-30": 5.804, "2006-03-31": "6.05500", "2005-12-31": 5.421, "2005-09-30": 6.225, "2005-06-30": 6.656, "2005-03-31": "6.69600"}, "Other Non-Cash Items": {"2020-09-30": 11.9, "2020-06-30": -1.6, "2020-03-31": "7.30000", "2019-12-31": 2.5, "2019-09-30": 12.2, "2019-06-30": 15.4, "2019-03-31": "8.50000", "2018-12-31": -3.6, "2018-09-30": 9.164, "2018-06-30": 9.664, "2018-03-31": "5.67200", "2017-12-31": -60.372, "2017-09-30": 3.768, "2017-06-30": 6.559, "2017-03-31": "5.84500", "2016-12-31": -3.676, "2016-09-30": 4.442, "2016-06-30": 4.523, "2016-03-31": "5.52800", "2015-12-31": 12.374, "2015-09-30": 5.192, "2015-06-30": 5.425, "2015-03-31": "8.59600", "2014-12-31": 0.39, "2014-09-30": 5.554, "2014-06-30": 4.849, "2014-03-31": "6.07900", "2013-12-31": 27.564, "2013-09-30": 1.325, "2013-06-30": 1.885, "2013-03-31": "4.30000", "2012-12-31": 5.253, "2012-09-30": 2.47, "2012-06-30": 6.129, "2012-03-31": "4.56400", "2011-12-31": -11.395, "2011-09-30": 4.419, "2011-06-30": 3.063, "2011-03-31": "2.74000", "2010-12-31": 19.09, "2010-09-30": 3.349, "2010-06-30": 2.637, "2010-03-31": "1.14400", "2009-12-31": 5.602, "2009-09-30": 2.027, "2009-06-30": 0.454, "2009-03-31": "-1.89100", "2008-12-31": 7.556, "2008-09-30": 4.678, "2008-06-30": 2.143, "2008-03-31": "1.65500", "2007-12-31": 5.841, "2007-09-30": 1.77, "2007-06-30": 1.762, "2007-03-31": "1.59500", "2006-12-31": 8.23, "2006-09-30": 1.809, "2006-06-30": -1.878, "2006-03-31": "2.19800", "2005-12-31": 17.129, "2005-09-30": 1.016, "2005-06-30": 0.548, "2005-03-31": "0.05700"}, "Total Non-Cash Items": {"2020-09-30": 119, "2020-06-30": 98.5, "2020-03-31": "85.50000", "2019-12-31": 62.3, "2019-09-30": 115.9, "2019-06-30": 115.2, "2019-03-31": "64.40000", "2018-12-31": 22.7, "2018-09-30": 38.937, "2018-06-30": 35.037, "2018-03-31": "33.52600", "2017-12-31": -34.142, "2017-09-30": 29.687, "2017-06-30": 32.381, "2017-03-31": "31.07400", "2016-12-31": 16.744, "2016-09-30": 20.724, "2016-06-30": 21.384, "2016-03-31": "21.76000", "2015-12-31": 28.941, "2015-09-30": 21.747, "2015-06-30": 21.468, "2015-03-31": "24.16500", "2014-12-31": 16.674, "2014-09-30": 22.669, "2014-06-30": 19.133, "2014-03-31": "19.65700", "2013-12-31": 41.622, "2013-09-30": 13.441, "2013-06-30": 15.734, "2013-03-31": "15.47000", "2012-12-31": 17.901, "2012-09-30": 13.764, "2012-06-30": 16.124, "2012-03-31": "14.76300", "2011-12-31": -0.224, "2011-09-30": 17.323, "2011-06-30": 13.019, "2011-03-31": "13.55800", "2010-12-31": 30.789, "2010-09-30": 13.06, "2010-06-30": 11.413, "2010-03-31": "9.54400", "2009-12-31": 15.848, "2009-09-30": 9.075, "2009-06-30": 9.353, "2009-03-31": "7.43500", "2008-12-31": 15.347, "2008-09-30": 12.245, "2008-06-30": 9.279, "2008-03-31": "8.98700", "2007-12-31": 13.76, "2007-09-30": 9.315, "2007-06-30": 8.825, "2007-03-31": "8.20800", "2006-12-31": 11.904, "2006-09-30": 11.58, "2006-06-30": 3.926, "2006-03-31": "8.25300", "2005-12-31": 22.55, "2005-09-30": 7.241, "2005-06-30": 7.204, "2005-03-31": "6.75300"}, "Change In Accounts Receivable": {"2020-09-30": -0.9, "2020-06-30": 268.7, "2020-03-31": "-22.60000", "2019-12-31": 26, "2019-09-30": 3.4, "2019-06-30": 15.9, "2019-03-31": "-51.60000", "2018-12-31": 45.6, "2018-09-30": -40.221, "2018-06-30": 6.368, "2018-03-31": "-66.34700", "2017-12-31": -8.454, "2017-09-30": 6.298, "2017-06-30": 29.937, "2017-03-31": "-96.48100", "2016-12-31": 58.09, "2016-09-30": -36.191, "2016-06-30": 21.673, "2016-03-31": "-23.84400", "2015-12-31": 22.381, "2015-09-30": 34.907, "2015-06-30": 3.714, "2015-03-31": "-39.50200", "2014-12-31": 71.946, "2014-09-30": 2.567, "2014-06-30": -11.486, "2014-03-31": "-80.44000", "2013-12-31": 17.476, "2013-09-30": -64.02, "2013-06-30": -60.621, "2013-03-31": "-42.53400", "2012-12-31": 48.454, "2012-09-30": 15.649, "2012-06-30": -39.642, "2012-03-31": "-47.43700", "2011-12-31": 11.588, "2011-09-30": -14.706, "2011-06-30": -29.633, "2011-03-31": "-35.94600", "2010-12-31": 11.776, "2010-09-30": 20.232, "2010-06-30": -31.407, "2010-03-31": "-34.85600", "2009-12-31": 28.493, "2009-09-30": 24.368, "2009-06-30": 17.051, "2009-03-31": "10.62900", "2008-12-31": 50.969, "2008-09-30": -13.388, "2008-06-30": 3.121, "2008-03-31": "-61.54300", "2007-12-31": -8.088, "2007-09-30": -11.215, "2007-06-30": 7.148, "2007-03-31": "-19.41300", "2006-12-31": -8.232, "2006-09-30": 14.025, "2006-06-30": 1.886, "2006-03-31": "37.99000", "2005-12-31": -29.06, "2005-09-30": -5.708, "2005-06-30": -5.916, "2005-03-31": "-12.89600"}, "Change In Inventories": {"2020-09-30": 38.1, "2020-06-30": -6.8, "2020-03-31": "-23.50000", "2019-12-31": 197.2, "2019-09-30": -88.7, "2019-06-30": 72.1, "2019-03-31": "75.30000", "2018-12-31": 16.6, "2018-09-30": -9.369, "2018-06-30": -65.376, "2018-03-31": "-50.75500", "2017-12-31": 44.365, "2017-09-30": -4.959, "2017-06-30": -16.261, "2017-03-31": "-32.14500", "2016-12-31": 43.039, "2016-09-30": 13.194, "2016-06-30": -12.293, "2016-03-31": "1.40000", "2015-12-31": 35.994, "2015-09-30": 9.689, "2015-06-30": -6.995, "2015-03-31": "-18.54100", "2014-12-31": -30.131, "2014-09-30": -13.709, "2014-06-30": -1.144, "2014-03-31": "-19.10500", "2013-12-31": -2.965, "2013-09-30": 22.022, "2013-06-30": 20.209, "2013-03-31": "-13.20600", "2012-12-31": -5.892, "2012-09-30": 1.774, "2012-06-30": -7.912, "2012-03-31": "-20.46100", "2011-12-31": -16.148, "2011-09-30": -16.583, "2011-06-30": -25.365, "2011-03-31": "-21.44100", "2010-12-31": 0.684, "2010-09-30": 3.162, "2010-06-30": -1.686, "2010-03-31": "-3.81000", "2009-12-31": 8.49, "2009-09-30": 6.425, "2009-06-30": 10.159, "2009-03-31": "8.28600", "2008-12-31": -10.918, "2008-09-30": -12.935, "2008-06-30": -9.803, "2008-03-31": "-9.07000", "2007-12-31": 9.09, "2007-09-30": -1.34, "2007-06-30": -11.808, "2007-03-31": "-10.25900", "2006-12-31": 4.946, "2006-09-30": 8.232, "2006-06-30": -13.087, "2006-03-31": "-17.90200", "2005-12-31": 15.002, "2005-09-30": -8.676, "2005-06-30": -7.816, "2005-03-31": "-7.02600"}, "Change In Accounts Payable": {"2020-09-30": -54.9, "2020-06-30": -88.3, "2020-03-31": "-60.20000", "2019-12-31": 2.2, "2019-09-30": -74.6, "2019-06-30": 44.5, "2019-03-31": "-116.40000", "2018-12-31": 44.6, "2018-09-30": -55.211, "2018-06-30": 27.315, "2018-03-31": "32.09600", "2017-12-31": 29.689, "2017-09-30": -45.628, "2017-06-30": -51.071, "2017-03-31": "-24.69000", "2016-12-31": 24.845, "2016-09-30": -30.02, "2016-06-30": 4.245, "2016-03-31": "-18.00200", "2015-12-31": 4.051, "2015-09-30": -55.686, "2015-06-30": -12.084, "2015-03-31": "-12.93100", "2014-12-31": 14.407, "2014-09-30": -2.682, "2014-06-30": 24.512, "2014-03-31": "19.14100", "2013-12-31": 37.434, "2013-09-30": 2.234, "2013-06-30": 6.348, "2013-03-31": "14.96000", "2012-12-31": 6.086, "2012-09-30": -16.364, "2012-06-30": 8.187, "2012-03-31": "-10.39200", "2011-12-31": 56.278, "2011-09-30": -2.766, "2011-06-30": 10.499, "2011-03-31": "-4.03700", "2010-12-31": 38.476, "2010-09-30": 0.794, "2010-06-30": 2.483, "2010-03-31": "2.54100", "2009-12-31": 5.089, "2009-09-30": -4.633, "2009-06-30": -13.669, "2009-03-31": "-35.02500", "2008-12-31": 1.09, "2008-09-30": 8.853, "2008-06-30": 12.528, "2008-03-31": "-8.16800", "2007-12-31": 18.913, "2007-09-30": 6.207, "2007-06-30": 0.103, "2007-03-31": "7.53600", "2006-12-31": 9.595, "2006-09-30": -4.199, "2006-06-30": -12.643, "2006-03-31": "-0.11200", "2005-12-31": -17.53, "2005-09-30": -2.758, "2005-06-30": -0.353, "2005-03-31": "14.62900"}, "Change In Assets/Liabilities": {"2020-09-30": -36.1, "2020-06-30": -42.3, "2020-03-31": "-83.20000", "2019-12-31": 57.6, "2019-09-30": 89.5, "2019-06-30": -25.2, "2019-03-31": "105.20000", "2018-12-31": 45.4, "2018-09-30": 4.531, "2018-06-30": -57.779, "2018-03-31": "-24.25200", "2017-12-31": 97.762, "2017-09-30": 4.961, "2017-06-30": -31.174, "2017-03-31": "-63.34900", "2016-12-31": 35.287, "2016-09-30": -8.399, "2016-06-30": 23.445, "2016-03-31": "-16.85800", "2015-12-31": 3.542, "2015-09-30": 18.585, "2015-06-30": -24.325, "2015-03-31": "-13.80700", "2014-12-31": 8.844, "2014-09-30": -19.611, "2014-06-30": -19.247, "2014-03-31": "6.21800", "2013-12-31": -0.526, "2013-09-30": -9.601, "2013-06-30": 0.587, "2013-03-31": "-6.78200", "2012-12-31": 32.8, "2012-09-30": -19.022, "2012-06-30": 6.677, "2012-03-31": "-9.47200", "2011-12-31": 61.239, "2011-09-30": -0.638, "2011-06-30": -13.979, "2011-03-31": "1.72400", "2010-12-31": 1.414, "2010-09-30": -10.383, "2010-06-30": -1.713, "2010-03-31": "6.51600", "2009-12-31": -4.532, "2009-09-30": 0.315, "2009-06-30": -6.565, "2009-03-31": "6.01500", "2008-12-31": 2.715, "2008-09-30": 2.687, "2008-06-30": -7.118, "2008-03-31": "-0.63000", "2007-12-31": -0.129, "2007-09-30": -0.548, "2007-06-30": -7.057, "2007-03-31": "4.48600", "2006-12-31": 3.804, "2006-09-30": -14.347, "2006-06-30": 16.69, "2006-03-31": "-4.28900", "2005-12-31": 1.101, "2005-09-30": -0.479, "2005-06-30": -6.313, "2005-03-31": "5.87600"}, "Total Change In Assets/Liabilities": {"2020-09-30": -18, "2020-06-30": 126.2, "2020-03-31": "-278.60000", "2019-12-31": 248.5, "2019-09-30": -82.7, "2019-06-30": 194.5, "2019-03-31": "-29.10000", "2018-12-31": 219.2, "2018-09-30": -155.013, "2018-06-30": -74.604, "2018-03-31": "-96.78300", "2017-12-31": 146.734, "2017-09-30": -57.912, "2017-06-30": -92.148, "2017-03-31": "-129.17400", "2016-12-31": 140.565, "2016-09-30": -70.235, "2016-06-30": 26.541, "2016-03-31": "-40.35700", "2015-12-31": 64.818, "2015-09-30": 23.452, "2015-06-30": -55.707, "2015-03-31": "-76.66800", "2014-12-31": 132.861, "2014-09-30": -20.319, "2014-06-30": 3.606, "2014-03-31": "-73.57600", "2013-12-31": 34.994, "2013-09-30": -47.484, "2013-06-30": -77.316, "2013-03-31": "-53.04300", "2012-12-31": 41.247, "2012-09-30": 6.231, "2012-06-30": -51.281, "2012-03-31": "-73.04300", "2011-12-31": 102.567, "2011-09-30": -29.949, "2011-06-30": 0.207, "2011-03-31": "-38.02400", "2010-12-31": 39.118, "2010-09-30": 7.257, "2010-06-30": -30.603, "2010-03-31": "-27.54100", "2009-12-31": 29.406, "2009-09-30": 18.402, "2009-06-30": 3.565, "2009-03-31": "-45.83900", "2008-12-31": 32.049, "2008-09-30": 1.703, "2008-06-30": 21.025, "2008-03-31": "-75.38600", "2007-12-31": 55.537, "2007-09-30": -18.244, "2007-06-30": -29.484, "2007-03-31": "-14.97800", "2006-12-31": 2.973, "2006-09-30": 7.752, "2006-06-30": 3.151, "2006-03-31": "16.68400", "2005-12-31": -1.833, "2005-09-30": -5.303, "2005-06-30": -4.375, "2005-03-31": "-3.69200"}, "Cash Flow From Operating Activities": {"2020-09-30": 229.5, "2020-06-30": 310.5, "2020-03-31": "-81.90000", "2019-12-31": 447.8, "2019-09-30": 123.9, "2019-06-30": 412.5, "2019-03-31": "31.30000", "2018-12-31": 276.7, "2018-09-30": -29.904, "2018-06-30": 43.704, "2018-03-31": "24.20000", "2017-12-31": 162.289, "2017-09-30": 40.214, "2017-06-30": 12.393, "2017-03-31": "-26.09600", "2016-12-31": 203.637, "2016-09-30": 32.917, "2016-06-30": 138.41, "2016-03-31": "75.56600", "2015-12-31": 195.538, "2015-09-30": 144.38, "2015-06-30": 67.265, "2015-03-31": "43.66100", "2014-12-31": 242.221, "2014-09-30": 92.505, "2014-06-30": 111.444, "2014-03-31": "26.21500", "2013-12-31": 150.657, "2013-09-30": 39.9, "2013-06-30": 13.056, "2013-03-31": "32.04000", "2012-12-31": 123.913, "2012-09-30": 82.989, "2012-06-30": 29.555, "2012-03-31": "0.98100", "2011-12-31": 148.606, "2011-09-30": 33.974, "2011-06-30": 49.56, "2011-03-31": "16.48600", "2010-12-31": 100.887, "2010-09-30": 50.861, "2010-06-30": 12.021, "2010-03-31": "12.36700", "2009-12-31": 69.459, "2009-09-30": 54.825, "2009-06-30": 43.754, "2009-03-31": "-5.73800", "2008-12-31": 78.505, "2008-09-30": 47.118, "2008-06-30": 64.066, "2008-03-31": "-33.88900", "2007-12-31": 97.973, "2007-09-30": 18.313, "2007-06-30": 7.471, "2007-03-31": "18.75200", "2006-12-31": 41.119, "2006-09-30": 36.703, "2006-06-30": 28.222, "2006-03-31": "44.98300", "2005-12-31": 37.018, "2005-09-30": 17.014, "2005-06-30": 17.98, "2005-03-31": "12.30900"}, "Net Change In Property, Plant, And Equipment": {"2020-09-30": -21.7, "2020-06-30": -31, "2020-03-31": "-26.90000", "2019-12-31": -72.2, "2019-09-30": -50.4, "2019-06-30": -29.9, "2019-03-31": "-28.90000", "2018-12-31": -26.9, "2018-09-30": -24.277, "2018-06-30": -21.255, "2018-03-31": "-9.56800", "2017-12-31": -29.003, "2017-09-30": -21.243, "2017-06-30": -18.911, "2017-03-31": "-19.04300", "2016-12-31": -18.317, "2016-09-30": -12.597, "2016-06-30": -10.519, "2016-03-31": "-8.42000", "2015-12-31": -14.919, "2015-09-30": -12.043, "2015-06-30": -12.362, "2015-03-31": "-8.32000", "2014-12-31": -16.604, "2014-09-30": -12.497, "2014-06-30": -13.212, "2014-03-31": "-4.92800", "2013-12-31": -17.811, "2013-09-30": -8.651, "2013-06-30": -3.046, "2013-03-31": "-5.73000", "2012-12-31": -11.267, "2012-09-30": -7.395, "2012-06-30": -6.27, "2012-03-31": "-10.09800", "2011-12-31": -15.382, "2011-09-30": -9.401, "2011-06-30": -5.14, "2011-03-31": "-7.38500", "2010-12-31": -8.12, "2010-09-30": -5.353, "2010-06-30": -3.352, "2010-03-31": "-3.60000", "2009-12-31": -7.02, "2009-09-30": -2.117, "2009-06-30": -5.259, "2009-03-31": "0.19900", "2008-12-31": -6.879, "2008-09-30": -4.601, "2008-06-30": -3.95, "2008-03-31": "-3.83800", "2007-12-31": -6.713, "2007-09-30": -4.622, "2007-06-30": -4.796, "2007-03-31": "-3.40700", "2006-12-31": -6.178, "2006-09-30": -3.862, "2006-06-30": -5.682, "2006-03-31": "-3.28700", "2005-12-31": -6.198, "2005-09-30": -5.012, "2005-06-30": -5.456, "2005-03-31": "-5.02100"}, "Net Change In Intangible Assets": {"2020-09-30": 0, "2020-06-30": 0, "2020-03-31": "", "2019-12-31": 0, "2019-09-30": 0, "2019-06-30": 0, "2019-03-31": "", "2018-12-31": 0, "2018-09-30": 0, "2018-06-30": 0, "2018-03-31": "", "2017-12-31": 0, "2017-09-30": 0, "2017-06-30": 0, "2017-03-31": "", "2016-12-31": 0, "2016-09-30": 0, "2016-06-30": 0, "2016-03-31": "", "2015-12-31": 0, "2015-09-30": 0, "2015-06-30": 0, "2015-03-31": "", "2014-12-31": 0, "2014-09-30": 0, "2014-06-30": 0, "2014-03-31": "", "2013-12-31": 0, "2013-09-30": 0, "2013-06-30": 0, "2013-03-31": "", "2012-12-31": 0, "2012-09-30": 0, "2012-06-30": 0, "2012-03-31": "", "2011-12-31": 0, "2011-09-30": 0, "2011-06-30": 0, "2011-03-31": "", "2010-12-31": 0, "2010-09-30": 0, "2010-06-30": 0, "2010-03-31": "", "2009-12-31": 0, "2009-09-30": 0, "2009-06-30": 0, "2009-03-31": "", "2008-12-31": 0, "2008-09-30": 0, "2008-06-30": 0, "2008-03-31": "", "2007-12-31": 0, "2007-09-30": 0, "2007-06-30": 0, "2007-03-31": "", "2006-12-31": 0, "2006-09-30": 0, "2006-06-30": 0, "2006-03-31": "", "2005-12-31": 0, "2005-09-30": 0, "2005-06-30": 0, "2005-03-31": ""}, "Net Acquisitions/Divestitures": {"2020-09-30": 0, "2020-06-30": -4.6, "2020-03-31": "-35.70000", "2019-12-31": 4.2, "2019-09-30": -19, "2019-06-30": -270.9, "2019-03-31": "-2710.70000", "2018-12-31": -2.1, "2018-09-30": -10.823, "2018-06-30": -3.98, "2018-03-31": "-34.29700", "2017-12-31": -98.625, "2017-09-30": 0, "2017-06-30": -46.594, "2017-03-31": "-800.08100", "2016-12-31": -98.758, "2016-09-30": -63.092, "2016-06-30": -21.053, "2016-03-31": "-0.21000", "2015-12-31": -29.442, "2015-09-30": 0, "2015-06-30": -24.395, "2015-03-31": "-75.71300", "2014-12-31": -0.776, "2014-09-30": -100.244, "2014-06-30": -199.417, "2014-03-31": "", "2013-12-31": -1.396, "2013-09-30": -106.987, "2013-06-30": 0, "2013-03-31": "-115.07100", "2012-12-31": -47.61, "2012-09-30": -13.934, "2012-06-30": -88.37, "2012-03-31": "", "2011-12-31": -57.137, "2011-09-30": 0, "2011-06-30": -20.725, "2011-03-31": "-31.01200", "2010-12-31": -44.97, "2010-09-30": -53.285, "2010-06-30": 0, "2010-03-31": "-37.57500", "2009-12-31": -92.807, "2009-09-30": -3.474, "2009-06-30": -4.743, "2009-03-31": "", "2008-12-31": -315.91, "2008-09-30": -82.263, "2008-06-30": 0, "2008-03-31": "", "2007-12-31": -0.849, "2007-09-30": 0.115, "2007-06-30": -73.264, "2007-03-31": "", "2006-12-31": -88.771, "2006-09-30": 0, "2006-06-30": 0.967, "2006-03-31": "2.05100", "2005-12-31": 0.426, "2005-09-30": 0.061, "2005-06-30": -0.826, "2005-03-31": "-35.58100"}, "Net Change In Short-term Investments": {"2020-09-30": 0, "2020-06-30": 0, "2020-03-31": "", "2019-12-31": 0, "2019-09-30": 0, "2019-06-30": 0, "2019-03-31": "", "2018-12-31": 0, "2018-09-30": 0, "2018-06-30": 0, "2018-03-31": "", "2017-12-31": 0, "2017-09-30": 0, "2017-06-30": 0, "2017-03-31": "", "2016-12-31": 0, "2016-09-30": 0, "2016-06-30": 0, "2016-03-31": "", "2015-12-31": 0, "2015-09-30": 0, "2015-06-30": 0, "2015-03-31": "", "2014-12-31": 0, "2014-09-30": 0, "2014-06-30": 0, "2014-03-31": "", "2013-12-31": 0, "2013-09-30": 0, "2013-06-30": 0, "2013-03-31": "", "2012-12-31": 0, "2012-09-30": 0, "2012-06-30": 0, "2012-03-31": "", "2011-12-31": 0, "2011-09-30": 0, "2011-06-30": 0, "2011-03-31": "", "2010-12-31": 0, "2010-09-30": 0, "2010-06-30": 0, "2010-03-31": "", "2009-12-31": 0, "2009-09-30": 0, "2009-06-30": 0, "2009-03-31": "", "2008-12-31": 0, "2008-09-30": 0, "2008-06-30": 0, "2008-03-31": "", "2007-12-31": 0, "2007-09-30": 0, "2007-06-30": 0, "2007-03-31": "", "2006-12-31": 0, "2006-09-30": 0, "2006-06-30": 0, "2006-03-31": "", "2005-12-31": 0, "2005-09-30": 0, "2005-06-30": 0, "2005-03-31": ""}, "Net Change In Long-Term Investments": {"2020-09-30": 0, "2020-06-30": 0, "2020-03-31": "", "2019-12-31": 0, "2019-09-30": 0, "2019-06-30": 0, "2019-03-31": "", "2018-12-31": 0, "2018-09-30": 0, "2018-06-30": 0, "2018-03-31": "", "2017-12-31": 0, "2017-09-30": 0, "2017-06-30": 0, "2017-03-31": "", "2016-12-31": 0, "2016-09-30": 0, "2016-06-30": 0, "2016-03-31": "", "2015-12-31": 0, "2015-09-30": 0, "2015-06-30": 0, "2015-03-31": "", "2014-12-31": 0, "2014-09-30": 0, "2014-06-30": 0, "2014-03-31": "", "2013-12-31": 0, "2013-09-30": 0, "2013-06-30": 0, "2013-03-31": "", "2012-12-31": 0, "2012-09-30": 0, "2012-06-30": 0, "2012-03-31": "", "2011-12-31": 0, "2011-09-30": 0, "2011-06-30": 0, "2011-03-31": "", "2010-12-31": 0, "2010-09-30": 0, "2010-06-30": 0, "2010-03-31": "", "2009-12-31": 0, "2009-09-30": 0, "2009-06-30": 0, "2009-03-31": "", "2008-12-31": 0, "2008-09-30": 0, "2008-06-30": 0, "2008-03-31": "", "2007-12-31": 0, "2007-09-30": 0, "2007-06-30": 0, "2007-03-31": "", "2006-12-31": 0, "2006-09-30": 0, "2006-06-30": 0, "2006-03-31": "", "2005-12-31": 0, "2005-09-30": 0, "2005-06-30": 0, "2005-03-31": ""}, "Net Change In Investments - Total": {"2020-09-30": 0, "2020-06-30": 0, "2020-03-31": "", "2019-12-31": 0, "2019-09-30": 0, "2019-06-30": 0, "2019-03-31": "", "2018-12-31": 0, "2018-09-30": 0, "2018-06-30": 0, "2018-03-31": "", "2017-12-31": 0, "2017-09-30": 0, "2017-06-30": 0, "2017-03-31": "", "2016-12-31": 0, "2016-09-30": 0, "2016-06-30": 0, "2016-03-31": "", "2015-12-31": 0, "2015-09-30": 0, "2015-06-30": 0, "2015-03-31": "", "2014-12-31": 0, "2014-09-30": 0, "2014-06-30": 0, "2014-03-31": "", "2013-12-31": 0, "2013-09-30": 0, "2013-06-30": 0, "2013-03-31": "", "2012-12-31": 0, "2012-09-30": 0, "2012-06-30": 0, "2012-03-31": "", "2011-12-31": 0, "2011-09-30": 0, "2011-06-30": 0, "2011-03-31": "", "2010-12-31": 0, "2010-09-30": 0, "2010-06-30": 0, "2010-03-31": "", "2009-12-31": 0, "2009-09-30": 0, "2009-06-30": 0, "2009-03-31": "", "2008-12-31": 0, "2008-09-30": 0, "2008-06-30": 0, "2008-03-31": "", "2007-12-31": 0, "2007-09-30": 0, "2007-06-30": 0, "2007-03-31": "", "2006-12-31": 0, "2006-09-30": 0, "2006-06-30": 0, "2006-03-31": "", "2005-12-31": 0, "2005-09-30": 0, "2005-06-30": 0, "2005-03-31": ""}, "Investing Activities - Other": {"2020-09-30": 0, "2020-06-30": 0, "2020-03-31": "", "2019-12-31": 0, "2019-09-30": 0, "2019-06-30": 0, "2019-03-31": "", "2018-12-31": -14.1, "2018-09-30": 0, "2018-06-30": 0, "2018-03-31": "", "2017-12-31": 0, "2017-09-30": 0, "2017-06-30": 0, "2017-03-31": "", "2016-12-31": 0, "2016-09-30": 0, "2016-06-30": 0, "2016-03-31": "", "2015-12-31": 6.186, "2015-09-30": -209.128, "2015-06-30": 0, "2015-03-31": "", "2014-12-31": 0, "2014-09-30": 0, "2014-06-30": 0, "2014-03-31": "", "2013-12-31": 0, "2013-09-30": 0, "2013-06-30": 0, "2013-03-31": "", "2012-12-31": 0, "2012-09-30": 0, "2012-06-30": 0, "2012-03-31": "", "2011-12-31": 0, "2011-09-30": 0, "2011-06-30": 0, "2011-03-31": "", "2010-12-31": 0, "2010-09-30": 0, "2010-06-30": 0, "2010-03-31": "", "2009-12-31": 0, "2009-09-30": 0, "2009-06-30": 0, "2009-03-31": "", "2008-12-31": 0, "2008-09-30": 0, "2008-06-30": 0, "2008-03-31": "", "2007-12-31": 0, "2007-09-30": 0, "2007-06-30": 0, "2007-03-31": "", "2006-12-31": 0, "2006-09-30": 0, "2006-06-30": 0, "2006-03-31": "", "2005-12-31": 0, "2005-09-30": 0, "2005-06-30": 0, "2005-03-31": ""}, "Cash Flow From Investing Activities": {"2020-09-30": -21.7, "2020-06-30": -35.6, "2020-03-31": "-62.60000", "2019-12-31": -68, "2019-09-30": -69.4, "2019-06-30": -300.8, "2019-03-31": "-2739.60000", "2018-12-31": -43.1, "2018-09-30": -35.1, "2018-06-30": -25.235, "2018-03-31": "-43.86500", "2017-12-31": -127.628, "2017-09-30": -21.243, "2017-06-30": -65.505, "2017-03-31": "-819.12400", "2016-12-31": -117.075, "2016-09-30": -75.689, "2016-06-30": -31.572, "2016-03-31": "-8.63000", "2015-12-31": -38.175, "2015-09-30": -221.171, "2015-06-30": -36.757, "2015-03-31": "-84.03300", "2014-12-31": -17.38, "2014-09-30": -112.741, "2014-06-30": -212.629, "2014-03-31": "-4.92800", "2013-12-31": -19.207, "2013-09-30": -115.638, "2013-06-30": -3.046, "2013-03-31": "-120.80100", "2012-12-31": -58.877, "2012-09-30": -21.329, "2012-06-30": -94.64, "2012-03-31": "-10.09800", "2011-12-31": -72.519, "2011-09-30": -9.401, "2011-06-30": -25.865, "2011-03-31": "-38.39700", "2010-12-31": -53.09, "2010-09-30": -58.638, "2010-06-30": -3.352, "2010-03-31": "-41.17500", "2009-12-31": -99.827, "2009-09-30": -5.591, "2009-06-30": -10.002, "2009-03-31": "0.19900", "2008-12-31": -322.789, "2008-09-30": -86.864, "2008-06-30": -3.95, "2008-03-31": "-3.83800", "2007-12-31": -7.562, "2007-09-30": -4.507, "2007-06-30": -78.06, "2007-03-31": "-3.40700", "2006-12-31": -94.949, "2006-09-30": -3.862, "2006-06-30": -4.715, "2006-03-31": "-1.23600", "2005-12-31": -5.772, "2005-09-30": -4.951, "2005-06-30": -6.282, "2005-03-31": "-40.60200"}, "Net Long-Term Debt": {"2020-09-30": -214.8001, "2020-06-30": -284, "2020-03-31": "317.70000", "2019-12-31": -332.1001, "2019-09-30": 117.1, "2019-06-30": -125.0001, "2019-03-31": "898.80000", "2018-12-31": 3.1, "2018-09-30": 1978.104, "2018-06-30": 5.233, "2018-03-31": "40.26300", "2017-12-31": -17.3541, "2017-09-30": -100.336, "2017-06-30": 89.208, "2017-03-31": "-24.31800", "2016-12-31": 642.102, "2016-09-30": 75.649, "2016-06-30": -55.046, "2016-03-31": "109.54700", "2015-12-31": 244.728, "2015-09-30": 50.281, "2015-06-30": -20.142, "2015-03-31": "-100.14700", "2014-12-31": -0.854, "2014-09-30": 20.233, "2014-06-30": 50.269, "2014-03-31": "-0.06700", "2013-12-31": -89.954, "2013-09-30": 140.123, "2013-06-30": -20.616, "2013-03-31": "99.67200", "2012-12-31": -115.065, "2012-09-30": -10.257, "2012-06-30": 57.264, "2012-03-31": "-9.99900", "2011-12-31": -10.282, "2011-09-30": 9.897, "2011-06-30": -3.809, "2011-03-31": "-22.00800", "2010-12-31": 12.255, "2010-09-30": 1.892, "2010-06-30": -11.497, "2010-03-31": "27.66700", "2009-12-31": -40.563, "2009-09-30": 80.432, "2009-06-30": -10.635, "2009-03-31": "-25.05800", "2008-12-31": 235.679, "2008-09-30": -0.017, "2008-06-30": -0.028, "2008-03-31": "-0.01900", "2007-12-31": -0.657, "2007-09-30": 0, "2007-06-30": 0, "2007-03-31": "", "2006-12-31": 0, "2006-09-30": 0, "2006-06-30": 0, "2006-03-31": "", "2005-12-31": 0.12, "2005-09-30": -0.013, "2005-06-30": -0.09, "2005-03-31": "-0.01700"}, "Net Current Debt": {"2020-09-30": 0, "2020-06-30": 0, "2020-03-31": "", "2019-12-31": 0, "2019-09-30": 0, "2019-06-30": 0, "2019-03-31": "", "2018-12-31": 0, "2018-09-30": 0, "2018-06-30": 0, "2018-03-31": "", "2017-12-31": 0, "2017-09-30": 0, "2017-06-30": 0, "2017-03-31": "", "2016-12-31": 0, "2016-09-30": 0, "2016-06-30": 0, "2016-03-31": "", "2015-12-31": 0, "2015-09-30": 0, "2015-06-30": 0, "2015-03-31": "", "2014-12-31": 0, "2014-09-30": 0, "2014-06-30": 0, "2014-03-31": "", "2013-12-31": 0, "2013-09-30": 0, "2013-06-30": 0, "2013-03-31": "", "2012-12-31": 0, "2012-09-30": 0, "2012-06-30": 0, "2012-03-31": "", "2011-12-31": 0, "2011-09-30": 0, "2011-06-30": 0, "2011-03-31": "", "2010-12-31": 0, "2010-09-30": 0, "2010-06-30": 0, "2010-03-31": "", "2009-12-31": 0, "2009-09-30": 0, "2009-06-30": 0, "2009-03-31": "", "2008-12-31": 0, "2008-09-30": 0, "2008-06-30": 0, "2008-03-31": "", "2007-12-31": 0, "2007-09-30": 0, "2007-06-30": 0, "2007-03-31": "", "2006-12-31": 0, "2006-09-30": 0, "2006-06-30": 0, "2006-03-31": "", "2005-12-31": -0.129, "2005-09-30": 0, "2005-06-30": 0, "2005-03-31": ""}, "Debt Issuance/Retirement Net - Total": {"2020-09-30": -214.8001, "2020-06-30": -284, "2020-03-31": "317.70000", "2019-12-31": -332.1001, "2019-09-30": 117.1, "2019-06-30": -125.0001, "2019-03-31": "898.80000", "2018-12-31": 3.1, "2018-09-30": 1978.104, "2018-06-30": 5.233, "2018-03-31": "40.26300", "2017-12-31": -17.3541, "2017-09-30": -100.336, "2017-06-30": 89.208, "2017-03-31": "-24.31800", "2016-12-31": 642.102, "2016-09-30": 75.649, "2016-06-30": -55.046, "2016-03-31": "109.54700", "2015-12-31": 244.728, "2015-09-30": 50.281, "2015-06-30": -20.142, "2015-03-31": "-100.14700", "2014-12-31": -0.854, "2014-09-30": 20.233, "2014-06-30": 50.269, "2014-03-31": "-0.06700", "2013-12-31": -89.954, "2013-09-30": 140.123, "2013-06-30": -20.616, "2013-03-31": "99.67200", "2012-12-31": -115.065, "2012-09-30": -10.257, "2012-06-30": 57.264, "2012-03-31": "-9.99900", "2011-12-31": -10.282, "2011-09-30": 9.897, "2011-06-30": -3.809, "2011-03-31": "-22.00800", "2010-12-31": 12.255, "2010-09-30": 1.892, "2010-06-30": -11.497, "2010-03-31": "27.66700", "2009-12-31": -40.563, "2009-09-30": 80.432, "2009-06-30": -10.635, "2009-03-31": "-25.05800", "2008-12-31": 235.679, "2008-09-30": -0.017, "2008-06-30": -0.028, "2008-03-31": "-0.01900", "2007-12-31": -0.657, "2007-09-30": 0, "2007-06-30": 0, "2007-03-31": "", "2006-12-31": 0, "2006-09-30": 0, "2006-06-30": 0, "2006-03-31": "", "2005-12-31": -0.009, "2005-09-30": -0.013, "2005-06-30": -0.09, "2005-03-31": "-0.01700"}, "Net Common Equity Issued/Repurchased": {"2020-09-30": 0, "2020-06-30": 0, "2020-03-31": "-105.30000", "2019-12-31": 0.8, "2019-09-30": 0, "2019-06-30": 0, "2019-03-31": "", "2018-12-31": -3.1, "2018-09-30": 6.233, "2018-06-30": 3.994, "2018-03-31": "2.87300", "2017-12-31": 1.512, "2017-09-30": 0.209, "2017-06-30": 1.42, "2017-03-31": "1.25900", "2016-12-31": 0.21, "2016-09-30": -77.316, "2016-06-30": 0.136, "2016-03-31": "-133.22300", "2015-12-31": -365.062, "2015-09-30": -21.037, "2015-06-30": 1.012, "2015-03-31": "0.39700", "2014-12-31": 0.293, "2014-09-30": -8.935, "2014-06-30": -13.506, "2014-03-31": "-1.27200", "2013-12-31": -27.083, "2013-09-30": -3.399, "2013-06-30": 1.06, "2013-03-31": "1.58900", "2012-12-31": -17.149, "2012-09-30": -4.514, "2012-06-30": -21.468, "2012-03-31": "1.00600", "2011-12-31": -1.897, "2011-09-30": -17.207, "2011-06-30": -3.203, "2011-03-31": "1.18400", "2010-12-31": 0.209, "2010-09-30": -1.67, "2010-06-30": -2.164, "2010-03-31": "-1.50000", "2009-12-31": 1.795, "2009-09-30": 0.614, "2009-06-30": -12.079, "2009-03-31": "-7.45200", "2008-12-31": -20.806, "2008-09-30": 0.754, "2008-06-30": 1.205, "2008-03-31": "-24.18100", "2007-12-31": -12.937, "2007-09-30": -0.434, "2007-06-30": -0.678, "2007-03-31": "1.56700", "2006-12-31": -4.302, "2006-09-30": -10.129, "2006-06-30": 6.11, "2006-03-31": "4.07700", "2005-12-31": 10.148, "2005-09-30": 3.156, "2005-06-30": 11.471, "2005-03-31": "5.02900"}, "Net Total Equity Issued/Repurchased": {"2020-09-30": 0, "2020-06-30": 0, "2020-03-31": "-105.30000", "2019-12-31": 0.8, "2019-09-30": 0, "2019-06-30": 0, "2019-03-31": "", "2018-12-31": -3.1, "2018-09-30": 6.233, "2018-06-30": 3.994, "2018-03-31": "2.87300", "2017-12-31": 1.512, "2017-09-30": 0.209, "2017-06-30": 1.42, "2017-03-31": "1.25900", "2016-12-31": 0.21, "2016-09-30": -77.316, "2016-06-30": 0.136, "2016-03-31": "-133.22300", "2015-12-31": -365.062, "2015-09-30": -21.037, "2015-06-30": 1.012, "2015-03-31": "0.39700", "2014-12-31": 0.293, "2014-09-30": -8.935, "2014-06-30": -13.506, "2014-03-31": "-1.27200", "2013-12-31": -27.083, "2013-09-30": -3.399, "2013-06-30": 1.06, "2013-03-31": "1.58900", "2012-12-31": -17.149, "2012-09-30": -4.514, "2012-06-30": -21.468, "2012-03-31": "1.00600", "2011-12-31": -1.897, "2011-09-30": -17.207, "2011-06-30": -3.203, "2011-03-31": "1.18400", "2010-12-31": 0.209, "2010-09-30": -1.67, "2010-06-30": -2.164, "2010-03-31": "-1.50000", "2009-12-31": 1.795, "2009-09-30": 0.614, "2009-06-30": -12.079, "2009-03-31": "-7.45200", "2008-12-31": -20.806, "2008-09-30": 0.754, "2008-06-30": 1.205, "2008-03-31": "-24.18100", "2007-12-31": -12.937, "2007-09-30": -0.434, "2007-06-30": -0.678, "2007-03-31": "1.56700", "2006-12-31": -4.302, "2006-09-30": -10.129, "2006-06-30": 6.11, "2006-03-31": "4.07700", "2005-12-31": 10.148, "2005-09-30": 3.156, "2005-06-30": 11.471, "2005-03-31": "5.02900"}, "Total Common And Preferred Stock Dividends Paid": {"2020-09-30": -22.8, "2020-06-30": -23.4, "2020-03-31": "-23.00000", "2019-12-31": -23.5, "2019-09-30": -23.9, "2019-06-30": -22.6, "2019-03-31": "-11.70000", "2018-12-31": -11.6, "2018-09-30": -11.604, "2018-06-30": -11.565, "2018-03-31": "-11.53100", "2017-12-31": -11.507, "2017-09-30": -11.516, "2017-06-30": -9.605, "2017-03-31": "-9.57200", "2016-12-31": -8.907, "2016-09-30": -8.958, "2016-06-30": -7.21, "2016-03-31": "-7.35500", "2015-12-31": -7.648, "2015-09-30": -7.735, "2015-06-30": -5.8, "2015-03-31": "-5.78000", "2014-12-31": -5.775, "2014-09-30": -5.78, "2014-06-30": -3.863, "2014-03-31": "-3.82800", "2013-12-31": -3.844, "2013-09-30": -4.004, "2013-06-30": -2.41, "2013-03-31": "-2.38600", "2012-12-31": -2.41, "2012-09-30": -2.376, "2012-06-30": -1.442, "2012-03-31": "-1.43800", "2011-12-31": -1.442, "2011-09-30": -1.442, "2011-06-30": -0.484, "2011-03-31": "-0.48100", "2010-12-31": -0.485, "2010-09-30": -0.48, "2010-06-30": -0.481, "2010-03-31": "-0.46800", "2009-12-31": -0.479, "2009-09-30": -0.476, "2009-06-30": -0.482, "2009-03-31": "-0.48000", "2008-12-31": -0.486, "2008-09-30": -0.485, "2008-06-30": -0.481, "2008-03-31": "-0.48800", "2007-12-31": -0.481, "2007-09-30": -0.477, "2007-06-30": -0.495, "2007-03-31": "-0.49100", "2006-12-31": -0.487, "2006-09-30": -0.489, "2006-06-30": -0.486, "2006-03-31": "-0.48300", "2005-12-31": -0.484, "2005-09-30": -0.484, "2005-06-30": -0.466, "2005-03-31": "-0.46600"}, "Financial Activities - Other": {"2020-09-30": 0.3, "2020-06-30": 0.4, "2020-03-31": "-5.90000", "2019-12-31": -0.8, "2019-09-30": -2.2, "2019-06-30": -9.3, "2019-03-31": "-4.10000", "2018-12-31": -5.6, "2018-09-30": -0.197, "2018-06-30": -3.566, "2018-03-31": "-2.93700", "2017-12-31": -0.002, "2017-09-30": 0.004, "2017-06-30": 0.04, "2017-03-31": "-6.84200", "2016-12-31": 1.902, "2016-09-30": 0.446, "2016-06-30": 0, "2016-03-31": "-9.00600", "2015-12-31": -2.683, "2015-09-30": 1.295, "2015-06-30": 1.074, "2015-03-31": "-14.25100", "2014-12-31": 0.281, "2014-09-30": 1.458, "2014-06-30": 0.639, "2014-03-31": "-3.78700", "2013-12-31": -5.179, "2013-09-30": 5.283, "2013-06-30": 2.87, "2013-03-31": "1.29200", "2012-12-31": 0.607, "2012-09-30": 1.793, "2012-06-30": 0.018, "2012-03-31": "0.70700", "2011-12-31": 0.726, "2011-09-30": 0, "2011-06-30": 2.973, "2011-03-31": "0.71600", "2010-12-31": 0.197, "2010-09-30": 0.307, "2010-06-30": 0.692, "2010-03-31": "1.37400", "2009-12-31": 1.425, "2009-09-30": 0.32, "2009-06-30": 0.161, "2009-03-31": "", "2008-12-31": -2.579, "2008-09-30": 0.455, "2008-06-30": 1.071, "2008-03-31": "0.11700", "2007-12-31": 0.113, "2007-09-30": 0.583, "2007-06-30": 0.797, "2007-03-31": "0.60500", "2006-12-31": -0.007, "2006-09-30": 0.174, "2006-06-30": 2.451, "2006-03-31": "1.76400", "2005-12-31": 0, "2005-09-30": 0, "2005-06-30": 0, "2005-03-31": ""}, "Cash Flow From Financial Activities": {"2020-09-30": -237.3, "2020-06-30": -307, "2020-03-31": "183.50000", "2019-12-31": -355.6, "2019-09-30": 91, "2019-06-30": -156.9, "2019-03-31": "883.00000", "2018-12-31": -17.2, "2018-09-30": 1972.536, "2018-06-30": -5.904, "2018-03-31": "28.66800", "2017-12-31": -27.351, "2017-09-30": -111.639, "2017-06-30": 81.063, "2017-03-31": "-39.47300", "2016-12-31": 635.307, "2016-09-30": -10.179, "2016-06-30": -62.12, "2016-03-31": "-40.03700", "2015-12-31": -130.665, "2015-09-30": 22.804, "2015-06-30": -23.856, "2015-03-31": "-119.78100", "2014-12-31": -6.055, "2014-09-30": 6.976, "2014-06-30": 33.539, "2014-03-31": "-8.95400", "2013-12-31": -126.06, "2013-09-30": 138.003, "2013-06-30": -19.096, "2013-03-31": "100.16700", "2012-12-31": -134.017, "2012-09-30": -15.354, "2012-06-30": 34.372, "2012-03-31": "-9.72400", "2011-12-31": -12.895, "2011-09-30": -8.752, "2011-06-30": -4.523, "2011-03-31": "-20.58900", "2010-12-31": 12.176, "2010-09-30": 0.049, "2010-06-30": -13.45, "2010-03-31": "27.07300", "2009-12-31": -37.822, "2009-09-30": 80.89, "2009-06-30": -23.035, "2009-03-31": "-32.99000", "2008-12-31": 211.808, "2008-09-30": 0.707, "2008-06-30": 1.767, "2008-03-31": "-24.57100", "2007-12-31": -13.962, "2007-09-30": -0.328, "2007-06-30": -0.376, "2007-03-31": "1.68100", "2006-12-31": -4.796, "2006-09-30": -10.444, "2006-06-30": 8.075, "2006-03-31": "5.35800", "2005-12-31": 9.655, "2005-09-30": 2.659, "2005-06-30": 10.915, "2005-03-31": "4.54600"}, "Net Cash Flow": {"2020-09-30": -28.6, "2020-06-30": -28, "2020-03-31": "11.70000", "2019-12-31": 16.8, "2019-09-30": 126.2, "2019-06-30": -51.6, "2019-03-31": "-1829.50000", "2018-12-31": 206.9, "2018-09-30": 1889.827, "2018-06-30": -4.312, "2018-03-31": "16.48500", "2017-12-31": 5.352, "2017-09-30": -100.442, "2017-06-30": 48.343, "2017-03-31": "-863.05300", "2016-12-31": 689.908, "2016-09-30": -52.553, "2016-06-30": 40.161, "2016-03-31": "36.58300", "2015-12-31": 17.95, "2015-09-30": -56.603, "2015-06-30": 15.709, "2015-03-31": "-176.71400", "2014-12-31": 213.308, "2014-09-30": -13.366, "2014-06-30": -69.196, "2014-03-31": "9.34300", "2013-12-31": 4.753, "2013-09-30": 66.502, "2013-06-30": -10.833, "2013-03-31": "9.57200", "2012-12-31": -66.289, "2012-09-30": 47.95, "2012-06-30": -35.199, "2012-03-31": "-16.31100", "2011-12-31": 64.479, "2011-09-30": -0.339, "2011-06-30": 20.788, "2011-03-31": "-36.25400", "2010-12-31": 60.133, "2010-09-30": 10.299, "2010-06-30": -12.391, "2010-03-31": "-9.75900", "2009-12-31": -66.526, "2009-09-30": 133.852, "2009-06-30": 23.241, "2009-03-31": "-43.71300", "2008-12-31": -44.585, "2008-09-30": -55.29, "2008-06-30": 66.847, "2008-03-31": "-59.85600", "2007-12-31": 76.663, "2007-09-30": 16.8, "2007-06-30": -65.253, "2007-03-31": "18.50000", "2006-12-31": -59.606, "2006-09-30": 8.678, "2006-06-30": 47.451, "2006-03-31": "50.09100", "2005-12-31": 35.273, "2005-09-30": 19.24, "2005-06-30": 18.702, "2005-03-31": "-27.10700"}, "Stock-Based Compensation": {"2020-09-30": 11.9, "2020-06-30": -1.6, "2020-03-31": "7.30000", "2019-12-31": 13.9, "2019-09-30": 12.2, "2019-06-30": 15.4, "2019-03-31": "8.50000", "2018-12-31": 4.8, "2018-09-30": 6.517, "2018-06-30": 8.287, "2018-03-31": "5.69600", "2017-12-31": 6.761, "2017-09-30": 2.66, "2017-06-30": 6.187, "2017-03-31": "5.69200", "2016-12-31": 6.025, "2016-09-30": 5.115, "2016-06-30": 4.163, "2016-03-31": "5.51000", "2015-12-31": 5.927, "2015-09-30": 5.103, "2015-06-30": 6.226, "2015-03-31": "8.76300", "2014-12-31": 7.027, "2014-09-30": 7.004, "2014-06-30": 5.396, "2014-03-31": "6.70700", "2013-12-31": 6.511, "2013-09-30": 6.506, "2013-06-30": 5.53, "2013-03-31": "5.56000", "2012-12-31": 4.841, "2012-09-30": 5.087, "2012-06-30": 4.875, "2012-03-31": "5.04500", "2011-12-31": 5.424, "2011-09-30": 3.852, "2011-06-30": 5.951, "2011-03-31": "3.41900", "2010-12-31": 3.547, "2010-09-30": 2.578, "2010-06-30": 3.149, "2010-03-31": "2.49100", "2009-12-31": -0.012, "2009-09-30": 2.218, "2009-06-30": 0.617, "2009-03-31": "0.79700", "2008-12-31": 2.791, "2008-09-30": 2.66, "2008-06-30": 3.274, "2008-03-31": "1.75000", "2007-12-31": 3.685, "2007-09-30": 2.922, "2007-06-30": 2.51, "2007-03-31": "2.13500", "2006-12-31": 1.495, "2006-09-30": 2.007, "2006-06-30": 1.382, "2006-03-31": "4.30700", "2005-12-31": 1.722, "2005-09-30": 0.955, "2005-06-30": 0.474, "2005-03-31": "0.15100"}, "Common Stock Dividends Paid": {"2020-09-30": -22.8, "2020-06-30": -23.4, "2020-03-31": "-23.00000", "2019-12-31": -23.5, "2019-09-30": -23.9, "2019-06-30": -22.6, "2019-03-31": "-11.70000", "2018-12-31": -11.6, "2018-09-30": -11.604, "2018-06-30": -11.565, "2018-03-31": "-11.53100", "2017-12-31": -11.507, "2017-09-30": -11.516, "2017-06-30": -9.605, "2017-03-31": "-9.57200", "2016-12-31": -8.907, "2016-09-30": -8.958, "2016-06-30": -7.21, "2016-03-31": "-7.35500", "2015-12-31": -7.648, "2015-09-30": -7.735, "2015-06-30": -5.8, "2015-03-31": "-5.78000", "2014-12-31": -5.775, "2014-09-30": -5.78, "2014-06-30": -3.863, "2014-03-31": "-3.82800", "2013-12-31": -3.844, "2013-09-30": -4.004, "2013-06-30": -2.41, "2013-03-31": "-2.38600", "2012-12-31": -2.41, "2012-09-30": -2.376, "2012-06-30": -1.442, "2012-03-31": "-1.43800", "2011-12-31": -1.442, "2011-09-30": -1.442, "2011-06-30": -0.484, "2011-03-31": "-0.48100", "2010-12-31": -0.485, "2010-09-30": -0.48, "2010-06-30": -0.481, "2010-03-31": "-0.46800", "2009-12-31": -0.479, "2009-09-30": -0.476, "2009-06-30": -0.482, "2009-03-31": "-0.48000", "2008-12-31": -0.486, "2008-09-30": -0.485, "2008-06-30": -0.481, "2008-03-31": "-0.48800", "2007-12-31": -0.481, "2007-09-30": -0.477, "2007-06-30": -0.495, "2007-03-31": "-0.49100", "2006-12-31": -0.487, "2006-09-30": -0.489, "2006-06-30": -0.486, "2006-03-31": "-0.48300", "2005-12-31": -0.484, "2005-09-30": -0.484, "2005-06-30": -0.466, "2005-03-31": "-0.46600"}}, "financial ratios": {"Current Ratio": {"2019-12-31": "1.28670", "2018-12-31": "2.70230", "2017-12-31": "1.43970", "2016-12-31": "1.98230", "2015-12-31": "2.31660", "2014-12-31": "2.21690", "2013-12-31": "2.30070", "2012-12-31": "1.97620", "2011-12-31": "1.95020", "2010-12-31": "2.30200", "2009-12-31": "2.25810", "2008-12-31": "1.86920", "2007-12-31": "2.25500", "2006-12-31": "2.24450", "2005-12-31": "2.04140"}, "Long-term Debt / Capital": {"2019-12-31": "0.30250", "2018-12-31": "0.56930", "2017-12-31": "0.39200", "2016-12-31": "0.37200", "2015-12-31": "0.28910", "2014-12-31": "0.22350", "2013-12-31": "0.22100", "2012-12-31": "0.19870", "2011-12-31": "0.27420", "2010-12-31": "0.29720", "2009-12-31": "0.31550", "2008-12-31": "0.35580", "2007-12-31": "0.19570", "2006-12-31": "0.24200", "2005-12-31": "0.28340"}, "Debt/Equity Ratio": {"2019-12-31": "0.44320", "2018-12-31": "1.34430", "2017-12-31": "0.66130", "2016-12-31": "0.63580", "2015-12-31": "0.40690", "2014-12-31": "0.28820", "2013-12-31": "0.28400", "2012-12-31": "0.24800", "2011-12-31": "0.37790", "2010-12-31": "0.46720", "2009-12-31": "0.50300", "2008-12-31": "0.59940", "2007-12-31": "0.24340", "2006-12-31": "0.31920", "2005-12-31": "0.39560"}, "Gross Margin": {"2019-12-31": "27.78050", "2018-12-31": "28.27780", "2017-12-31": "27.44420", "2016-12-31": "31.53120", "2015-12-31": "31.67520", "2014-12-31": "30.74380", "2013-12-31": "29.77050", "2012-12-31": "29.04770", "2011-12-31": "28.99030", "2010-12-31": "29.79920", "2009-12-31": "28.06230", "2008-12-31": "27.12720", "2007-12-31": "27.17610", "2006-12-31": "27.28680", "2005-12-31": "25.11030"}, "Operating Margin": {"2019-12-31": "8.08660", "2018-12-31": "10.84910", "2017-12-31": "10.84830", "2016-12-31": "15.57750", "2015-12-31": "18.36660", "2014-12-31": "17.31380", "2013-12-31": "17.03990", "2012-12-31": "16.40570", "2011-12-31": "13.75770", "2010-12-31": "13.45780", "2009-12-31": "12.84460", "2008-12-31": "13.49520", "2007-12-31": "13.21540", "2006-12-31": "11.96660", "2005-12-31": "9.85750"}, "EBIT Margin": {"2019-12-31": "8.08660", "2018-12-31": "10.84910", "2017-12-31": "10.84830", "2016-12-31": "15.57750", "2015-12-31": "18.36660", "2014-12-31": "17.31380", "2013-12-31": "17.03990", "2012-12-31": "16.40570", "2011-12-31": "13.75770", "2010-12-31": "13.45780", "2009-12-31": "12.84460", "2008-12-31": "13.49520", "2007-12-31": "13.21540", "2006-12-31": "11.96660", "2005-12-31": "9.85750"}, "EBITDA Margin": {"2019-12-31": "11.97930", "2018-12-31": "13.35400", "2017-12-31": "13.50700", "2016-12-31": "17.95870", "2015-12-31": "20.32350", "2014-12-31": "19.32600", "2013-12-31": "19.03460", "2012-12-31": "18.25150", "2011-12-31": "16.03700", "2010-12-31": "16.01820", "2009-12-31": "15.37880", "2008-12-31": "15.38930", "2007-12-31": "15.35790", "2006-12-31": "14.29310", "2005-12-31": "12.27510"}, "Pre-Tax Profit Margin": {"2019-12-31": "5.44880", "2018-12-31": "8.42440", "2017-12-31": "9.07080", "2016-12-31": "14.08430", "2015-12-31": "17.69550", "2014-12-31": "16.68130", "2013-12-31": "16.40770", "2012-12-31": "15.78160", "2011-12-31": "12.97570", "2010-12-31": "12.39720", "2009-12-31": "11.65510", "2008-12-31": "12.97350", "2007-12-31": "12.67960", "2006-12-31": "11.63610", "2005-12-31": "8.65710"}, "Net Profit Margin": {"2019-12-31": "3.98410", "2018-12-31": "6.75830", "2017-12-31": "6.75730", "2016-12-31": "10.40150", "2015-12-31": "12.05040", "2014-12-31": "11.55150", "2013-12-31": "11.38700", "2012-12-31": "10.52780", "2011-12-31": "8.60410", "2010-12-31": "8.12760", "2009-12-31": "8.20870", "2008-12-31": "8.29030", "2007-12-31": "8.05610", "2006-12-31": "7.79720", "2005-12-31": "5.39410"}, "Asset Turnover": {"2019-12-31": "0.43290", "2018-12-31": "0.50450", "2017-12-31": "0.58990", "2016-12-31": "0.44540", "2015-12-31": "1.02430", "2014-12-31": "0.92150", "2013-12-31": "0.90940", "2012-12-31": "1.01680", "2011-12-31": "0.91140", "2010-12-31": "0.83580", "2009-12-31": "0.88380", "2008-12-31": "1.04460", "2007-12-31": "1.17380", "2006-12-31": "1.11800", "2005-12-31": "1.23630"}, "Inventory Turnover Ratio": {"2019-12-31": "3.33990", "2018-12-31": "3.70410", "2017-12-31": "3.79240", "2016-12-31": "3.04770", "2015-12-31": "4.72270", "2014-12-31": "4.12660", "2013-12-31": "4.46980", "2012-12-31": "4.16800", "2011-12-31": "4.01300", "2010-12-31": "4.17350", "2009-12-31": "4.21290", "2008-12-31": "4.34420", "2007-12-31": "5.62840", "2006-12-31": "5.43610", "2005-12-31": "6.98440"}, "Receiveable Turnover": {"2019-12-31": "4.92820", "2018-12-31": "3.80490", "2017-12-31": "3.32680", "2016-12-31": "3.11000", "2015-12-31": "5.52450", "2014-12-31": "4.82310", "2013-12-31": "4.62830", "2012-12-31": "6.13240", "2011-12-31": "5.68220", "2010-12-31": "5.83780", "2009-12-31": "6.73010", "2008-12-31": "5.75650", "2007-12-31": "6.12000", "2006-12-31": "6.13280", "2005-12-31": "4.99790"}, "Days Sales In Receivables": {"2019-12-31": "74.06380", "2018-12-31": "95.92810", "2017-12-31": "109.71410", "2016-12-31": "117.36380", "2015-12-31": "66.06960", "2014-12-31": "75.67780", "2013-12-31": "78.86310", "2012-12-31": "59.51970", "2011-12-31": "64.23570", "2010-12-31": "62.52400", "2009-12-31": "54.23380", "2008-12-31": "63.40660", "2007-12-31": "59.64010", "2006-12-31": "59.51610", "2005-12-31": "73.03040"}, "ROE - Return On Equity": {"2019-12-31": "3.26710", "2018-12-31": "10.16700", "2017-12-31": "9.27340", "2016-12-31": "10.52810", "2015-12-31": "23.43030", "2014-12-31": "19.44810", "2013-12-31": "18.41240", "2012-12-31": "19.63560", "2011-12-31": "16.24110", "2010-12-31": "13.62640", "2009-12-31": "14.77120", "2008-12-31": "20.21560", "2007-12-31": "17.72120", "2006-12-31": "18.40730", "2005-12-31": "15.21200"}, "Return On Tangible Equity": {"2019-12-31": "-13.21330", "2018-12-31": "-44.37850", "2017-12-31": "-31.37550", "2016-12-31": "-201.15780", "2015-12-31": "99.09390", "2014-12-31": "67.22370", "2013-12-31": "70.40870", "2012-12-31": "81.81780", "2011-12-31": "83.91730", "2010-12-31": "87.52640", "2009-12-31": "106.23250", "2008-12-31": "145.67840", "2007-12-31": "33.55410", "2006-12-31": "34.30340", "2005-12-31": "25.99630"}, "ROA - Return On Assets": {"2019-12-31": "1.72350", "2018-12-31": "3.37260", "2017-12-31": "3.98630", "2016-12-31": "4.76220", "2015-12-31": "12.34330", "2014-12-31": "10.64460", "2013-12-31": "10.35560", "2012-12-31": "10.70500", "2011-12-31": "7.88110", "2010-12-31": "6.82710", "2009-12-31": "7.25520", "2008-12-31": "8.66020", "2007-12-31": "9.44050", "2006-12-31": "8.89090", "2005-12-31": "6.89720"}, "ROI - Return On Investment": {"2019-12-31": "2.27890", "2018-12-31": "4.37860", "2017-12-31": "5.63860", "2016-12-31": "6.61220", "2015-12-31": "16.65710", "2014-12-31": "15.10200", "2013-12-31": "14.34310", "2012-12-31": "15.73450", "2011-12-31": "11.78770", "2010-12-31": "9.57680", "2009-12-31": "10.11070", "2008-12-31": "13.02280", "2007-12-31": "14.25340", "2006-12-31": "13.95310", "2005-12-31": "10.90030"}, "Book Value Per Share": {"2019-12-31": "52.13170", "2018-12-31": "29.69620", "2017-12-31": "29.45340", "2016-12-31": "31.19540", "2015-12-31": "18.52580", "2014-12-31": "18.78280", "2013-12-31": "16.54850", "2012-12-31": "13.43740", "2011-12-31": "10.92530", "2010-12-31": "9.41930", "2009-12-31": "8.16660", "2008-12-31": "6.74020", "2007-12-31": "6.33770", "2006-12-31": "4.86920", "2005-12-31": "3.94980"}, "Operating Cash Flow Per Share": {"2019-12-31": 2.4665, "2018-12-31": 1.2965, "2017-12-31": -2.9786, "2016-12-31": 0.2956, "2015-12-31": -0.2281, "2014-12-31": 2.4421, "2013-12-31": -0.0207, "2012-12-31": -0.118, "2011-12-31": 0.7377, "2010-12-31": 0.1432, "2009-12-31": 0.0966, "2008-12-31": 0.1368, "2007-12-31": -0.0797, "2006-12-31": 0.6519, "2005-12-31": 0.8858}, "Free Cash Flow Per Share": {"2019-12-31": 2.2931, "2018-12-31": 1.3646, "2017-12-31": -3.3494, "2016-12-31": 0.2398, "2015-12-31": -0.2317, "2014-12-31": 2.3184, "2013-12-31": -0.0225, "2012-12-31": -0.0941, "2011-12-31": 0.5645, "2010-12-31": 0.0783, "2009-12-31": 0.146, "2008-12-31": 0.1394, "2007-12-31": -0.0861, "2006-12-31": 0.6862, "2005-12-31": 0.658}}, "financial ratios, quarterly": {"Current Ratio": {"2020-09-30": "1.21920", "2020-06-30": "1.13970", "2020-03-31": "1.42240", "2019-12-31": "1.28670", "2019-09-30": "1.37870", "2019-06-30": "1.31700", "2019-03-31": "1.34620", "2018-12-31": "2.70230", "2018-09-30": "2.84490", "2018-06-30": "1.52310", "2018-03-31": "1.49620", "2017-12-31": "1.43970", "2017-09-30": "1.55390", "2017-06-30": "1.58210", "2017-03-31": "1.47220", "2016-12-31": "1.98230", "2016-09-30": "2.71250", "2016-06-30": "2.55870", "2016-03-31": "2.56450", "2015-12-31": "2.31660", "2015-09-30": "2.52060", "2015-06-30": "2.25860", "2015-03-31": "2.16150", "2014-12-31": "2.21690", "2014-09-30": "2.27320", "2014-06-30": "2.28430", "2014-03-31": "2.46890", "2013-12-31": "2.30070", "2013-09-30": "2.48160", "2013-06-30": "2.26980", "2013-03-31": "2.08380", "2012-12-31": "1.97620", "2012-09-30": "2.18990", "2012-06-30": "2.07780", "2012-03-31": "2.08010", "2011-12-31": "1.95020", "2011-09-30": "2.09520", "2011-06-30": "2.04310", "2011-03-31": "2.21490", "2010-12-31": "2.30200", "2010-09-30": "2.33060", "2010-06-30": "2.35670", "2010-03-31": "2.31120", "2009-12-31": "2.25810", "2009-09-30": "2.49530", "2009-06-30": "2.10220", "2009-03-31": "2.08950", "2008-12-31": "1.86920", "2008-09-30": "2.11570", "2008-06-30": "2.32910", "2008-03-31": "2.34310", "2007-12-31": "2.25500", "2007-09-30": "2.46440", "2007-06-30": "2.33090", "2007-03-31": "2.41280", "2006-12-31": "2.24450", "2006-09-30": "2.38230", "2006-06-30": "2.23020", "2006-03-31": "2.17180", "2005-12-31": "2.04140", "2005-09-30": "1.92550", "2005-06-30": "1.89310", "2005-03-31": "1.82720"}, "Long-term Debt / Capital": {"2020-09-30": "0.27430", "2020-06-30": "0.27610", "2020-03-31": "0.32210", "2019-12-31": "0.30250", "2019-09-30": "0.32260", "2019-06-30": "0.31530", "2019-03-31": "0.32180", "2018-12-31": "0.56930", "2018-09-30": "0.56750", "2018-06-30": "0.39260", "2018-03-31": "0.38510", "2017-12-31": "0.39200", "2017-09-30": "0.40000", "2017-06-30": "0.42810", "2017-03-31": "0.42940", "2016-12-31": "0.37200", "2016-09-30": "0.32140", "2016-06-30": "0.30130", "2016-03-31": "0.32330", "2015-12-31": "0.28910", "2015-09-30": "0.18500", "2015-06-30": "0.16990", "2015-03-31": "0.18790", "2014-12-31": "0.22350", "2014-09-30": "0.22550", "2014-06-30": "0.22080", "2014-03-31": "0.21130", "2013-12-31": "0.22100", "2013-09-30": "0.26240", "2013-06-30": "0.22020", "2013-03-31": "0.23880", "2012-12-31": "0.19870", "2012-09-30": "0.26010", "2012-06-30": "0.27740", "2012-03-31": "0.25560", "2011-12-31": "0.27420", "2011-09-30": "0.26520", "2011-06-30": "0.25910", "2011-03-31": "0.27080", "2010-12-31": "0.29720", "2010-09-30": "0.29750", "2010-06-30": "0.31420", "2010-03-31": "0.32450", "2009-12-31": "0.31550", "2009-09-30": "0.34730", "2009-06-30": "0.31300", "2009-03-31": "0.33470", "2008-12-31": "0.35580", "2008-09-30": "0.17980", "2008-06-30": "0.18120", "2008-03-31": "0.19110", "2007-12-31": "0.19570", "2007-09-30": "0.20390", "2007-06-30": "0.21700", "2007-03-31": "0.23080", "2006-12-31": "0.24200", "2006-09-30": "0.24510", "2006-06-30": "0.24840", "2006-03-31": "0.26650", "2005-12-31": "0.28340", "2005-09-30": "0.29230", "2005-06-30": "0.30430", "2005-03-31": "0.31750"}, "Debt/Equity Ratio": {"2020-09-30": "0.42330", "2020-06-30": "0.45200", "2020-03-31": "0.48460", "2019-12-31": "0.44320", "2019-09-30": "0.48770", "2019-06-30": "0.47110", "2019-03-31": "0.50740", "2018-12-31": "1.34430", "2018-09-30": "1.32810", "2018-06-30": "0.65570", "2018-03-31": "0.64270", "2017-12-31": "0.66130", "2017-09-30": "0.68480", "2017-06-30": "0.76820", "2017-03-31": "0.78940", "2016-12-31": "0.63580", "2016-09-30": "0.47380", "2016-06-30": "0.43120", "2016-03-31": "0.47780", "2015-12-31": "0.40690", "2015-09-30": "0.22720", "2015-06-30": "0.20490", "2015-03-31": "0.23160", "2014-12-31": "0.28820", "2014-09-30": "0.29170", "2014-06-30": "0.28370", "2014-03-31": "0.26820", "2013-12-31": "0.28400", "2013-09-30": "0.35580", "2013-06-30": "0.28240", "2013-03-31": "0.31370", "2012-12-31": "0.24800", "2012-09-30": "0.35170", "2012-06-30": "0.38390", "2012-03-31": "0.34330", "2011-12-31": "0.37790", "2011-09-30": "0.40040", "2011-06-30": "0.38910", "2011-03-31": "0.41260", "2010-12-31": "0.46720", "2010-09-30": "0.46940", "2010-06-30": "0.50550", "2010-03-31": "0.52350", "2009-12-31": "0.50300", "2009-09-30": "0.57450", "2009-06-30": "0.50030", "2009-03-31": "0.54970", "2008-12-31": "0.59940", "2008-09-30": "0.21930", "2008-06-30": "0.22120", "2008-03-31": "0.23620", "2007-12-31": "0.24340", "2007-09-30": "0.25610", "2007-06-30": "0.27710", "2007-03-31": "0.30010", "2006-12-31": "0.31920", "2006-09-30": "0.32470", "2006-06-30": "0.33050", "2006-03-31": "0.36340", "2005-12-31": "0.39560", "2005-09-30": "0.41300", "2005-06-30": "0.43740", "2005-03-31": "0.46510"}, "Gross Margin": {"2020-09-30": "30.35760", "2020-06-30": "28.01310", "2020-03-31": "29.98600", "2019-12-31": "28.49600", "2019-09-30": "29.94460", "2019-06-30": "27.48740", "2019-03-31": "24.41010", "2018-12-31": "26.57370", "2018-09-30": "28.02000", "2018-06-30": "29.14210", "2018-03-31": "29.43460", "2017-12-31": "24.95880", "2017-09-30": "26.43230", "2017-06-30": "29.38720", "2017-03-31": "29.44290", "2016-12-31": "28.84130", "2016-09-30": "31.45190", "2016-06-30": "32.80660", "2016-03-31": "33.05310", "2015-12-31": "32.13400", "2015-09-30": "31.75550", "2015-06-30": "31.61220", "2015-03-31": "31.19430", "2014-12-31": "30.97910", "2014-09-30": "31.03810", "2014-06-30": "30.73010", "2014-03-31": "30.14300", "2013-12-31": "29.36610", "2013-09-30": "29.79630", "2013-06-30": "30.23200", "2013-03-31": "29.71330", "2012-12-31": "29.56750", "2012-09-30": "29.14930", "2012-06-30": "28.43910", "2012-03-31": "29.03800", "2011-12-31": "27.55770", "2011-09-30": "29.49860", "2011-06-30": "29.80670", "2011-03-31": "29.25700", "2010-12-31": "30.00400", "2010-09-30": "29.07510", "2010-06-30": "30.32690", "2010-03-31": "29.78320", "2009-12-31": "27.74650", "2009-09-30": "28.69560", "2009-06-30": "27.44290", "2009-03-31": "28.35620", "2008-12-31": "26.10890", "2008-09-30": "27.18920", "2008-06-30": "27.80690", "2008-03-31": "27.44780", "2007-12-31": "26.41510", "2007-09-30": "26.97520", "2007-06-30": "27.89190", "2007-03-31": "27.54560", "2006-12-31": "26.66160", "2006-09-30": "24.61910", "2006-06-30": "29.39730", "2006-03-31": "28.61560", "2005-12-31": "25.71260", "2005-09-30": "26.19350", "2005-06-30": "24.85010", "2005-03-31": "23.57820"}, "Operating Margin": {"2020-09-30": "11.08250", "2020-06-30": "9.17460", "2020-03-31": "11.25970", "2019-12-31": "9.54650", "2019-09-30": "8.44780", "2019-06-30": "8.97020", "2019-03-31": "4.22310", "2018-12-31": "8.35520", "2018-09-30": "11.61630", "2018-06-30": "11.11140", "2018-03-31": "12.42960", "2017-12-31": "8.51390", "2017-09-30": "10.61310", "2017-06-30": "12.15950", "2017-03-31": "12.50080", "2016-12-31": "8.03250", "2016-09-30": "17.77690", "2016-06-30": "18.41950", "2016-03-31": "18.41650", "2015-12-31": "18.15570", "2015-09-30": "18.78600", "2015-06-30": "18.40080", "2015-03-31": "18.13110", "2014-12-31": "16.68520", "2014-09-30": "17.05530", "2014-06-30": "18.10000", "2014-03-31": "17.52550", "2013-12-31": "16.32000", "2013-09-30": "17.40120", "2013-06-30": "17.64160", "2013-03-31": "16.84250", "2012-12-31": "16.45840", "2012-09-30": "16.48110", "2012-06-30": "16.54010", "2012-03-31": "16.13380", "2011-12-31": "13.56220", "2011-09-30": "15.12570", "2011-06-30": "11.76910", "2011-03-31": "14.58010", "2010-12-31": "13.05790", "2010-09-30": "13.47670", "2010-06-30": "13.27110", "2010-03-31": "14.06220", "2009-12-31": "11.63680", "2009-09-30": "13.84730", "2009-06-30": "10.99570", "2009-03-31": "14.74970", "2008-12-31": "12.40190", "2008-09-30": "13.24540", "2008-06-30": "14.33180", "2008-03-31": "14.05750", "2007-12-31": "12.53000", "2007-09-30": "12.90520", "2007-06-30": "14.09700", "2007-03-31": "13.44860", "2006-12-31": "12.51000", "2006-09-30": "9.47680", "2006-06-30": "13.50010", "2006-03-31": "12.37760", "2005-12-31": "11.10390", "2005-09-30": "10.66410", "2005-06-30": "9.87470", "2005-03-31": "7.59260"}, "EBIT Margin": {"2020-09-30": "11.08250", "2020-06-30": "9.17460", "2020-03-31": "11.25970", "2019-12-31": "9.54650", "2019-09-30": "8.44780", "2019-06-30": "8.97020", "2019-03-31": "4.22310", "2018-12-31": "8.35520", "2018-09-30": "11.61630", "2018-06-30": "11.11140", "2018-03-31": "12.42960", "2017-12-31": "8.51380", "2017-09-30": "10.61310", "2017-06-30": "12.15950", "2017-03-31": "12.50080", "2016-12-31": "8.03250", "2016-09-30": "17.77690", "2016-06-30": "18.41950", "2016-03-31": "18.41650", "2015-12-31": "18.15570", "2015-09-30": "18.78600", "2015-06-30": "18.40080", "2015-03-31": "18.13110", "2014-12-31": "16.68520", "2014-09-30": "17.05530", "2014-06-30": "18.10000", "2014-03-31": "17.52550", "2013-12-31": "16.32000", "2013-09-30": "17.40120", "2013-06-30": "17.64160", "2013-03-31": "16.84250", "2012-12-31": "16.45840", "2012-09-30": "16.48110", "2012-06-30": "16.54010", "2012-03-31": "16.13380", "2011-12-31": "13.56220", "2011-09-30": "15.12570", "2011-06-30": "11.76910", "2011-03-31": "14.58010", "2010-12-31": "13.05790", "2010-09-30": "13.47670", "2010-06-30": "13.27110", "2010-03-31": "14.06220", "2009-12-31": "11.63680", "2009-09-30": "13.84730", "2009-06-30": "10.99570", "2009-03-31": "14.74970", "2008-12-31": "12.40190", "2008-09-30": "13.24540", "2008-06-30": "14.33180", "2008-03-31": "14.05750", "2007-12-31": "12.53000", "2007-09-30": "12.90520", "2007-06-30": "14.09700", "2007-03-31": "13.44860", "2006-12-31": "12.51000", "2006-09-30": "9.47680", "2006-06-30": "13.50010", "2006-03-31": "12.37760", "2005-12-31": "11.10390", "2005-09-30": "10.66410", "2005-06-30": "9.87470", "2005-03-31": "7.59260"}, "EBITDA Margin": {"2020-09-30": "", "2020-06-30": "", "2020-03-31": "", "2019-12-31": "", "2019-09-30": "", "2019-06-30": "", "2019-03-31": "", "2018-12-31": "", "2018-09-30": "", "2018-06-30": "", "2018-03-31": "", "2017-12-31": "", "2017-09-30": "", "2017-06-30": "", "2017-03-31": "", "2016-12-31": "", "2016-09-30": "", "2016-06-30": "", "2016-03-31": "", "2015-12-31": "", "2015-09-30": "", "2015-06-30": "", "2015-03-31": "", "2014-12-31": "", "2014-09-30": "", "2014-06-30": "", "2014-03-31": "", "2013-12-31": "", "2013-09-30": "", "2013-06-30": "", "2013-03-31": "", "2012-12-31": "", "2012-09-30": "", "2012-06-30": "", "2012-03-31": "", "2011-12-31": "", "2011-09-30": "", "2011-06-30": "", "2011-03-31": "", "2010-12-31": "", "2010-09-30": "", "2010-06-30": "", "2010-03-31": "", "2009-12-31": "", "2009-09-30": "", "2009-06-30": "", "2009-03-31": "", "2008-12-31": "", "2008-09-30": "", "2008-06-30": "", "2008-03-31": "", "2007-12-31": "", "2007-09-30": "", "2007-06-30": "", "2007-03-31": "", "2006-12-31": "", "2006-09-30": "", "2006-06-30": "", "2006-03-31": "", "2005-12-31": "", "2005-09-30": "", "2005-06-30": "", "2005-03-31": ""}, "Pre-Tax Profit Margin": {"2020-09-30": "9.40430", "2020-06-30": "6.57880", "2020-03-31": "7.73100", "2019-12-31": "7.38050", "2019-09-30": "5.66020", "2019-06-30": "6.44820", "2019-03-31": "0.90990", "2018-12-31": "5.14790", "2018-09-30": "9.52870", "2018-06-30": "8.43530", "2018-03-31": "10.75400", "2017-12-31": "6.94770", "2017-09-30": "8.47500", "2017-06-30": "10.37580", "2017-03-31": "10.85820", "2016-12-31": "4.35010", "2016-09-30": "17.05620", "2016-06-30": "17.56300", "2016-03-31": "17.80550", "2015-12-31": "17.93820", "2015-09-30": "17.88580", "2015-06-30": "17.70100", "2015-03-31": "17.25500", "2014-12-31": "15.98390", "2014-09-30": "16.45980", "2014-06-30": "17.51420", "2014-03-31": "16.88300", "2013-12-31": "15.78060", "2013-09-30": "16.53220", "2013-06-30": "17.19260", "2013-03-31": "16.16090", "2012-12-31": "15.91220", "2012-09-30": "15.72160", "2012-06-30": "16.00130", "2012-03-31": "15.47590", "2011-12-31": "13.06340", "2011-09-30": "14.06460", "2011-06-30": "10.89140", "2011-03-31": "13.87190", "2010-12-31": "12.15340", "2010-09-30": "12.20260", "2010-06-30": "12.46760", "2010-03-31": "12.78910", "2009-12-31": "10.19630", "2009-09-30": "12.85080", "2009-06-30": "9.90020", "2009-03-31": "13.54670", "2008-12-31": "11.82940", "2008-09-30": "12.72950", "2008-06-30": "13.82210", "2008-03-31": "13.57120", "2007-12-31": "12.25400", "2007-09-30": "12.23900", "2007-06-30": "13.38380", "2007-03-31": "12.94200", "2006-12-31": "12.24310", "2006-09-30": "9.49540", "2006-06-30": "12.79220", "2006-03-31": "11.99500", "2005-12-31": "10.19400", "2005-09-30": "9.30730", "2005-06-30": "8.80370", "2005-03-31": "6.09020"}, "Net Profit Margin": {"2020-09-30": "6.86830", "2020-06-30": "4.99600", "2020-03-31": "5.78270", "2019-12-31": "5.74230", "2019-09-30": "4.55110", "2019-06-30": "4.65500", "2019-03-31": "-0.28240", "2018-12-31": "3.07900", "2018-09-30": "8.13690", "2018-06-30": "7.59360", "2018-03-31": "8.36660", "2017-12-31": "4.55490", "2017-09-30": "7.03590", "2017-06-30": "7.72590", "2017-03-31": "8.06620", "2016-12-31": "4.97520", "2016-09-30": "12.20120", "2016-06-30": "12.50480", "2016-03-31": "12.19680", "2015-12-31": "12.22060", "2015-09-30": "12.25170", "2015-06-30": "11.98360", "2015-03-31": "11.74750", "2014-12-31": "11.42660", "2014-09-30": "11.26310", "2014-06-30": "12.08530", "2014-03-31": "11.46840", "2013-12-31": "10.95980", "2013-09-30": "11.71100", "2013-06-30": "11.65170", "2013-03-31": "11.25330", "2012-12-31": "10.66320", "2012-09-30": "10.72070", "2012-06-30": "10.55870", "2012-03-31": "10.15950", "2011-12-31": "8.49400", "2011-09-30": "9.34170", "2011-06-30": "7.58700", "2011-03-31": "8.99530", "2010-12-31": "7.72170", "2010-09-30": "8.12970", "2010-06-30": "8.34210", "2010-03-31": "8.34340", "2009-12-31": "6.73880", "2009-09-30": "8.27590", "2009-06-30": "9.23200", "2009-03-31": "8.64270", "2008-12-31": "7.67720", "2008-09-30": "8.37590", "2008-06-30": "8.65260", "2008-03-31": "8.48100", "2007-12-31": "7.85070", "2007-09-30": "7.67740", "2007-06-30": "8.63620", "2007-03-31": "8.12120", "2006-12-31": "8.91310", "2006-09-30": "6.46030", "2006-06-30": "8.07360", "2006-03-31": "7.63920", "2005-12-31": "6.03170", "2005-09-30": "5.89670", "2005-06-30": "5.68950", "2005-03-31": "3.82460"}, "Asset Turnover": {"2020-09-30": "0.10110", "2020-06-30": "0.09410", "2020-03-31": "0.10280", "2019-12-31": "0.12500", "2019-09-30": "0.10590", "2019-06-30": "0.11810", "2019-03-31": "0.08350", "2018-12-31": "0.12920", "2018-09-30": "0.12600", "2018-06-30": "0.16650", "2018-03-31": "0.15360", "2017-12-31": "0.16340", "2017-09-30": "0.14850", "2017-06-30": "0.14480", "2017-03-31": "0.15190", "2016-12-31": "0.11550", "2016-09-30": "0.19710", "2016-06-30": "0.21410", "2016-03-31": "0.22840", "2015-12-31": "0.25790", "2015-09-30": "0.24340", "2015-06-30": "0.25680", "2015-03-31": "0.25840", "2014-12-31": "0.24850", "2014-09-30": "0.24700", "2014-06-30": "0.23110", "2014-03-31": "0.23840", "2013-12-31": "0.24150", "2013-09-30": "0.22410", "2013-06-30": "0.25350", "2013-03-31": "0.24560", "2012-12-31": "0.25960", "2012-09-30": "0.24520", "2012-06-30": "0.26150", "2012-03-31": "0.26280", "2011-12-31": "0.24760", "2011-09-30": "0.24870", "2011-06-30": "0.23810", "2011-03-31": "0.24000", "2010-12-31": "0.21810", "2010-09-30": "0.22030", "2010-06-30": "0.22920", "2010-03-31": "0.22210", "2009-12-31": "0.22650", "2009-09-30": "0.20980", "2009-06-30": "0.22870", "2009-03-31": "0.26600", "2008-12-31": "0.26880", "2008-09-30": "0.30810", "2008-06-30": "0.31060", "2008-03-31": "0.32550", "2007-12-31": "0.31520", "2007-09-30": "0.32180", "2007-06-30": "0.30770", "2007-03-31": "0.30730", "2006-12-31": "0.30260", "2006-09-30": "0.29540", "2006-06-30": "0.28450", "2006-03-31": "0.30430", "2005-12-31": "0.32310", "2005-09-30": "0.31640", "2005-06-30": "0.34010", "2005-03-31": "0.32410"}, "Inventory Turnover Ratio": {"2020-09-30": "0.72980", "2020-06-30": "0.69500", "2020-03-31": "0.75670", "2019-12-31": "0.95510", "2019-09-30": "0.71640", "2019-06-30": "0.86170", "2019-03-31": "0.61860", "2018-12-31": "0.97150", "2018-09-30": "0.89560", "2018-06-30": "0.91190", "2018-03-31": "0.89870", "2017-12-31": "1.08670", "2017-09-30": "0.92150", "2017-06-30": "0.88210", "2017-03-31": "0.91820", "2016-12-31": "0.82120", "2016-09-30": "0.93370", "2016-06-30": "0.98530", "2016-03-31": "1.07960", "2015-12-31": "1.18110", "2015-09-30": "1.06760", "2015-06-30": "1.08270", "2015-03-31": "1.09170", "2014-12-31": "1.10890", "2014-09-30": "1.12420", "2014-06-30": "1.05170", "2014-03-31": "1.15620", "2013-12-31": "1.19380", "2013-09-30": "1.10730", "2013-06-30": "1.09650", "2013-03-31": "1.00940", "2012-12-31": "1.05620", "2012-09-30": "1.06310", "2012-06-30": "1.12240", "2012-03-31": "1.11650", "2011-12-31": "1.11240", "2011-09-30": "1.08250", "2011-06-30": "1.08030", "2011-03-31": "1.13020", "2010-12-31": "1.08580", "2010-09-30": "1.07100", "2010-06-30": "1.08870", "2010-03-31": "1.05990", "2009-12-31": "1.08440", "2009-09-30": "0.96230", "2009-06-30": "0.97100", "2009-03-31": "1.06890", "2008-12-31": "1.13350", "2008-09-30": "1.29090", "2008-06-30": "1.43480", "2008-03-31": "1.49480", "2007-12-31": "1.52740", "2007-09-30": "1.39400", "2007-06-30": "1.27230", "2007-03-31": "1.45620", "2006-12-31": "1.48420", "2006-09-30": "1.49150", "2006-06-30": "1.32330", "2006-03-31": "1.45590", "2005-12-31": "1.81080", "2005-09-30": "1.50400", "2005-06-30": "1.69950", "2005-03-31": "1.70680"}, "Receiveable Turnover": {"2020-09-30": "1.30110", "2020-06-30": "1.23190", "2020-03-31": "1.15420", "2019-12-31": "1.42340", "2019-09-30": "1.19630", "2019-06-30": "1.30980", "2019-03-31": "0.92290", "2018-12-31": "0.97470", "2018-09-30": "0.86880", "2018-06-30": "0.91630", "2018-03-31": "0.83250", "2017-12-31": "0.92170", "2017-09-30": "0.83710", "2017-06-30": "0.82570", "2017-03-31": "0.87110", "2016-12-31": "0.80630", "2016-09-30": "1.08230", "2016-06-30": "1.23410", "2016-03-31": "1.24560", "2015-12-31": "1.39090", "2015-09-30": "1.29450", "2015-06-30": "1.24510", "2015-03-31": "1.22970", "2014-12-31": "1.30040", "2014-09-30": "1.11490", "2014-06-30": "1.01960", "2014-03-31": "1.09200", "2013-12-31": "1.22900", "2013-09-30": "1.10720", "2013-06-30": "1.30620", "2013-03-31": "1.42220", "2012-12-31": "1.56550", "2012-09-30": "1.36580", "2012-06-30": "1.37920", "2012-03-31": "1.47120", "2011-12-31": "1.54390", "2011-09-30": "1.43990", "2011-06-30": "1.42240", "2011-03-31": "1.48930", "2010-12-31": "1.52330", "2010-09-30": "1.41890", "2010-06-30": "1.35950", "2010-03-31": "1.46770", "2009-12-31": "1.72470", "2009-09-30": "1.43070", "2009-06-30": "1.32650", "2009-03-31": "1.45590", "2008-12-31": "1.48130", "2008-09-30": "1.32590", "2008-06-30": "1.37320", "2008-03-31": "1.33870", "2007-12-31": "1.64360", "2007-09-30": "1.64510", "2007-06-30": "1.61720", "2007-03-31": "1.58860", "2006-12-31": "1.66020", "2006-09-30": "1.71030", "2006-06-30": "1.60680", "2006-03-31": "1.55780", "2005-12-31": "1.30630", "2005-09-30": "1.47490", "2005-06-30": "1.58460", "2005-03-31": "1.51100"}, "Days Sales In Receivables": {"2020-09-30": "69.17320", "2020-06-30": "73.05570", "2020-03-31": "77.97300", "2019-12-31": "63.22880", "2019-09-30": "75.23460", "2019-06-30": "68.71480", "2019-03-31": "97.52400", "2018-12-31": "92.33140", "2018-09-30": "103.58780", "2018-06-30": "98.22170", "2018-03-31": "108.10950", "2017-12-31": "97.64070", "2017-09-30": "107.51350", "2017-06-30": "108.99310", "2017-03-31": "103.31360", "2016-12-31": "111.61540", "2016-09-30": "83.15940", "2016-06-30": "72.92910", "2016-03-31": "72.25200", "2015-12-31": "64.70680", "2015-09-30": "69.52330", "2015-06-30": "72.28120", "2015-03-31": "73.18670", "2014-12-31": "69.20780", "2014-09-30": "80.72500", "2014-06-30": "88.27430", "2014-03-31": "82.41490", "2013-12-31": "73.23050", "2013-09-30": "81.28760", "2013-06-30": "68.90320", "2013-03-31": "63.28370", "2012-12-31": "57.49080", "2012-09-30": "65.89710", "2012-06-30": "65.25320", "2012-03-31": "61.17530", "2011-12-31": "58.29220", "2011-09-30": "62.50350", "2011-06-30": "63.27130", "2011-03-31": "60.43120", "2010-12-31": "59.08190", "2010-09-30": "63.43070", "2010-06-30": "66.20060", "2010-03-31": "61.31840", "2009-12-31": "52.18270", "2009-09-30": "62.90810", "2009-06-30": "67.84710", "2009-03-31": "61.81770", "2008-12-31": "60.75940", "2008-09-30": "67.87960", "2008-06-30": "65.53930", "2008-03-31": "67.23110", "2007-12-31": "54.75750", "2007-09-30": "54.70700", "2007-06-30": "55.65170", "2007-03-31": "56.65380", "2006-12-31": "54.21180", "2006-09-30": "52.62150", "2006-06-30": "56.01090", "2006-03-31": "57.77260", "2005-12-31": "68.89810", "2005-09-30": "61.02270", "2005-06-30": "56.79560", "2005-03-31": "59.56270"}, "ROE - Return On Equity": {"2020-09-30": "1.27830", "2020-06-30": "0.86840", "2020-03-31": "1.13500", "2019-12-31": "1.37290", "2019-09-30": "0.93120", "2019-06-30": "1.04420", "2019-03-31": "-0.04090", "2018-12-31": "1.21540", "2018-09-30": "2.95840", "2018-06-30": "2.89680", "2018-03-31": "2.92670", "2017-12-31": "1.75700", "2017-09-30": "2.50110", "2017-06-30": "2.79220", "2017-03-31": "3.03970", "2016-12-31": "1.55630", "2016-09-30": "4.76330", "2016-06-30": "5.24300", "2016-03-31": "5.61030", "2015-12-31": "5.98230", "2015-09-30": "4.99540", "2015-06-30": "5.18850", "2015-03-31": "5.29140", "2014-12-31": "5.12560", "2014-09-30": "5.03770", "2014-06-30": "5.02380", "2014-03-31": "4.76880", "2013-12-31": "4.66500", "2013-09-30": "4.87410", "2013-06-30": "5.30960", "2013-03-31": "5.22910", "2012-12-31": "5.05180", "2012-09-30": "5.11720", "2012-06-30": "5.60690", "2012-03-31": "5.27290", "2011-12-31": "4.41590", "2011-09-30": "4.59450", "2011-06-30": "3.56800", "2011-03-31": "4.22350", "2010-12-31": "3.42930", "2010-09-30": "3.49820", "2010-06-30": "3.86780", "2010-03-31": "3.78950", "2009-12-31": "3.10750", "2009-09-30": "3.63410", "2009-06-30": "4.38370", "2009-03-31": "4.95370", "2008-12-31": "4.81710", "2008-09-30": "4.84450", "2008-06-30": "4.97490", "2008-03-31": "5.11460", "2007-12-31": "4.68970", "2007-09-30": "4.56870", "2007-06-30": "5.19540", "2007-03-31": "5.11170", "2006-12-31": "5.72540", "2006-09-30": "3.84070", "2006-06-30": "4.79940", "2006-03-31": "4.86120", "2005-12-31": "4.72380", "2005-09-30": "4.25780", "2005-06-30": "4.34550", "2005-03-31": "2.88930"}, "Return On Tangible Equity": {"2020-09-30": "-5.83220", "2020-06-30": "-3.62840", "2020-03-31": "-4.47300", "2019-12-31": "-5.55240", "2019-09-30": "-3.51050", "2019-06-30": "-3.83230", "2019-03-31": "0.14670", "2018-12-31": "-5.30530", "2018-09-30": "-13.05280", "2018-06-30": "-11.43260", "2018-03-31": "-11.32400", "2017-12-31": "-5.94460", "2017-09-30": "-8.67660", "2017-06-30": "-8.12060", "2017-03-31": "-7.92260", "2016-12-31": "-29.73550", "2016-09-30": "20.80600", "2016-06-30": "20.77820", "2016-03-31": "25.20330", "2015-12-31": "25.30100", "2015-09-30": "14.26130", "2015-06-30": "15.93780", "2015-03-31": "17.74790", "2014-12-31": "17.71690", "2014-09-30": "18.95540", "2014-06-30": "17.43790", "2014-03-31": "15.64390", "2013-12-31": "17.83880", "2013-09-30": "21.11720", "2013-06-30": "20.68010", "2013-03-31": "25.04520", "2012-12-31": "21.04990", "2012-09-30": "21.78250", "2012-06-30": "27.82880", "2012-03-31": "21.47070", "2011-12-31": "22.81690", "2011-09-30": "22.06320", "2011-06-30": "18.44960", "2011-03-31": "24.58800", "2010-12-31": "22.02760", "2010-09-30": "20.45130", "2010-06-30": "25.03450", "2010-03-31": "29.05480", "2009-12-31": "22.34890", "2009-09-30": "16.37260", "2009-06-30": "24.47300", "2009-03-31": "31.81900", "2008-12-31": "34.71290", "2008-09-30": "9.45460", "2008-06-30": "8.81290", "2008-03-31": "9.55800", "2007-12-31": "8.87970", "2007-09-30": "8.75340", "2007-06-30": "10.43600", "2007-03-31": "9.02370", "2006-12-31": "10.66970", "2006-09-30": "5.80170", "2006-06-30": "7.34700", "2006-03-31": "7.84030", "2005-12-31": "8.07270", "2005-09-30": "7.71960", "2005-06-30": "8.32510", "2005-03-31": "5.97750"}, "ROA - Return On Assets": {"2020-09-30": "0.69670", "2020-06-30": "0.46470", "2020-03-31": "0.59230", "2019-12-31": "0.72420", "2019-09-30": "0.47930", "2019-06-30": "0.54220", "2019-03-31": "-0.02100", "2018-12-31": "0.40320", "2018-09-30": "1.00660", "2018-06-30": "1.24700", "2018-03-31": "1.27200", "2017-12-31": "0.75530", "2017-09-30": "1.06110", "2017-06-30": "1.12070", "2017-03-31": "1.19390", "2016-12-31": "0.70400", "2016-09-30": "2.40440", "2016-06-30": "2.67770", "2016-03-31": "2.78520", "2015-12-31": "3.15150", "2015-09-30": "2.98190", "2015-06-30": "3.07760", "2015-03-31": "3.03600", "2014-12-31": "2.80540", "2014-09-30": "2.79260", "2014-06-30": "2.80370", "2014-03-31": "2.74760", "2013-12-31": "2.62370", "2013-09-30": "2.62490", "2013-06-30": "2.96610", "2013-03-31": "2.77770", "2012-12-31": "2.75420", "2012-09-30": "2.62910", "2012-06-30": "2.77510", "2012-03-31": "2.66990", "2011-12-31": "2.14280", "2011-09-30": "2.32350", "2011-06-30": "1.80630", "2011-03-31": "2.15860", "2010-12-31": "1.71820", "2010-09-30": "1.79070", "2010-06-30": "1.91220", "2010-03-31": "1.85350", "2009-12-31": "1.52630", "2009-09-30": "1.73660", "2009-06-30": "2.11180", "2009-03-31": "2.29890", "2008-12-31": "2.06360", "2008-09-30": "2.58090", "2008-06-30": "2.68780", "2008-03-31": "2.76050", "2007-12-31": "2.49830", "2007-09-30": "2.42660", "2007-06-30": "2.65680", "2007-03-31": "2.49880", "2006-12-31": "2.76540", "2006-09-30": "1.94900", "2006-06-30": "2.36650", "2006-03-31": "2.32690", "2005-12-31": "2.14180", "2005-09-30": "1.91770", "2005-06-30": "1.90710", "2005-03-31": "1.25220"}, "ROI - Return On Investment": {"2020-09-30": "0.92760", "2020-06-30": "0.62860", "2020-03-31": "0.76940", "2019-12-31": "0.95760", "2019-09-30": "0.63080", "2019-06-30": "0.71500", "2019-03-31": "-0.02770", "2018-12-31": "0.52350", "2018-09-30": "1.27960", "2018-06-30": "1.75960", "2018-03-31": "1.79980", "2017-12-31": "1.06830", "2017-09-30": "1.50070", "2017-06-30": "1.59680", "2017-03-31": "1.73450", "2016-12-31": "0.97740", "2016-09-30": "3.23210", "2016-06-30": "3.66340", "2016-03-31": "3.79650", "2015-12-31": "4.25290", "2015-09-30": "4.07140", "2015-06-30": "4.30710", "2015-03-31": "4.29730", "2014-12-31": "3.98020", "2014-09-30": "3.90160", "2014-06-30": "3.91480", "2014-03-31": "3.76100", "2013-12-31": "3.63400", "2013-09-30": "3.59530", "2013-06-30": "4.14050", "2013-03-31": "3.98060", "2012-12-31": "4.04810", "2012-09-30": "3.78600", "2012-06-30": "4.05150", "2012-03-31": "3.92530", "2011-12-31": "3.20500", "2011-09-30": "3.37600", "2011-06-30": "2.64340", "2011-03-31": "3.07990", "2010-12-31": "2.41020", "2010-09-30": "2.45750", "2010-06-30": "2.65250", "2010-03-31": "2.55970", "2009-12-31": "2.12710", "2009-09-30": "2.37210", "2009-06-30": "3.01150", "2009-03-31": "3.29570", "2008-12-31": "3.10310", "2008-09-30": "3.97330", "2008-06-30": "4.07370", "2008-03-31": "4.13730", "2007-12-31": "3.77200", "2007-09-30": "3.63720", "2007-06-30": "4.06820", "2007-03-31": "3.93190", "2006-12-31": "4.34000", "2006-09-30": "2.89920", "2006-06-30": "3.60720", "2006-03-31": "3.56560", "2005-12-31": "3.38490", "2005-09-30": "3.01330", "2005-06-30": "3.02310", "2005-03-31": "1.97200"}, "Book Value Per Share": {"2020-09-30": "52.82400", "2020-06-30": "51.92120", "2020-03-31": "51.49150", "2019-12-31": "52.13150", "2019-09-30": "50.75960", "2019-06-30": "52.26380", "2019-03-31": "60.06980", "2018-12-31": "29.69620", "2018-09-30": "30.12570", "2018-06-30": "29.82410", "2018-03-31": "31.05400", "2017-12-31": "29.45340", "2017-09-30": "28.50380", "2017-06-30": "26.92500", "2017-03-31": "24.70140", "2016-12-31": "31.19540", "2016-09-30": "19.42950", "2016-06-30": "19.15070", "2016-03-31": "18.62720", "2015-12-31": "18.52580", "2015-09-30": "20.57920", "2015-06-30": "20.23810", "2015-03-31": "18.81120", "2014-12-31": "18.78280", "2014-09-30": "18.59240", "2014-06-30": "18.33360", "2014-03-31": "17.42270", "2013-12-31": "16.54850", "2013-09-30": "15.75260", "2013-06-30": "14.60160", "2013-03-31": "13.84030", "2012-12-31": "13.43740", "2012-09-30": "12.85340", "2012-06-30": "12.05130", "2012-03-31": "11.66650", "2011-12-31": "10.92530", "2011-09-30": "10.57290", "2011-06-30": "10.55360", "2011-03-31": "10.06430", "2010-12-31": "9.41930", "2010-09-30": "9.10640", "2010-06-30": "8.41180", "2010-03-31": "8.35220", "2009-12-31": "8.16660", "2009-09-30": "7.91150", "2009-06-30": "7.40130", "2009-03-31": "6.88820", "2008-12-31": "6.74020", "2008-09-30": "7.06150", "2008-06-30": "7.00690", "2008-03-31": "6.57970", "2007-12-31": "6.33770", "2007-09-30": "6.00590", "2007-06-30": "5.55450", "2007-03-31": "5.14390", "2006-12-31": "4.86920", "2006-09-30": "4.77600", "2006-06-30": "4.66340", "2006-03-31": "4.27310", "2005-12-31": "3.94980", "2005-09-30": "3.81560", "2005-06-30": "3.61780", "2005-03-31": "3.46940"}, "Operating Cash Flow Per Share": {"2020-09-30": 1.2066, "2020-06-30": 1.6298, "2020-03-31": "-0.42790", "2019-12-31": 2.7631, "2019-09-30": 0.647, "2019-06-30": 2.0592, "2019-03-31": "0.25830", "2018-12-31": 2.8677, "2018-09-30": -0.3097, "2018-06-30": 0.452, "2018-03-31": "0.25110", "2017-12-31": 1.6893, "2017-09-30": 0.4176, "2017-06-30": 0.1296, "2017-03-31": "-0.27190", "2016-12-31": 2.2088, "2016-09-30": 0.3716, "2016-06-30": 1.5428, "2016-03-31": "0.82000", "2015-12-31": 2.0255, "2015-09-30": 1.4836, "2015-06-30": 0.6902, "2015-03-31": "0.44830", "2014-12-31": 2.503, "2014-09-30": 0.9544, "2014-06-30": 1.1475, "2014-03-31": "0.27080", "2013-12-31": 1.5589, "2013-09-30": 0.4103, "2013-06-30": 0.1326, "2013-03-31": "0.33180", "2012-12-31": 1.2784, "2012-09-30": 0.8606, "2012-06-30": 0.3052, "2012-03-31": "0.01010", "2011-12-31": 1.5383, "2011-09-30": 0.3526, "2011-06-30": 0.5106, "2011-03-31": "0.17080", "2010-12-31": 1.0518, "2010-09-30": 0.5292, "2010-06-30": 0.1245, "2010-03-31": "0.12910", "2009-12-31": 0.7193, "2009-09-30": 0.5762, "2009-06-30": 0.4555, "2009-03-31": "-0.05960", "2008-12-31": 0.8033, "2008-09-30": 0.4814, "2008-06-30": 0.6556, "2008-03-31": "-0.34550", "2007-12-31": 1.0071, "2007-09-30": 0.1849, "2007-06-30": 0.0742, "2007-03-31": "0.19180", "2006-12-31": 0.4229, "2006-09-30": 0.3692, "2006-06-30": 0.2842, "2006-03-31": "0.46140", "2005-12-31": 0.3962, "2005-09-30": 0.1711, "2005-06-30": 0.1875, "2005-03-31": "0.13100"}, "Free Cash Flow Per Share": {"2020-09-30": 1.0925, "2020-06-30": 1.4659, "2020-03-31": "-0.56840", "2019-12-31": 2.3102, "2019-09-30": 0.3839, "2019-06-30": 1.9906, "2019-03-31": "0.01980", "2018-12-31": 2.5884, "2018-09-30": -0.561, "2018-06-30": 0.2322, "2018-03-31": "0.15180", "2017-12-31": 1.3862, "2017-09-30": 0.1971, "2017-06-30": -0.0663, "2017-03-31": "-0.47020", "2016-12-31": 2.0111, "2016-09-30": 0.2314, "2016-06-30": 1.425, "2016-03-31": "0.72870", "2015-12-31": 1.8704, "2015-09-30": 1.3598, "2015-06-30": 0.5633, "2015-03-31": "0.36290", "2014-12-31": 2.3312, "2014-09-30": 0.8255, "2014-06-30": 1.0115, "2014-03-31": "0.21990", "2013-12-31": 1.3744, "2013-09-30": 0.3213, "2013-06-30": 0.1016, "2013-03-31": "0.27240", "2012-12-31": 1.1624, "2012-09-30": 0.7835, "2012-06-30": 0.2406, "2012-03-31": "-0.09430", "2011-12-31": 1.379, "2011-09-30": 0.2551, "2011-06-30": 0.4579, "2011-03-31": "0.09430", "2010-12-31": 0.967, "2010-09-30": 0.4735, "2010-06-30": 0.0898, "2010-03-31": "0.09150", "2009-12-31": 0.6465, "2009-09-30": 0.5538, "2009-06-30": 0.4007, "2009-03-31": "-0.05750", "2008-12-31": 0.7328, "2008-09-30": 0.4346, "2008-06-30": 0.6148, "2008-03-31": "-0.38470", "2007-12-31": 0.937, "2007-09-30": 0.1383, "2007-06-30": 0.0259, "2007-03-31": "0.15690", "2006-12-31": 0.3595, "2006-09-30": 0.3305, "2006-06-30": 0.2265, "2006-03-31": "0.42770", "2005-12-31": 0.3287, "2005-09-30": 0.1209, "2005-06-30": 0.1308, "2005-03-31": "0.07760"}}, "revenue": {"Westinghouse Air Brake Technologies Annual Revenue (Millions of US $)": {"2019": "$8,200", "2018": "$4,364", "2017": "$3,882", "2016": "$2,931", "2015": "$3,308", "2014": "$3,044", "2013": "$2,566", "2012": "$2,391", "2011": "$1,968", "2010": "$1,507", "2009": "$1,402", "2008": "$1,575", "2007": "$1,360", "2006": "$1,088", "2005": "$1,034"}, "Westinghouse Air Brake Technologies Quarterly Revenue (Millions of US $)": {"2020-09-30": "$1,865", "2020-06-30": "$1,737", "2020-03-31": "$1,930", "2019-12-31": "$2,368", "2019-09-30": "$2,002", "2019-06-30": "$2,236", "2019-03-31": "$1,594", "2018-12-31": "$1,118", "2018-09-30": "$1,078", "2018-06-30": "$1,112", "2018-03-31": "$1,056", "2017-12-31": "$1,075", "2017-09-30": "$958", "2017-06-30": "$932", "2017-03-31": "$916", "2016-12-31": "$760", "2016-09-30": "$676", "2016-06-30": "$724", "2016-03-31": "$772", "2015-12-31": "$833", "2015-09-30": "$810", "2015-06-30": "$847", "2015-03-31": "$819", "2014-12-31": "$821", "2014-09-30": "$797", "2014-06-30": "$731", "2014-03-31": "$695", "2013-12-31": "$681", "2013-09-30": "$631", "2013-06-30": "$638", "2013-03-31": "$616", "2012-12-31": "$610", "2012-09-30": "$588", "2012-06-30": "$610", "2012-03-31": "$583", "2011-12-31": "$535", "2011-09-30": "$499", "2011-06-30": "$479", "2011-03-31": "$455", "2010-12-31": "$393", "2010-09-30": "$376", "2010-06-30": "$374", "2010-03-31": "$364", "2009-12-31": "$359", "2009-09-30": "$330", "2009-06-30": "$334", "2009-03-31": "$378", "2008-12-31": "$405", "2008-09-30": "$396", "2008-06-30": "$390", "2008-03-31": "$383", "2007-12-31": "$365", "2007-09-30": "$355", "2007-06-30": "$326", "2007-03-31": "$314", "2006-12-31": "$294", "2006-09-30": "$269", "2006-06-30": "$262", "2006-03-31": "$262", "2005-12-31": "$270", "2005-09-30": "$256", "2005-06-30": "$266", "2005-03-31": "$242"}}, "gross-profit": {"Westinghouse Air Brake Technologies Annual Gross Profit (Millions of US $)": {"2019": "$2,278", "2018": "$1,234", "2017": "$1,065", "2016": "$924", "2015": "$1,048", "2014": "$936", "2013": "$764", "2012": "$695", "2011": "$570", "2010": "$449", "2009": "$393", "2008": "$427", "2007": "$370", "2006": "$297", "2005": "$260"}, "Westinghouse Air Brake Technologies Quarterly Gross Profit (Millions of US $)": {"2020-09-30": "$566", "2020-06-30": "$487", "2020-03-31": "$579", "2019-12-31": "$675", "2019-09-30": "$599", "2019-06-30": "$615", "2019-03-31": "$389", "2018-12-31": "$297", "2018-09-30": "$302", "2018-06-30": "$324", "2018-03-31": "$311", "2017-12-31": "$268", "2017-09-30": "$253", "2017-06-30": "$274", "2017-03-31": "$270", "2016-12-31": "$219", "2016-09-30": "$212", "2016-06-30": "$237", "2016-03-31": "$255", "2015-12-31": "$268", "2015-09-30": "$257", "2015-06-30": "$268", "2015-03-31": "$255", "2014-12-31": "$254", "2014-09-30": "$247", "2014-06-30": "$225", "2014-03-31": "$210", "2013-12-31": "$200", "2013-09-30": "$188", "2013-06-30": "$193", "2013-03-31": "$183", "2012-12-31": "$180", "2012-09-30": "$171", "2012-06-30": "$173", "2012-03-31": "$169", "2011-12-31": "$147", "2011-09-30": "$147", "2011-06-30": "$143", "2011-03-31": "$133", "2010-12-31": "$118", "2010-09-30": "$109", "2010-06-30": "$113", "2010-03-31": "$108", "2009-12-31": "$100", "2009-09-30": "$95", "2009-06-30": "$92", "2009-03-31": "$107", "2008-12-31": "$106", "2008-09-30": "$108", "2008-06-30": "$109", "2008-03-31": "$105", "2007-12-31": "$96", "2007-09-30": "$96", "2007-06-30": "$91", "2007-03-31": "$87", "2006-12-31": "$78", "2006-09-30": "$66", "2006-06-30": "$77", "2006-03-31": "$75", "2005-12-31": "$69", "2005-09-30": "$67", "2005-06-30": "$66", "2005-03-31": "$57"}}, "operating-income": {"Westinghouse Air Brake Technologies Annual Operating Income (Millions of US $)": {"2019": "$663", "2018": "$473", "2017": "$421", "2016": "$457", "2015": "$608", "2014": "$527", "2013": "$437", "2012": "$392", "2011": "$271", "2010": "$203", "2009": "$180", "2008": "$213", "2007": "$180", "2006": "$130", "2005": "$102"}, "Westinghouse Air Brake Technologies Quarterly Operating Income (Millions of US $)": {"2020-09-30": "$207", "2020-06-30": "$159", "2020-03-31": "$217", "2019-12-31": "$226", "2019-09-30": "$169", "2019-06-30": "$201", "2019-03-31": "$67", "2018-12-31": "$93", "2018-09-30": "$125", "2018-06-30": "$124", "2018-03-31": "$131", "2017-12-31": "$92", "2017-09-30": "$102", "2017-06-30": "$113", "2017-03-31": "$115", "2016-12-31": "$61", "2016-09-30": "$120", "2016-06-30": "$133", "2016-03-31": "$142", "2015-12-31": "$151", "2015-09-30": "$152", "2015-06-30": "$156", "2015-03-31": "$148", "2014-12-31": "$137", "2014-09-30": "$136", "2014-06-30": "$132", "2014-03-31": "$122", "2013-12-31": "$111", "2013-09-30": "$110", "2013-06-30": "$113", "2013-03-31": "$104", "2012-12-31": "$100", "2012-09-30": "$97", "2012-06-30": "$101", "2012-03-31": "$94", "2011-12-31": "$73", "2011-09-30": "$75", "2011-06-30": "$56", "2011-03-31": "$66", "2010-12-31": "$51", "2010-09-30": "$51", "2010-06-30": "$50", "2010-03-31": "$51", "2009-12-31": "$42", "2009-09-30": "$46", "2009-06-30": "$37", "2009-03-31": "$56", "2008-12-31": "$50", "2008-09-30": "$52", "2008-06-30": "$56", "2008-03-31": "$54", "2007-12-31": "$46", "2007-09-30": "$46", "2007-06-30": "$46", "2007-03-31": "$42", "2006-12-31": "$37", "2006-09-30": "$25", "2006-06-30": "$35", "2006-03-31": "$32", "2005-12-31": "$30", "2005-09-30": "$27", "2005-06-30": "$26", "2005-03-31": "$18"}}, "ebitda": {"Westinghouse Air Brake Technologies Annual EBITDA (Millions of US $)": {"2019": "$982", "2018": "$583", "2017": "$524", "2016": "$526", "2015": "$672", "2014": "$588", "2013": "$489", "2012": "$436", "2011": "$316", "2010": "$241", "2009": "$216", "2008": "$242", "2007": "$209", "2006": "$155", "2005": "$127"}, "Westinghouse Air Brake Technologies Quarterly EBITDA (Millions of US $)": {"2020-09-30": "$314", "2020-06-30": "$260", "2020-03-31": "$296", "2019-12-31": "$286", "2019-09-30": "$273", "2019-06-30": "$300", "2019-03-31": "$123", "2018-12-31": "$120", "2018-09-30": "$155", "2018-06-30": "$149", "2018-03-31": "$159", "2017-12-31": "$118", "2017-09-30": "$128", "2017-06-30": "$139", "2017-03-31": "$140", "2016-12-31": "$81", "2016-09-30": "$136", "2016-06-30": "$150", "2016-03-31": "$158", "2015-12-31": "$168", "2015-09-30": "$169", "2015-06-30": "$172", "2015-03-31": "$164", "2014-12-31": "$153", "2014-09-30": "$153", "2014-06-30": "$147", "2014-03-31": "$135", "2013-12-31": "$125", "2013-09-30": "$122", "2013-06-30": "$126", "2013-03-31": "$115", "2012-12-31": "$113", "2012-09-30": "$108", "2012-06-30": "$111", "2012-03-31": "$104", "2011-12-31": "$84", "2011-09-30": "$88", "2011-06-30": "$66", "2011-03-31": "$77", "2010-12-31": "$63", "2010-09-30": "$60", "2010-06-30": "$58", "2010-03-31": "$60", "2009-12-31": "$52", "2009-09-30": "$53", "2009-06-30": "$46", "2009-03-31": "$65", "2008-12-31": "$58", "2008-09-30": "$60", "2008-06-30": "$63", "2008-03-31": "$61", "2007-12-31": "$54", "2007-09-30": "$53", "2007-06-30": "$53", "2007-03-31": "$49", "2006-12-31": "$41", "2006-09-30": "$35", "2006-06-30": "$41", "2006-03-31": "$39", "2005-12-31": "$35", "2005-09-30": "$33", "2005-06-30": "$33", "2005-03-31": "$25"}}, "net-income": {"Westinghouse Air Brake Technologies Annual Net Income (Millions of US $)": {"2019": "$327", "2018": "$295", "2017": "$262", "2016": "$305", "2015": "$399", "2014": "$352", "2013": "$292", "2012": "$252", "2011": "$169", "2010": "$122", "2009": "$115", "2008": "$131", "2007": "$110", "2006": "$85", "2005": "$56"}, "Westinghouse Air Brake Technologies Quarterly Net Income (Millions of US $)": {"2020-09-30": "$128", "2020-06-30": "$87", "2020-03-31": "$112", "2019-12-31": "$136", "2019-09-30": "$91", "2019-06-30": "$104", "2019-03-31": "$-5", "2018-12-31": "$34", "2018-09-30": "$88", "2018-06-30": "$84", "2018-03-31": "$88", "2017-12-31": "$49", "2017-09-30": "$67", "2017-06-30": "$72", "2017-03-31": "$74", "2016-12-31": "$38", "2016-09-30": "$82", "2016-06-30": "$90", "2016-03-31": "$94", "2015-12-31": "$102", "2015-09-30": "$99", "2015-06-30": "$102", "2015-03-31": "$96", "2014-12-31": "$94", "2014-09-30": "$90", "2014-06-30": "$88", "2014-03-31": "$80", "2013-12-31": "$75", "2013-09-30": "$74", "2013-06-30": "$74", "2013-03-31": "$69", "2012-12-31": "$65", "2012-09-30": "$63", "2012-06-30": "$64", "2012-03-31": "$59", "2011-12-31": "$45", "2011-09-30": "$47", "2011-06-30": "$36", "2011-03-31": "$41", "2010-12-31": "$30", "2010-09-30": "$31", "2010-06-30": "$31", "2010-03-31": "$30", "2009-12-31": "$24", "2009-09-30": "$27", "2009-06-30": "$31", "2009-03-31": "$33", "2008-12-31": "$31", "2008-09-30": "$33", "2008-06-30": "$34", "2008-03-31": "$33", "2007-12-31": "$29", "2007-09-30": "$27", "2007-06-30": "$28", "2007-03-31": "$26", "2006-12-31": "$26", "2006-09-30": "$17", "2006-06-30": "$21", "2006-03-31": "$20", "2005-12-31": "$16", "2005-09-30": "$15", "2005-06-30": "$15", "2005-03-31": "$9"}}, "eps-earnings-per-share-diluted": {"Westinghouse Air Brake Technologies Annual EPS": {"2019": "$1.84", "2018": "$3.05", "2017": "$2.72", "2016": "$3.34", "2015": "$4.10", "2014": "$3.62", "2013": "$3.01", "2012": "$2.60", "2011": "$1.76", "2010": "$1.28", "2009": "$1.20", "2008": "$1.33", "2007": "$1.12", "2006": "$0.87", "2005": "$0.59"}, "Westinghouse Air Brake Technologies Quarterly EPS": {"2020-09-30": "$0.67", "2020-06-30": "$0.46", "2020-03-31": "$0.58", "2019-12-31": "$0.86", "2019-09-30": "$0.48", "2019-06-30": "$0.54", "2019-03-31": "$-0.04", "2018-12-31": "$0.35", "2018-09-30": "$0.91", "2018-06-30": "$0.87", "2018-03-31": "$0.92", "2017-12-31": "$0.50", "2017-09-30": "$0.70", "2017-06-30": "$0.75", "2017-03-31": "$0.77", "2016-12-31": "$0.41", "2016-09-30": "$0.91", "2016-06-30": "$1.00", "2016-03-31": "$1.02", "2015-12-31": "$1.05", "2015-09-30": "$1.02", "2015-06-30": "$1.04", "2015-03-31": "$0.99", "2014-12-31": "$0.95", "2014-09-30": "$0.93", "2014-06-30": "$0.91", "2014-03-31": "$0.83", "2013-12-31": "$0.76", "2013-09-30": "$0.76", "2013-06-30": "$0.77", "2013-03-31": "$0.72", "2012-12-31": "$0.67", "2012-09-30": "$0.65", "2012-06-30": "$0.67", "2012-03-31": "$0.61", "2011-12-31": "$0.48", "2011-09-30": "$0.48", "2011-06-30": "$0.38", "2011-03-31": "$0.43", "2010-12-31": "$0.33", "2010-09-30": "$0.32", "2010-06-30": "$0.33", "2010-03-31": "$0.32", "2009-12-31": "$0.25", "2009-09-30": "$0.29", "2009-06-30": "$0.32", "2009-03-31": "$0.34", "2008-12-31": "$0.32", "2008-09-30": "$0.34", "2008-06-30": "$0.35", "2008-03-31": "$0.33", "2007-12-31": "$0.30", "2007-09-30": "$0.28", "2007-06-30": "$0.29", "2007-03-31": "$0.26", "2006-12-31": "$0.27", "2006-09-30": "$0.18", "2006-06-30": "$0.22", "2006-03-31": "$0.21", "2005-12-31": "$0.17", "2005-09-30": "$0.16", "2005-06-30": "$0.16", "2005-03-31": "$0.10"}}, "shares-outstanding": {"Westinghouse Air Brake Technologies Annual Shares Outstanding (Millions of Shares)": {"2019": "177", "2018": "97", "2017": "96", "2016": "91", "2015": "97", "2014": "97", "2013": "97", "2012": "97", "2011": "97", "2010": "96", "2009": "96", "2008": "98", "2007": "98", "2006": "98", "2005": "95"}, "Westinghouse Air Brake Technologies Quarterly Shares Outstanding (Millions of Shares)": {"2020-09-30": "190", "2020-06-30": "190", "2020-03-31": "191", "2019-12-31": "177", "2019-09-30": "192", "2019-06-30": "192", "2019-03-31": "121", "2018-12-31": "97", "2018-09-30": "97", "2018-06-30": "97", "2018-03-31": "96", "2017-12-31": "96", "2017-09-30": "96", "2017-06-30": "96", "2017-03-31": "96", "2016-12-31": "91", "2016-09-30": "90", "2016-06-30": "91", "2016-03-31": "92", "2015-12-31": "97", "2015-09-30": "97", "2015-06-30": "97", "2015-03-31": "97", "2014-12-31": "97", "2014-09-30": "97", "2014-06-30": "97", "2014-03-31": "97", "2013-12-31": "97", "2013-09-30": "97", "2013-06-30": "97", "2013-03-31": "97", "2012-12-31": "97", "2012-09-30": "97", "2012-06-30": "97", "2012-03-31": "97", "2011-12-31": "97", "2011-09-30": "97", "2011-06-30": "97", "2011-03-31": "97", "2010-12-31": "96", "2010-09-30": "96", "2010-06-30": "96", "2010-03-31": "96", "2009-12-31": "96", "2009-09-30": "96", "2009-06-30": "96", "2009-03-31": "96", "2008-12-31": "98", "2008-09-30": "98", "2008-06-30": "97", "2008-03-31": "98", "2007-12-31": "98", "2007-09-30": "99", "2007-06-30": "99", "2007-03-31": "98", "2006-12-31": "98", "2006-09-30": "99", "2006-06-30": "98", "2006-03-31": "97", "2005-12-31": "95", "2005-09-30": "97", "2005-06-30": "95", "2005-03-31": "94"}}, "total-assets": {"Westinghouse Air Brake Technologies Annual Total Assets (Millions of US $)": {"2019": "$18,944", "2018": "$8,649", "2017": "$6,580", "2016": "$6,581", "2015": "$3,230", "2014": "$3,304", "2013": "$2,822", "2012": "$2,352", "2011": "$2,159", "2010": "$1,803", "2009": "$1,586", "2008": "$1,508", "2007": "$1,159", "2006": "$973", "2005": "$836"}, "Westinghouse Air Brake Technologies Quarterly Total Assets (Millions of US $)": {"2020-09-30": "$18,444", "2020-06-30": "$18,465", "2020-03-31": "$18,773", "2019-12-31": "$18,944", "2019-09-30": "$18,901", "2019-06-30": "$18,943", "2019-03-31": "$19,078", "2018-12-31": "$8,649", "2018-09-30": "$8,553", "2018-06-30": "$6,678", "2018-03-31": "$6,876", "2017-12-31": "$6,580", "2017-09-30": "$6,450", "2017-06-30": "$6,439", "2017-03-31": "$6,031", "2016-12-31": "$6,581", "2016-09-30": "$3,428", "2016-06-30": "$3,379", "2016-03-31": "$3,381", "2015-12-31": "$3,230", "2015-09-30": "$3,326", "2015-06-30": "$3,298", "2015-03-31": "$3,168", "2014-12-31": "$3,304", "2014-09-30": "$3,228", "2014-06-30": "$3,164", "2014-03-31": "$2,917", "2013-12-31": "$2,822", "2013-09-30": "$2,817", "2013-06-30": "$2,516", "2013-03-31": "$2,506", "2012-12-31": "$2,352", "2012-09-30": "$2,396", "2012-06-30": "$2,332", "2012-03-31": "$2,220", "2011-12-31": "$2,159", "2011-09-30": "$2,006", "2011-06-30": "$2,011", "2011-03-31": "$1,897", "2010-12-31": "$1,803", "2010-09-30": "$1,706", "2010-06-30": "$1,632", "2010-03-31": "$1,638", "2009-12-31": "$1,586", "2009-09-30": "$1,575", "2009-06-30": "$1,460", "2009-03-31": "$1,421", "2008-12-31": "$1,508", "2008-09-30": "$1,285", "2008-06-30": "$1,256", "2008-03-31": "$1,178", "2007-12-31": "$1,159", "2007-09-30": "$1,103", "2007-06-30": "$1,059", "2007-03-31": "$1,023", "2006-12-31": "$973", "2006-09-30": "$910", "2006-06-30": "$920", "2006-03-31": "$862", "2005-12-31": "$836", "2005-09-30": "$808", "2005-06-30": "$783", "2005-03-31": "$746"}}, "cash-on-hand": {"Westinghouse Air Brake Technologies Annual Cash on Hand (Millions of US $)": {"2019": "$604", "2018": "$2,342", "2017": "$233", "2016": "$398", "2015": "$226", "2014": "$426", "2013": "$286", "2012": "$216", "2011": "$286", "2010": "$237", "2009": "$189", "2008": "$142", "2007": "$235", "2006": "$188", "2005": "$141"}, "Westinghouse Air Brake Technologies Quarterly Cash on Hand (Millions of US $)": {"2020-09-30": "$559", "2020-06-30": "$588", "2020-03-31": "$616", "2019-12-31": "$604", "2019-09-30": "$587", "2019-06-30": "$461", "2019-03-31": "$513", "2018-12-31": "$2,342", "2018-09-30": "$2,135", "2018-06-30": "$246", "2018-03-31": "$250", "2017-12-31": "$233", "2017-09-30": "$228", "2017-06-30": "$329", "2017-03-31": "$280", "2016-12-31": "$398", "2016-09-30": "$250", "2016-06-30": "$303", "2016-03-31": "$263", "2015-12-31": "$226", "2015-09-30": "$208", "2015-06-30": "$265", "2015-03-31": "$249", "2014-12-31": "$426", "2014-09-30": "$213", "2014-06-30": "$226", "2014-03-31": "$295", "2013-12-31": "$286", "2013-09-30": "$281", "2013-06-30": "$215", "2013-03-31": "$225", "2012-12-31": "$216", "2012-09-30": "$282", "2012-06-30": "$234", "2012-03-31": "$269", "2011-12-31": "$286", "2011-09-30": "$221", "2011-06-30": "$221", "2011-03-31": "$201", "2010-12-31": "$237", "2010-09-30": "$177", "2010-06-30": "$167", "2010-03-31": "$179", "2009-12-31": "$189", "2009-09-30": "$255", "2009-06-30": "$121", "2009-03-31": "$98", "2008-12-31": "$142", "2008-09-30": "$186", "2008-06-30": "$242", "2008-03-31": "$175", "2007-12-31": "$235", "2007-09-30": "$158", "2007-06-30": "$141", "2007-03-31": "$206", "2006-12-31": "$188", "2006-09-30": "$248", "2006-06-30": "$239", "2006-03-31": "$191", "2005-12-31": "$141", "2005-09-30": "$106", "2005-06-30": "$97", "2005-03-31": "$68"}}, "long-term-debt": {"Westinghouse Air Brake Technologies Annual Long Term Debt (Millions of US $)": {"2019": "$4,334", "2018": "$3,793", "2017": "$1,823", "2016": "$1,763", "2015": "$692", "2014": "$520", "2013": "$450", "2012": "$318", "2011": "$396", "2010": "$382", "2009": "$359", "2008": "$357", "2007": "$150", "2006": "$150", "2005": "$150"}, "Westinghouse Air Brake Technologies Quarterly Long Term Debt (Millions of US $)": {"2020-09-30": "$3,800", "2020-06-30": "$3,769", "2020-03-31": "$4,655", "2019-12-31": "$4,334", "2019-09-30": "$4,634", "2019-06-30": "$4,529", "2019-03-31": "$4,641", "2018-12-31": "$3,793", "2018-09-30": "$3,818", "2018-06-30": "$1,858", "2018-03-31": "$1,871", "2017-12-31": "$1,823", "2017-09-30": "$1,824", "2017-06-30": "$1,935", "2017-03-31": "$1,783", "2016-12-31": "$1,763", "2016-09-30": "$820", "2016-06-30": "$744", "2016-03-31": "$802", "2015-12-31": "$692", "2015-09-30": "$451", "2015-06-30": "$400", "2015-03-31": "$420", "2014-12-31": "$520", "2014-09-30": "$521", "2014-06-30": "$500", "2014-03-31": "$450", "2013-12-31": "$450", "2013-09-30": "$540", "2013-06-30": "$397", "2013-03-31": "$418", "2012-12-31": "$318", "2012-09-30": "$433", "2012-06-30": "$443", "2012-03-31": "$386", "2011-12-31": "$396", "2011-09-30": "$366", "2011-06-30": "$356", "2011-03-31": "$360", "2010-12-31": "$382", "2010-09-30": "$370", "2010-06-30": "$370", "2010-03-31": "$385", "2009-12-31": "$359", "2009-09-30": "$400", "2009-06-30": "$321", "2009-03-31": "$332", "2008-12-31": "$357", "2008-09-30": "$150", "2008-06-30": "$150", "2008-03-31": "$150", "2007-12-31": "$150", "2007-09-30": "$150", "2007-06-30": "$150", "2007-03-31": "$150", "2006-12-31": "$150", "2006-09-30": "$150", "2006-06-30": "$150", "2006-03-31": "$150", "2005-12-31": "$150", "2005-09-30": "$150", "2005-06-30": "$150", "2005-03-31": "$150"}}, "total-liabilities": {"Westinghouse Air Brake Technologies Annual Total Liabilities (Millions of US $)": {"2019": "$8,951", "2018": "$5,780", "2017": "$3,751", "2016": "$3,604", "2015": "$1,528", "2014": "$1,496", "2013": "$1,235", "2012": "$1,070", "2011": "$1,111", "2010": "$900", "2009": "$807", "2008": "$862", "2007": "$541", "2006": "$503", "2005": "$457"}, "Westinghouse Air Brake Technologies Quarterly Total Liabilities (Millions of US $)": {"2020-09-30": "$8,392", "2020-06-30": "$8,585", "2020-03-31": "$8,975", "2019-12-31": "$8,951", "2019-09-30": "$9,172", "2019-06-30": "$9,107", "2019-03-31": "$9,297", "2018-12-31": "$5,780", "2018-09-30": "$5,643", "2018-06-30": "$3,803", "2018-03-31": "$3,888", "2017-12-31": "$3,751", "2017-09-30": "$3,713", "2017-06-30": "$3,854", "2017-03-31": "$3,662", "2016-12-31": "$3,604", "2016-09-30": "$1,698", "2016-06-30": "$1,653", "2016-03-31": "$1,702", "2015-12-31": "$1,528", "2015-09-30": "$1,341", "2015-06-30": "$1,342", "2015-03-31": "$1,350", "2014-12-31": "$1,496", "2014-09-30": "$1,439", "2014-06-30": "$1,398", "2014-03-31": "$1,236", "2013-12-31": "$1,235", "2013-09-30": "$1,300", "2013-06-30": "$1,111", "2013-03-31": "$1,175", "2012-12-31": "$1,070", "2012-09-30": "$1,165", "2012-06-30": "$1,178", "2012-03-31": "$1,096", "2011-12-31": "$1,111", "2011-09-30": "$991", "2011-06-30": "$993", "2011-03-31": "$927", "2010-12-31": "$900", "2010-09-30": "$833", "2010-06-30": "$825", "2010-03-31": "$837", "2009-12-31": "$807", "2009-09-30": "$822", "2009-06-30": "$757", "2009-03-31": "$762", "2008-12-31": "$862", "2008-09-30": "$601", "2008-06-30": "$577", "2008-03-31": "$542", "2007-12-31": "$541", "2007-09-30": "$517", "2007-06-30": "$517", "2007-03-31": "$523", "2006-12-31": "$503", "2006-09-30": "$448", "2006-06-30": "$467", "2006-03-31": "$450", "2005-12-31": "$457", "2005-09-30": "$444", "2005-06-30": "$439", "2005-03-31": "$423"}}, "total-share-holder-equity": {"Westinghouse Air Brake Technologies Annual Share Holder Equity (Millions of US $)": {"2019": "$9,994", "2018": "$2,869", "2017": "$2,829", "2016": "$2,977", "2015": "$1,701", "2014": "$1,808", "2013": "$1,587", "2012": "$1,282", "2011": "$1,048", "2010": "$903", "2009": "$779", "2008": "$646", "2007": "$617", "2006": "$470", "2005": "$379"}, "Westinghouse Air Brake Technologies Quarterly Share Holder Equity (Millions of US $)": {"2020-09-30": "$10,052", "2020-06-30": "$9,881", "2020-03-31": "$9,798", "2019-12-31": "$9,994", "2019-09-30": "$9,729", "2019-06-30": "$9,835", "2019-03-31": "$9,780", "2018-12-31": "$2,869", "2018-09-30": "$2,910", "2018-06-30": "$2,875", "2018-03-31": "$2,988", "2017-12-31": "$2,829", "2017-09-30": "$2,736", "2017-06-30": "$2,584", "2017-03-31": "$2,369", "2016-12-31": "$2,977", "2016-09-30": "$1,730", "2016-06-30": "$1,726", "2016-03-31": "$1,678", "2015-12-31": "$1,701", "2015-09-30": "$1,985", "2015-06-30": "$1,956", "2015-03-31": "$1,817", "2014-12-31": "$1,808", "2014-09-30": "$1,790", "2014-06-30": "$1,766", "2014-03-31": "$1,680", "2013-12-31": "$1,587", "2013-09-30": "$1,517", "2013-06-30": "$1,406", "2013-03-31": "$1,331", "2012-12-31": "$1,282", "2012-09-30": "$1,231", "2012-06-30": "$1,154", "2012-03-31": "$1,124", "2011-12-31": "$1,048", "2011-09-30": "$1,014", "2011-06-30": "$1,018", "2011-03-31": "$970", "2010-12-31": "$903", "2010-09-30": "$873", "2010-06-30": "$807", "2010-03-31": "$801", "2009-12-31": "$779", "2009-09-30": "$753", "2009-06-30": "$703", "2009-03-31": "$659", "2008-12-31": "$646", "2008-09-30": "$685", "2008-06-30": "$679", "2008-03-31": "$636", "2007-12-31": "$617", "2007-09-30": "$586", "2007-06-30": "$541", "2007-03-31": "$500", "2006-12-31": "$470", "2006-09-30": "$462", "2006-06-30": "$454", "2006-03-31": "$413", "2005-12-31": "$379", "2005-09-30": "$364", "2005-06-30": "$344", "2005-03-31": "$323"}}, "profit-margins": {"current": "5.85%"}, "gross margin": {"2020-09-30": "29.20%", "2020-06-30": "29.12%", "2020-03-31": "28.91%", "2019-12-31": "27.78%", "2019-09-30": "27.34%", "2019-06-30": "26.60%", "2019-03-31": "26.76%", "2018-12-31": "28.28%", "2018-09-30": "27.89%", "2018-06-30": "27.52%", "2018-03-31": "27.51%", "2017-12-31": "27.44%", "2017-09-30": "28.49%", "2017-06-30": "29.69%", "2017-03-31": "30.49%", "2016-12-31": "31.48%", "2016-09-30": "32.35%", "2016-06-30": "32.40%", "2016-03-31": "32.13%", "2015-12-31": "31.67%", "2015-09-30": "31.36%", "2015-06-30": "31.18%", "2015-03-31": "30.97%", "2014-12-31": "30.75%", "2014-09-30": "30.37%", "2014-06-30": "30.06%", "2014-03-31": "29.91%", "2013-12-31": "29.77%", "2013-09-30": "29.82%", "2013-06-30": "29.65%", "2013-03-31": "29.17%", "2012-12-31": "28.98%", "2012-09-30": "28.50%", "2012-06-30": "28.56%", "2012-03-31": "28.91%", "2011-12-31": "28.96%", "2011-09-30": "29.63%", "2011-06-30": "29.54%", "2011-03-31": "29.60%", "2010-12-31": "29.73%", "2010-09-30": "29.19%", "2010-06-30": "29.15%", "2010-03-31": "28.48%", "2009-12-31": "28.12%", "2009-09-30": "27.64%", "2009-06-30": "27.30%", "2009-03-31": "27.41%", "2008-12-31": "27.19%", "2008-09-30": "27.25%", "2008-06-30": "27.19%", "2008-03-31": "27.15%", "2007-12-31": "27.21%", "2007-09-30": "27.31%", "2007-06-30": "26.77%", "2007-03-31": "27.04%", "2006-12-31": "27.23%", "2006-09-30": "27.00%", "2006-06-30": "27.43%", "2006-03-31": "26.28%", "2005-12-31": "25.05%"}, "operating margin": {"2020-09-30": "10.24%", "2020-06-30": "9.59%", "2020-03-31": "9.52%", "2019-12-31": "8.09%", "2019-09-30": "7.63%", "2019-06-30": "8.07%", "2019-03-31": "8.34%", "2018-12-31": "10.84%", "2018-09-30": "10.92%", "2018-06-30": "10.69%", "2018-03-31": "10.89%", "2017-12-31": "10.87%", "2017-09-30": "10.96%", "2017-06-30": "12.45%", "2017-03-31": "13.95%", "2016-12-31": "15.55%", "2016-09-30": "18.17%", "2016-06-30": "18.41%", "2016-03-31": "18.42%", "2015-12-31": "18.34%", "2015-09-30": "17.99%", "2015-06-30": "17.57%", "2015-03-31": "17.46%", "2014-12-31": "17.31%", "2014-09-30": "17.25%", "2014-06-30": "17.35%", "2014-03-31": "17.24%", "2013-12-31": "17.07%", "2013-09-30": "17.11%", "2013-06-30": "16.88%", "2013-03-31": "16.58%", "2012-12-31": "16.39%", "2012-09-30": "15.76%", "2012-06-30": "15.40%", "2012-03-31": "14.22%", "2011-12-31": "13.72%", "2011-09-30": "13.58%", "2011-06-30": "13.15%", "2011-03-31": "13.64%", "2010-12-31": "13.47%", "2010-09-30": "13.17%", "2010-06-30": "13.24%", "2010-03-31": "12.69%", "2009-12-31": "12.92%", "2009-09-30": "13.06%", "2009-06-30": "12.89%", "2009-03-31": "13.64%", "2008-12-31": "13.47%", "2008-09-30": "13.56%", "2008-06-30": "13.53%", "2008-03-31": "13.44%", "2007-12-31": "13.24%", "2007-09-30": "13.27%", "2007-06-30": "12.47%", "2007-03-31": "12.20%", "2006-12-31": "11.87%", "2006-09-30": "11.48%", "2006-06-30": "11.81%", "2006-03-31": "10.91%", "2005-12-31": "9.77%"}, "ebitda margin": {"2020-09-30": "14.61%", "2020-06-30": "13.85%", "2020-03-31": "13.52%", "2019-12-31": "11.98%", "2019-09-30": "11.74%", "2019-06-30": "11.58%", "2019-03-31": "11.16%", "2018-12-31": "13.36%", "2018-09-30": "13.45%", "2018-06-30": "13.19%", "2018-03-31": "13.53%", "2017-12-31": "13.53%", "2017-09-30": "13.68%", "2017-06-30": "15.10%", "2017-03-31": "16.48%", "2016-12-31": "17.91%", "2016-09-30": "20.37%", "2016-06-30": "20.55%", "2016-03-31": "20.45%", "2015-12-31": "20.34%", "2015-09-30": "19.96%", "2015-06-30": "19.55%", "2015-03-31": "19.48%", "2014-12-31": "19.32%", "2014-09-30": "19.28%", "2014-06-30": "19.32%", "2014-03-31": "19.21%", "2013-12-31": "19.02%", "2013-09-30": "19.08%", "2013-06-30": "18.84%", "2013-03-31": "18.44%", "2012-12-31": "18.24%", "2012-09-30": "17.57%", "2012-06-30": "17.38%", "2012-03-31": "16.32%", "2011-12-31": "16.01%", "2011-09-30": "16.10%", "2011-06-30": "15.62%", "2011-03-31": "16.15%", "2010-12-31": "15.99%", "2010-09-30": "15.61%", "2010-06-30": "15.63%", "2010-03-31": "15.21%", "2009-12-31": "15.42%", "2009-09-30": "15.34%", "2009-06-30": "15.14%", "2009-03-31": "15.68%", "2008-12-31": "15.37%", "2008-09-30": "15.51%", "2008-06-30": "15.47%", "2008-03-31": "15.47%", "2007-12-31": "15.37%", "2007-09-30": "15.21%", "2007-06-30": "14.80%", "2007-03-31": "14.57%", "2006-12-31": "14.35%", "2006-09-30": "14.11%", "2006-06-30": "14.10%", "2006-03-31": "13.28%", "2005-12-31": "12.19%"}, "pre tax profit margin": {"2020-09-30": "7.76%", "2020-06-30": "6.86%", "2020-03-31": "6.81%", "2019-12-31": "5.45%", "2019-09-30": "4.75%", "2019-06-30": "5.31%", "2019-03-31": "5.51%", "2018-12-31": "8.46%", "2018-09-30": "8.93%", "2018-06-30": "8.66%", "2018-03-31": "9.13%", "2017-12-31": "9.07%", "2017-09-30": "8.69%", "2017-06-30": "10.48%", "2017-03-31": "12.16%", "2016-12-31": "14.05%", "2016-09-30": "17.57%", "2016-06-30": "17.78%", "2016-03-31": "17.81%", "2015-12-31": "17.68%", "2015-09-30": "17.20%", "2015-06-30": "16.84%", "2015-03-31": "16.76%", "2014-12-31": "16.66%", "2014-09-30": "16.67%", "2014-06-30": "16.69%", "2014-03-31": "16.60%", "2013-12-31": "16.41%", "2013-09-30": "16.43%", "2013-06-30": "16.23%", "2013-03-31": "15.92%", "2012-12-31": "15.77%", "2012-09-30": "15.11%", "2012-06-30": "14.73%", "2012-03-31": "13.45%", "2011-12-31": "12.96%", "2011-09-30": "12.76%", "2011-06-30": "12.27%", "2011-03-31": "12.77%", "2010-12-31": "12.48%", "2010-09-30": "12.02%", "2010-06-30": "12.12%", "2010-03-31": "11.46%", "2009-12-31": "11.63%", "2009-09-30": "12.02%", "2009-06-30": "12.03%", "2009-03-31": "12.94%", "2008-12-31": "12.96%", "2008-09-30": "13.10%", "2008-06-30": "12.99%", "2008-03-31": "12.88%", "2007-12-31": "12.72%", "2007-09-30": "12.72%", "2007-06-30": "12.22%", "2007-03-31": "12.03%", "2006-12-31": "11.68%", "2006-09-30": "11.19%", "2006-06-30": "11.14%", "2006-03-31": "10.06%", "2005-12-31": "8.70%"}, "net profit margin": {"2020-09-30": "5.86%", "2020-06-30": "5.30%", "2020-03-31": "5.19%", "2019-12-31": "3.98%", "2019-09-30": "3.22%", "2019-06-30": "3.67%", "2019-03-31": "4.10%", "2018-12-31": "6.74%", "2018-09-30": "7.15%", "2018-06-30": "6.86%", "2018-03-31": "6.86%", "2017-12-31": "6.75%", "2017-09-30": "7.04%", "2017-06-30": "8.10%", "2017-03-31": "9.23%", "2016-12-31": "10.37%", "2016-09-30": "12.25%", "2016-06-30": "12.27%", "2016-03-31": "12.17%", "2015-12-31": "12.06%", "2015-09-30": "11.86%", "2015-06-30": "11.63%", "2015-03-31": "11.62%", "2014-12-31": "11.56%", "2014-09-30": "11.47%", "2014-06-30": "11.58%", "2014-03-31": "11.46%", "2013-12-31": "11.38%", "2013-09-30": "11.30%", "2013-06-30": "11.05%", "2013-03-31": "10.77%", "2012-12-31": "10.50%", "2012-09-30": "9.97%", "2012-06-30": "9.65%", "2012-03-31": "8.92%", "2011-12-31": "8.59%", "2011-09-30": "8.43%", "2011-06-30": "8.10%", "2011-03-31": "8.32%", "2010-12-31": "8.10%", "2010-09-30": "7.88%", "2010-06-30": "7.85%", "2010-03-31": "8.07%", "2009-12-31": "8.21%", "2009-09-30": "8.43%", "2009-06-30": "8.46%", "2009-03-31": "8.35%", "2008-12-31": "8.32%", "2008-09-30": "8.41%", "2008-06-30": "8.24%", "2008-03-31": "8.19%", "2007-12-31": "8.09%", "2007-09-30": "8.30%", "2007-06-30": "8.06%", "2007-03-31": "7.90%", "2006-12-31": "7.73%", "2006-09-30": "6.96%", "2006-06-30": "6.86%", "2006-03-31": "6.26%", "2005-12-31": "5.32%"}, "pe ratio": {"current": "21.04", "2021-02-05": "33.30", "2020-09-30": "25.53", "2020-06-30": "25.73", "2020-03-31": "20.72", "2019-12-31": "45.71", "2019-09-30": "53.16", "2019-06-30": "40.12", "2019-03-31": "34.68", "2018-12-31": "22.65", "2018-09-30": "32.18", "2018-06-30": "32.33", "2018-03-31": "27.78", "2017-12-31": "29.26", "2017-09-30": "28.11", "2017-06-30": "31.40", "2017-03-31": "24.58", "2016-12-31": "24.18", "2016-09-30": "19.99", "2016-06-30": "16.71", "2016-03-31": "18.66", "2015-12-31": "16.84", "2015-09-30": "21.35", "2015-06-30": "23.36", "2015-03-31": "24.34", "2014-12-31": "23.23", "2014-09-30": "22.85", "2014-06-30": "24.48", "2014-03-31": "23.99", "2013-12-31": "23.82", "2013-09-30": "20.77", "2013-06-30": "18.33", "2013-03-31": "18.19", "2012-12-31": "16.25", "2012-09-30": "16.07", "2012-06-30": "16.79", "2012-03-31": "18.63", "2011-12-31": "19.10", "2011-09-30": "15.87", "2011-06-30": "21.99", "2011-03-31": "23.51", "2010-12-31": "19.91", "2010-09-30": "19.03", "2010-06-30": "16.29", "2010-03-31": "17.27", "2009-12-31": "16.39", "2009-09-30": "14.22", "2009-06-30": "11.68", "2009-03-31": "9.40", "2008-12-31": "14.26", "2008-09-30": "18.80", "2008-06-30": "18.77", "2008-03-31": "15.28", "2007-12-31": "14.85", "2007-09-30": "16.52", "2007-06-30": "17.74", "2007-03-31": "18.02", "2006-12-31": "16.89"}, "price sales": {"2021-02-05": "1.90", "2020-09-30": "1.46", "2020-06-30": "1.33", "2020-03-31": "1.05", "2019-12-31": "1.59", "2019-09-30": "1.52", "2019-06-30": "1.49", "2019-03-31": "1.54", "2018-12-31": "1.53", "2018-09-30": "2.31", "2018-06-30": "2.22", "2018-03-31": "1.91", "2017-12-31": "1.98", "2017-09-30": "1.98", "2017-06-30": "2.55", "2017-03-31": "2.28", "2016-12-31": "2.52", "2016-09-30": "2.45", "2016-06-30": "2.05", "2016-03-31": "2.27", "2015-12-31": "2.03", "2015-09-30": "2.52", "2015-06-30": "2.70", "2015-03-31": "2.82", "2014-12-31": "2.68", "2014-09-30": "2.62", "2014-06-30": "2.83", "2014-03-31": "2.74", "2013-12-31": "2.71", "2013-09-30": "2.36", "2013-06-30": "2.03", "2013-03-31": "1.96", "2012-12-31": "1.71", "2012-09-30": "1.61", "2012-06-30": "1.63", "2012-03-31": "1.67", "2011-12-31": "1.65", "2011-09-30": "1.34", "2011-06-30": "1.79", "2011-03-31": "1.96", "2010-12-31": "1.62", "2010-09-30": "1.49", "2010-06-30": "1.29", "2010-03-31": "1.40", "2009-12-31": "1.34", "2009-09-30": "1.20", "2009-06-30": "0.99", "2009-03-31": "0.78", "2008-12-31": "1.18", "2008-09-30": "1.56", "2008-06-30": "1.53", "2008-03-31": "1.24", "2007-12-31": "1.19", "2007-09-30": "1.37", "2007-06-30": "1.43", "2007-03-31": "1.42", "2006-12-31": "1.31"}, "price book": {"current": "1.53", "2021-02-05": "1.53", "2020-09-30": "1.17", "2020-06-30": "1.10", "2020-03-31": "0.93", "2019-12-31": "1.48", "2019-09-30": "1.40", "2019-06-30": "1.36", "2019-03-31": "1.21", "2018-12-31": "2.33", "2018-09-30": "3.43", "2018-06-30": "3.25", "2018-03-31": "2.58", "2017-12-31": "2.71", "2017-09-30": "2.60", "2017-06-30": "3.32", "2017-03-31": "3.08", "2016-12-31": "2.60", "2016-09-30": "4.09", "2016-06-30": "3.57", "2016-03-31": "4.14", "2015-12-31": "3.73", "2015-09-30": "4.15", "2015-06-30": "4.51", "2015-03-31": "4.89", "2014-12-31": "4.48", "2014-09-30": "4.22", "2014-06-30": "4.35", "2014-03-31": "4.30", "2013-12-31": "4.33", "2013-09-30": "3.85", "2013-06-30": "3.53", "2013-03-31": "3.56", "2012-12-31": "3.14", "2012-09-30": "3.01", "2012-06-30": "3.11", "2012-03-31": "3.11", "2011-12-31": "3.08", "2011-09-30": "2.40", "2011-06-30": "2.99", "2011-03-31": "3.24", "2010-12-31": "2.70", "2010-09-30": "2.52", "2010-06-30": "2.28", "2010-03-31": "2.42", "2009-12-31": "2.40", "2009-09-30": "2.27", "2009-06-30": "2.08", "2009-03-31": "1.84", "2008-12-31": "2.82", "2008-09-30": "3.47", "2008-06-30": "3.32", "2008-03-31": "2.74", "2007-12-31": "2.60", "2007-09-30": "2.98", "2007-06-30": "3.15", "2007-03-31": "3.21", "2006-12-31": "2.98", "2006-09-30": "2.71", "2006-06-30": "3.83", "2006-03-31": "3.64"}, "price fcf": {"2021-02-05": "", "2020-09-30": "$4.30", "2020-06-30": "$3.59", "2020-03-31": "$4.12", "2019-12-31": "$4.70", "2019-09-30": "$4.98", "2019-06-30": "$4.04", "2019-03-31": "$2.28", "2018-12-31": "$2.41", "2018-09-30": "$1.21", "2018-06-30": "$1.97", "2018-03-31": "$1.67", "2017-12-31": "$1.05", "2017-09-30": "$1.67", "2017-06-30": "$1.71", "2017-03-31": "$3.20", "2016-12-31": "$4.40", "2016-09-30": "$4.26", "2016-06-30": "$5.38", "2016-03-31": "$4.52", "2015-12-31": "$4.16", "2015-09-30": "$4.62", "2015-06-30": "$4.08", "2015-03-31": "$4.53", "2014-12-31": "$4.39", "2014-09-30": "$3.43", "2014-06-30": "$2.93", "2014-03-31": "$2.02", "2013-12-31": "$2.07", "2013-09-30": "$1.86", "2013-06-30": "$2.32", "2013-03-31": "$2.46", "2012-12-31": "$2.09", "2012-09-30": "$2.31", "2012-06-30": "$1.78", "2012-03-31": "$2.00", "2011-12-31": "$2.19", "2011-09-30": "$1.77", "2011-06-30": "$1.99", "2011-03-31": "$1.62", "2010-12-31": "$1.62", "2010-09-30": "$1.30", "2010-06-30": "$1.38", "2010-03-31": "$1.69", "2009-12-31": "$1.54", "2009-09-30": "$1.63", "2009-06-30": "$1.51", "2009-03-31": "$1.72", "2008-12-31": "$1.40", "2008-09-30": "$1.60", "2008-06-30": "$1.31", "2008-03-31": "$0.72", "2007-12-31": "$1.26", "2007-09-30": "$0.68", "2007-06-30": "$0.87", "2007-03-31": "$1.07", "2006-12-31": "$1.34"}, "net worth": {"value": "$15.34B"}, "current ratio": {"current": "1.22", "2020-09-30": "1.22", "2020-06-30": "1.14", "2020-03-31": "1.42", "2019-12-31": "1.29", "2019-09-30": "1.38", "2019-06-30": "1.32", "2019-03-31": "1.35", "2018-12-31": "2.70", "2018-09-30": "2.85", "2018-06-30": "1.52", "2018-03-31": "1.50", "2017-12-31": "1.44", "2017-09-30": "1.55", "2017-06-30": "1.58", "2017-03-31": "1.47", "2016-12-31": "1.98", "2016-09-30": "2.71", "2016-06-30": "2.56", "2016-03-31": "2.56", "2015-12-31": "2.32", "2015-09-30": "2.52", "2015-06-30": "2.26", "2015-03-31": "2.16", "2014-12-31": "2.22", "2014-09-30": "2.27", "2014-06-30": "2.28", "2014-03-31": "2.47", "2013-12-31": "2.30", "2013-09-30": "2.48", "2013-06-30": "2.27", "2013-03-31": "2.08", "2012-12-31": "1.98", "2012-09-30": "2.19", "2012-06-30": "2.08", "2012-03-31": "2.08", "2011-12-31": "1.95", "2011-09-30": "2.10", "2011-06-30": "2.04", "2011-03-31": "2.22", "2010-12-31": "2.30", "2010-09-30": "2.33", "2010-06-30": "2.36", "2010-03-31": "2.31", "2009-12-31": "2.26", "2009-09-30": "2.50", "2009-06-30": "2.10", "2009-03-31": "2.09", "2008-12-31": "1.87", "2008-09-30": "2.12", "2008-06-30": "2.33", "2008-03-31": "2.34", "2007-12-31": "2.26", "2007-09-30": "2.46", "2007-06-30": "2.33", "2007-03-31": "2.41", "2006-12-31": "2.25", "2006-09-30": "2.38", "2006-06-30": "2.23", "2006-03-31": "2.17", "2005-12-31": "2.04", "2005-09-30": "1.93", "2005-06-30": "1.89", "2005-03-31": "1.83"}, "quick ratio": {"2020-09-30": "0.67", "2020-06-30": "0.62", "2020-03-31": "0.82", "2019-12-31": "0.74", "2019-09-30": "0.77", "2019-06-30": "0.73", "2019-03-31": "0.75", "2018-12-31": "2.19", "2018-09-30": "2.28", "2018-06-30": "0.99", "2018-03-31": "0.99", "2017-12-31": "0.97", "2017-09-30": "1.03", "2017-06-30": "1.08", "2017-03-31": "0.99", "2016-12-31": "1.53", "2016-09-30": "1.92", "2016-06-30": "1.82", "2016-03-31": "1.84", "2015-12-31": "1.60", "2015-09-30": "1.73", "2015-06-30": "1.49", "2015-03-31": "1.42", "2014-12-31": "1.53", "2014-09-30": "1.55", "2014-06-30": "1.56", "2014-03-31": "1.75", "2013-12-31": "1.61", "2013-09-30": "1.74", "2013-06-30": "1.50", "2013-03-31": "1.32", "2012-12-31": "1.24", "2012-09-30": "1.47", "2012-06-30": "1.37", "2012-03-31": "1.39", "2011-12-31": "1.31", "2011-09-30": "1.38", "2011-06-30": "1.36", "2011-03-31": "1.47", "2010-12-31": "1.57", "2010-09-30": "1.55", "2010-06-30": "1.59", "2010-03-31": "1.53", "2009-12-31": "1.47", "2009-09-30": "1.71", "2009-06-30": "1.31", "2009-03-31": "1.28", "2008-12-31": "1.19", "2008-09-30": "1.48", "2008-06-30": "1.73", "2008-03-31": "1.70", "2007-12-31": "1.66", "2007-09-30": "1.70", "2007-06-30": "1.57", "2007-03-31": "1.78", "2006-12-31": "1.65", "2006-09-30": "1.81", "2006-06-30": "1.68", "2006-03-31": "1.63", "2005-12-31": "1.57", "2005-09-30": "1.36", "2005-06-30": "1.35", "2005-03-31": "1.28"}, "debt equity ratio": {"current": "0.38", "2020-09-30": "0.84", "2020-06-30": "0.87", "2020-03-31": "0.92", "2019-12-31": "0.90", "2019-09-30": "0.94", "2019-06-30": "0.93", "2019-03-31": "0.95", "2018-12-31": "2.02", "2018-09-30": "1.94", "2018-06-30": "1.32", "2018-03-31": "1.30", "2017-12-31": "1.33", "2017-09-30": "1.36", "2017-06-30": "1.49", "2017-03-31": "1.55", "2016-12-31": "1.21", "2016-09-30": "0.98", "2016-06-30": "0.96", "2016-03-31": "1.01", "2015-12-31": "0.90", "2015-09-30": "0.68", "2015-06-30": "0.69", "2015-03-31": "0.74", "2014-12-31": "0.83", "2014-09-30": "0.80", "2014-06-30": "0.79", "2014-03-31": "0.74", "2013-12-31": "0.78", "2013-09-30": "0.86", "2013-06-30": "0.79", "2013-03-31": "0.88", "2012-12-31": "0.83", "2012-09-30": "0.95", "2012-06-30": "1.02", "2012-03-31": "0.98", "2011-12-31": "1.06", "2011-09-30": "0.98", "2011-06-30": "0.98", "2011-03-31": "0.96", "2010-12-31": "1.00", "2010-09-30": "0.95", "2010-06-30": "1.02", "2010-03-31": "1.05", "2009-12-31": "1.04", "2009-09-30": "1.09", "2009-06-30": "1.08", "2009-03-31": "1.16", "2008-12-31": "1.33", "2008-09-30": "0.88", "2008-06-30": "0.85", "2008-03-31": "0.85", "2007-12-31": "0.88", "2007-09-30": "0.88", "2007-06-30": "0.96", "2007-03-31": "1.05", "2006-12-31": "1.07", "2006-09-30": "0.97", "2006-06-30": "1.03", "2006-03-31": "1.09", "2005-12-31": "1.21", "2005-09-30": "1.22", "2005-06-30": "1.28", "2005-03-31": "1.31"}, "return on equity": {"2020-09-30": "4.66%", "2020-06-30": "4.32%", "2020-03-31": "4.50%", "2019-12-31": "3.31%", "2019-09-30": "2.78%", "2019-06-30": "3.48%", "2019-03-31": "4.36%", "2018-12-31": "10.10%", "2018-09-30": "10.65%", "2018-06-30": "10.08%", "2018-03-31": "9.91%", "2017-12-31": "9.96%", "2017-09-30": "9.41%", "2017-06-30": "11.01%", "2017-03-31": "12.91%", "2016-12-31": "14.99%", "2016-09-30": "21.54%", "2016-06-30": "21.72%", "2016-03-31": "21.69%", "2015-12-31": "21.40%", "2015-09-30": "20.67%", "2015-06-30": "20.73%", "2015-03-31": "20.50%", "2014-12-31": "19.99%", "2014-09-30": "19.52%", "2014-06-30": "19.36%", "2014-03-31": "19.58%", "2013-12-31": "20.00%", "2013-09-30": "20.38%", "2013-06-30": "20.65%", "2013-03-31": "20.89%", "2012-12-31": "20.96%", "2012-09-30": "20.28%", "2012-06-30": "19.82%", "2012-03-31": "17.79%", "2011-12-31": "16.69%", "2011-09-30": "15.77%", "2011-06-30": "14.67%", "2011-03-31": "14.97%", "2010-12-31": "14.42%", "2010-09-30": "14.23%", "2010-06-30": "14.27%", "2010-03-31": "14.76%", "2009-12-31": "15.89%", "2009-09-30": "17.67%", "2009-06-30": "19.01%", "2009-03-31": "19.63%", "2008-12-31": "19.80%", "2008-09-30": "19.72%", "2008-06-30": "19.54%", "2008-03-31": "19.66%", "2007-12-31": "19.61%", "2007-09-30": "20.41%", "2007-06-30": "19.67%", "2007-03-31": "19.09%", "2006-12-31": "18.68%", "2006-09-30": "17.33%", "2006-06-30": "17.89%", "2006-03-31": "17.60%", "2005-12-31": "15.60%"}, "return on assets": {"2020-09-30": "2.48%", "2020-06-30": "2.27%", "2020-03-31": "2.35%", "2019-12-31": "1.72%", "2019-09-30": "1.37%", "2019-06-30": "1.60%", "2019-03-31": "1.87%", "2018-12-31": "3.82%", "2018-09-30": "4.31%", "2018-06-30": "4.33%", "2018-03-31": "4.19%", "2017-12-31": "4.11%", "2017-09-30": "3.94%", "2017-06-30": "4.73%", "2017-03-31": "5.85%", "2016-12-31": "7.25%", "2016-09-30": "10.97%", "2016-06-30": "11.57%", "2016-03-31": "12.00%", "2015-12-31": "12.26%", "2015-09-30": "11.94%", "2015-06-30": "11.76%", "2015-03-31": "11.44%", "2014-12-31": "11.16%", "2014-09-30": "10.98%", "2014-06-30": "10.82%", "2014-03-31": "10.95%", "2013-12-31": "10.96%", "2013-09-30": "11.07%", "2013-06-30": "11.10%", "2013-03-31": "10.89%", "2012-12-31": "10.80%", "2012-09-30": "10.15%", "2012-06-30": "9.87%", "2012-03-31": "8.91%", "2011-12-31": "8.37%", "2011-09-30": "7.98%", "2011-06-30": "7.44%", "2011-03-31": "7.56%", "2010-12-31": "7.20%", "2010-09-30": "7.07%", "2010-06-30": "6.97%", "2010-03-31": "7.16%", "2009-12-31": "7.61%", "2009-09-30": "8.18%", "2009-06-30": "9.02%", "2009-03-31": "9.58%", "2008-12-31": "10.02%", "2008-09-30": "10.58%", "2008-06-30": "10.48%", "2008-03-31": "10.40%", "2007-12-31": "10.13%", "2007-09-30": "10.29%", "2007-06-30": "9.79%", "2007-03-31": "9.41%", "2006-12-31": "9.17%", "2006-09-30": "8.39%", "2006-06-30": "8.41%", "2006-03-31": "8.03%", "2005-12-31": "6.93%"}, "return on investments": {"2020-09-30": "5.75%", "2020-06-30": "5.43%", "2020-03-31": "5.65%", "2019-12-31": "4.61%", "2019-09-30": "4.26%", "2019-06-30": "4.61%", "2019-03-31": "5.03%", "2018-12-31": "8.23%", "2018-09-30": "9.00%", "2018-06-30": "9.55%", "2018-03-31": "9.42%", "2017-12-31": "9.44%", "2017-09-30": "8.70%", "2017-06-30": "10.25%", "2017-03-31": "12.34%", "2016-12-31": "14.90%", "2016-09-30": "22.08%", "2016-06-30": "23.64%", "2016-03-31": "24.87%", "2015-12-31": "25.76%", "2015-09-30": "25.34%", "2015-06-30": "24.99%", "2015-03-31": "24.19%", "2014-12-31": "23.33%", "2014-09-30": "22.92%", "2014-06-30": "22.38%", "2014-03-31": "22.72%", "2013-12-31": "22.91%", "2013-09-30": "23.69%", "2013-06-30": "24.30%", "2013-03-31": "24.33%", "2012-12-31": "24.61%", "2012-09-30": "23.50%", "2012-06-30": "23.14%", "2012-03-31": "20.88%", "2011-12-31": "19.54%", "2011-09-30": "18.47%", "2011-06-30": "17.12%", "2011-03-31": "17.32%", "2010-12-31": "16.60%", "2010-09-30": "16.36%", "2010-06-30": "16.24%", "2010-03-31": "15.64%", "2009-12-31": "16.81%", "2009-09-30": "18.13%", "2009-06-30": "20.24%", "2009-03-31": "23.40%", "2008-12-31": "24.56%", "2008-09-30": "25.86%", "2008-06-30": "25.91%", "2008-03-31": "25.77%", "2007-12-31": "25.32%", "2007-09-30": "25.36%", "2007-06-30": "23.32%", "2007-03-31": "22.37%", "2006-12-31": "21.51%", "2006-09-30": "21.14%", "2006-06-30": "22.44%", "2006-03-31": "21.90%", "2005-12-31": "20.09%"}, "return on tangible equity": {"2020-09-30": "-19.44%", "2020-06-30": "-17.21%", "2020-03-31": "-17.34%", "2019-12-31": "-12.47%", "2019-09-30": "-10.37%", "2019-06-30": "-13.15%", "2019-03-31": "-16.85%", "2018-12-31": "-41.75%", "2018-09-30": "-41.26%", "2018-06-30": "-36.86%", "2018-03-31": "-33.60%", "2017-12-31": "-30.62%", "2017-09-30": "-36.60%", "2017-06-30": "-68.29%", "2017-03-31": "-485.47%", "2016-12-31": "115.92%", "2016-09-30": "91.60%", "2016-06-30": "80.80%", "2016-03-31": "75.33%", "2015-12-31": "70.12%", "2015-09-30": "65.25%", "2015-06-30": "70.16%", "2015-03-31": "71.80%", "2014-12-31": "69.70%", "2014-09-30": "69.67%", "2014-06-30": "71.00%", "2014-03-31": "73.99%", "2013-12-31": "83.19%", "2013-09-30": "86.97%", "2013-06-30": "87.70%", "2013-03-31": "94.22%", "2012-12-31": "90.78%", "2012-09-30": "92.31%", "2012-06-30": "93.17%", "2012-03-31": "84.33%", "2011-12-31": "86.89%", "2011-09-30": "86.03%", "2011-06-30": "84.40%", "2011-03-31": "91.41%", "2010-12-31": "93.85%", "2010-09-30": "95.28%", "2010-06-30": "88.71%", "2010-03-31": "88.54%", "2009-12-31": "91.27%", "2009-09-30": "100.41%", "2009-06-30": "76.42%", "2009-03-31": "56.53%", "2008-12-31": "45.02%", "2008-09-30": "36.86%", "2008-06-30": "36.31%", "2008-03-31": "37.68%", "2007-12-31": "37.13%", "2007-09-30": "38.52%", "2007-06-30": "34.92%", "2007-03-31": "31.66%", "2006-12-31": "30.27%", "2006-09-30": "27.41%", "2006-06-30": "29.54%", "2006-03-31": "30.77%", "2005-12-31": "29.02%"}, "dividend yield history": {"last payout": "$0.48", "last yield": "0.60%"}}