{"ticker": "WEX", "price": {"title": "WEX Historical Annual Stock Price Data", "value": 198.98, "historical": {"2020": {"Average Stock Price": "162.1179", "Year Open": "213.7400", "Year High": "235.1300", "Year Low": "83.2300", "Year Close": "203.5300", "Annual % Change": "-2.83%"}, "2019": {"Average Stock Price": "194.7495", "Year Open": "138.7200", "Year High": "221.0200", "Year Low": "134.5800", "Year Close": "209.4600", "Annual % Change": "49.55%"}, "2018": {"Average Stock Price": "170.4335", "Year Open": "142.0400", "Year High": "200.7600", "Year Low": "131.3500", "Year Close": "140.0600", "Annual % Change": "-0.83%"}, "2017": {"Average Stock Price": "111.8572", "Year Open": "112.2400", "Year High": "141.2300", "Year Low": "98.2700", "Year Close": "141.2300", "Annual % Change": "26.55%"}, "2016": {"Average Stock Price": "92.0667", "Year Open": "85.5200", "Year High": "116.4400", "Year Low": "58.0900", "Year Close": "111.6000", "Annual % Change": "26.24%"}, "2015": {"Average Stock Price": "101.1425", "Year Open": "100.3100", "Year High": "118.5000", "Year Low": "84.6600", "Year Close": "88.4000", "Annual % Change": "-10.63%"}, "2014": {"Average Stock Price": "101.0057", "Year Open": "96.9900", "Year High": "118.4300", "Year Low": "79.9300", "Year Close": "98.9200", "Annual % Change": "-0.11%"}, "2013": {"Average Stock Price": "82.3885", "Year Open": "76.5200", "Year High": "100.3800", "Year Low": "67.9100", "Year Close": "99.0300", "Annual % Change": "31.39%"}, "2012": {"Average Stock Price": "64.1949", "Year Open": "54.5000", "Year High": "75.3700", "Year Low": "53.2900", "Year Close": "75.3700", "Annual % Change": "38.85%"}, "2011": {"Average Stock Price": "48.7437", "Year Open": "46.9100", "Year High": "57.0500", "Year Low": "36.3600", "Year Close": "54.2800", "Annual % Change": "18.00%"}, "2010": {"Average Stock Price": "34.5739", "Year Open": "33.3200", "Year High": "46.3900", "Year Low": "27.9800", "Year Close": "46.0000", "Annual % Change": "44.38%"}, "2009": {"Average Stock Price": "24.1616", "Year Open": "13.5100", "Year High": "32.6000", "Year Low": "11.2000", "Year Close": "31.8600", "Annual % Change": "152.86%"}, "2008": {"Average Stock Price": "25.9834", "Year Open": "34.7600", "Year High": "34.9200", "Year Low": "8.5900", "Year Close": "12.6000", "Annual % Change": "-64.50%"}, "2007": {"Average Stock Price": "33.9034", "Year Open": "31.2500", "Year High": "40.8200", "Year Low": "27.5700", "Year Close": "35.4900", "Annual % Change": "13.86%"}, "2006": {"Average Stock Price": "27.3146", "Year Open": "23.5500", "Year High": "32.1900", "Year Low": "23.2000", "Year Close": "31.1700", "Annual % Change": "41.68%"}, "2005": {"Average Stock Price": "19.4070", "Year Open": "17.1000", "Year High": "24.3600", "Year Low": "15.5100", "Year Close": "22.0000", "Annual % Change": "0.00%"}}}, "market cap": {"value": "$8.78B"}, "income statement": {"Revenue": {"2019-12-31": "1723.69100", "2018-12-31": "1492.63900", "2017-12-31": "1248.57700", "2016-12-31": "1012.48800", "2015-12-31": "854.63700", "2014-12-31": "817.64700", "2013-12-31": "717.46300", "2012-12-31": "623.15100", "2011-12-31": "553.07600", "2010-12-31": "390.40600", "2009-12-31": "315.20300", "2008-12-31": "388.15900", "2007-12-31": "336.12800", "2006-12-31": "291.24700", "2005-12-31": "241.33300"}, "Cost Of Goods Sold": {"2019-12-31": "659.77000", "2018-12-31": "547.92900", "2017-12-31": "514.28500", "2016-12-31": "458.80700", "2015-12-31": "226.83800", "2014-12-31": "200.87900", "2013-12-31": "163.81200", "2012-12-31": "156.62600", "2011-12-31": "124.95500", "2010-12-31": "87.74100", "2009-12-31": "63.42600", "2008-12-31": "83.05100", "2007-12-31": "50.60900", "2006-12-31": "45.20000", "2005-12-31": "35.20100"}, "Gross Profit": {"2019-12-31": "1063.92100", "2018-12-31": "944.71000", "2017-12-31": "734.29210", "2016-12-31": "553.68100", "2015-12-31": "627.79910", "2014-12-31": "616.76790", "2013-12-31": "553.65100", "2012-12-31": "466.52500", "2011-12-31": "428.12100", "2010-12-31": "302.66500", "2009-12-31": "251.77700", "2008-12-31": "305.10800", "2007-12-31": "285.51900", "2006-12-31": "246.04700", "2005-12-31": "206.13200"}, "Research And Development Expenses": {"2019-12-31": "", "2018-12-31": "", "2017-12-31": "", "2016-12-31": "", "2015-12-31": "", "2014-12-31": "", "2013-12-31": "", "2012-12-31": "", "2011-12-31": "", "2010-12-31": "", "2009-12-31": "", "2008-12-31": "", "2007-12-31": "", "2006-12-31": "", "2005-12-31": ""}, "SG&A Expenses": {"2019-12-31": "535.67600", "2018-12-31": "438.55300", "2017-12-31": "347.99300", "2016-12-31": "316.38400", "2015-12-31": "234.56400", "2014-12-31": "231.13900", "2013-12-31": "191.59000", "2012-12-31": "146.93400", "2011-12-31": "127.00300", "2010-12-31": "104.72300", "2009-12-31": "88.64200", "2008-12-31": "81.24200", "2007-12-31": "77.20000", "2006-12-31": "69.73200", "2005-12-31": "67.10300"}, "Other Operating Income Or Expenses": {"2019-12-31": "0.00000", "2018-12-31": "-5.64900", "2017-12-31": "-23.21300", "2016-12-31": "", "2015-12-31": "-66.72700", "2014-12-31": "-2.57400", "2013-12-31": "-27.11400", "2012-12-31": "-17.71900", "2011-12-31": "-16.97200", "2010-12-31": "-11.97000", "2009-12-31": "-12.80200", "2008-12-31": "-12.74100", "2007-12-31": "-7.12300", "2006-12-31": "-6.80900", "2005-12-31": "-7.97500"}, "Operating Expenses": {"2019-12-31": "1337.85000", "2018-12-31": "1112.00100", "2017-12-31": "1015.15400", "2016-12-31": "853.96300", "2015-12-31": "625.84390", "2014-12-31": "511.40900", "2013-12-31": "440.72400", "2012-12-31": "401.53200", "2011-12-31": "319.75200", "2010-12-31": "239.69700", "2009-12-31": "197.05300", "2008-12-31": "226.72700", "2007-12-31": "184.03600", "2006-12-31": "156.14400", "2005-12-31": "134.71600"}, "Operating Income": {"2019-12-31": "385.84120", "2018-12-31": "380.63790", "2017-12-31": "233.42300", "2016-12-31": "158.52500", "2015-12-31": "228.79310", "2014-12-31": "306.23790", "2013-12-31": "276.73900", "2012-12-31": "221.61900", "2011-12-31": "233.32400", "2010-12-31": "150.70900", "2009-12-31": "118.15000", "2008-12-31": "161.43200", "2007-12-31": "152.09200", "2006-12-31": "135.10300", "2005-12-31": "106.61700"}, "Total Non-Operating Income/Expense": {"2019-12-31": "-169.32500", "2018-12-31": "-142.01900", "2017-12-31": "-59.00700", "2016-12-31": "-109.59500", "2015-12-31": "-43.88500", "2014-12-31": "-4.59900", "2013-12-31": "-38.33900", "2012-12-31": "-15.43600", "2011-12-31": "-24.71900", "2010-12-31": "-5.62700", "2009-12-31": "107.09400", "2008-12-31": "34.33300", "2007-12-31": "11.04500", "2006-12-31": "-18.62700", "2005-12-31": "-78.74400"}, "Pre-Tax Income": {"2019-12-31": "216.51600", "2018-12-31": "238.61900", "2017-12-31": "174.41600", "2016-12-31": "48.93000", "2015-12-31": "184.90800", "2014-12-31": "301.63900", "2013-12-31": "238.40000", "2012-12-31": "206.18300", "2011-12-31": "208.60500", "2010-12-31": "145.08200", "2009-12-31": "225.24400", "2008-12-31": "195.76500", "2007-12-31": "163.13700", "2006-12-31": "116.47600", "2005-12-31": "27.87300"}, "Income Taxes": {"2019-12-31": "61.22300", "2018-12-31": "68.84300", "2017-12-31": "15.45000", "2016-12-31": "28.59200", "2015-12-31": "75.29600", "2014-12-31": "101.62100", "2013-12-31": "90.10200", "2012-12-31": "109.47400", "2011-12-31": "74.98300", "2010-12-31": "57.45300", "2009-12-31": "85.58500", "2008-12-31": "68.12500", "2007-12-31": "111.56000", "2006-12-31": "41.86700", "2005-12-31": "9.22000"}, "Income After Taxes": {"2019-12-31": "155.29300", "2018-12-31": "169.77600", "2017-12-31": "158.96600", "2016-12-31": "20.33800", "2015-12-31": "109.61200", "2014-12-31": "200.01800", "2013-12-31": "148.29800", "2012-12-31": "96.70900", "2011-12-31": "133.62200", "2010-12-31": "87.62900", "2009-12-31": "139.65900", "2008-12-31": "127.64000", "2007-12-31": "51.57700", "2006-12-31": "74.60900", "2005-12-31": "18.65300"}, "Other Income": {"2019-12-31": "", "2018-12-31": "", "2017-12-31": "", "2016-12-31": "", "2015-12-31": "", "2014-12-31": "", "2013-12-31": "", "2012-12-31": "", "2011-12-31": "", "2010-12-31": "", "2009-12-31": "", "2008-12-31": "", "2007-12-31": "", "2006-12-31": "", "2005-12-31": ""}, "Income From Continuous Operations": {"2019-12-31": "155.29300", "2018-12-31": "169.77600", "2017-12-31": "158.96600", "2016-12-31": "20.33800", "2015-12-31": "109.61200", "2014-12-31": "200.01800", "2013-12-31": "148.29800", "2012-12-31": "96.70900", "2011-12-31": "133.62200", "2010-12-31": "87.62900", "2009-12-31": "139.65900", "2008-12-31": "127.64000", "2007-12-31": "51.57700", "2006-12-31": "74.60900", "2005-12-31": "18.65300"}, "Income From Discontinued Operations": {"2019-12-31": "", "2018-12-31": "", "2017-12-31": "", "2016-12-31": "", "2015-12-31": "", "2014-12-31": "", "2013-12-31": "", "2012-12-31": "", "2011-12-31": "", "2010-12-31": "", "2009-12-31": "", "2008-12-31": "", "2007-12-31": "", "2006-12-31": "", "2005-12-31": ""}, "Net Income": {"2019-12-31": "99.00600", "2018-12-31": "168.29500", "2017-12-31": "160.06200", "2016-12-31": "23.49900", "2015-12-31": "101.90400", "2014-12-31": "202.21100", "2013-12-31": "149.20800", "2012-12-31": "96.92200", "2011-12-31": "133.62200", "2010-12-31": "87.66900", "2009-12-31": "139.65900", "2008-12-31": "127.64000", "2007-12-31": "51.57700", "2006-12-31": "74.60900", "2005-12-31": "18.65300"}, "EBITDA": {"2019-12-31": "622.97020", "2018-12-31": "580.44290", "2017-12-31": "437.14700", "2016-12-31": "300.17600", "2015-12-31": "317.49810", "2014-12-31": "383.05500", "2013-12-31": "337.30200", "2012-12-31": "276.87600", "2011-12-31": "286.88900", "2010-12-31": "187.58300", "2009-12-31": "151.00600", "2008-12-31": "211.59000", "2007-12-31": "201.89700", "2006-12-31": "170.59900", "2005-12-31": "132.23600"}, "EBIT": {"2019-12-31": "385.84120", "2018-12-31": "380.63790", "2017-12-31": "233.42300", "2016-12-31": "158.52500", "2015-12-31": "234.42110", "2014-12-31": "312.67500", "2013-12-31": "276.73900", "2012-12-31": "226.60900", "2011-12-31": "238.77700", "2010-12-31": "156.07900", "2009-12-31": "128.40300", "2008-12-31": "191.00200", "2007-12-31": "186.17800", "2006-12-31": "158.51800", "2005-12-31": "121.13600"}, "Basic Shares Outstanding": {"2019-12-31": "43.31600", "2018-12-31": "43.15600", "2017-12-31": "42.97700", "2016-12-31": "40.80900", "2015-12-31": "38.77100", "2014-12-31": "38.89000", "2013-12-31": "38.94600", "2012-12-31": "38.84000", "2011-12-31": "38.68600", "2010-12-31": "38.48600", "2009-12-31": "38.30300", "2008-12-31": "38.88500", "2007-12-31": "40.04200", "2006-12-31": "40.37300", "2005-12-31": "40.19400"}, "Shares Outstanding": {"2019-12-31": "43.76900", "2018-12-31": "43.57400", "2017-12-31": "43.10500", "2016-12-31": "40.91400", "2015-12-31": "38.84300", "2014-12-31": "39.00000", "2013-12-31": "39.10300", "2012-12-31": "39.09200", "2011-12-31": "38.99800", "2010-12-31": "39.05200", "2009-12-31": "39.36400", "2008-12-31": "39.78700", "2007-12-31": "40.75100", "2006-12-31": "41.55300", "2005-12-31": "40.73500"}, "Basic EPS": {"2019-12-31": "2.29000", "2018-12-31": "3.90000", "2017-12-31": "3.72000", "2016-12-31": "0.58000", "2015-12-31": "2.63000", "2014-12-31": "5.20000", "2013-12-31": "3.83000", "2012-12-31": "2.50000", "2011-12-31": "3.45000", "2010-12-31": "2.28000", "2009-12-31": "3.65000", "2008-12-31": "3.28000", "2007-12-31": "1.29000", "2006-12-31": "1.85000", "2005-12-31": "0.46000"}, "EPS - Earnings Per Share": {"2019-12-31": "2.26000", "2018-12-31": "3.86000", "2017-12-31": "3.71000", "2016-12-31": "0.57000", "2015-12-31": "2.62000", "2014-12-31": "5.18000", "2013-12-31": "3.82000", "2012-12-31": "2.48000", "2011-12-31": "3.43000", "2010-12-31": "2.25000", "2009-12-31": "3.55000", "2008-12-31": "3.22000", "2007-12-31": "1.27000", "2006-12-31": "1.81000", "2005-12-31": "0.46000"}}, "income statement, quarterly": {"Revenue": {"2020-09-30": "382.11600", "2020-06-30": "347.08400", "2020-03-31": "431.67900", "2019-12-31": "440.04500", "2019-09-30": "459.96300", "2019-06-30": "441.80700", "2019-03-31": "381.87600", "2018-12-31": "381.19600", "2018-09-30": "386.61700", "2018-06-30": "370.79800", "2018-03-31": "354.02800", "2017-12-31": "329.33400", "2017-09-30": "324.00200", "2017-06-30": "303.88400", "2017-03-31": "291.35700", "2016-12-31": "284.86790", "2016-09-30": "287.75600", "2016-06-30": "233.93600", "2016-03-31": "205.92800", "2015-12-31": "212.64200", "2015-09-30": "226.05700", "2015-06-30": "213.65300", "2015-03-31": "202.28500", "2014-12-31": "211.86400", "2014-09-30": "222.13400", "2014-06-30": "201.58100", "2014-03-31": "182.06800", "2013-12-31": "182.28300", "2013-09-30": "191.52500", "2013-06-30": "178.28500", "2013-03-31": "165.37000", "2012-12-31": "168.99800", "2012-09-30": "160.96700", "2012-06-30": "153.06400", "2012-03-31": "140.12200", "2011-12-31": "139.83600", "2011-09-30": "151.87800", "2011-06-30": "141.27200", "2011-03-31": "120.09000", "2010-12-31": "114.89600", "2010-09-30": "100.22900", "2010-06-30": "91.43500", "2010-03-31": "83.84600", "2009-12-31": "83.00200", "2009-09-30": "85.82800", "2009-06-30": "77.87500", "2009-03-31": "68.49800", "2008-12-31": "75.44400", "2008-09-30": "108.53100", "2008-06-30": "111.23800", "2008-03-31": "92.94600", "2007-12-31": "90.68100", "2007-09-30": "87.65200", "2007-06-30": "85.97300", "2007-03-31": "71.82200", "2006-12-31": "70.75600", "2006-09-30": "79.68900", "2006-06-30": "76.16400", "2006-03-31": "64.63800", "2005-12-31": "64.42500", "2005-09-30": "67.39500", "2005-06-30": "57.31100", "2005-03-31": "52.20200"}, "Cost Of Goods Sold": {"2020-09-30": "156.87200", "2020-06-30": "161.90000", "2020-03-31": "185.83200", "2019-12-31": "180.08490", "2019-09-30": "165.67900", "2019-06-30": "160.77300", "2019-03-31": "153.23300", "2018-12-31": "157.22600", "2018-09-30": "136.57000", "2018-06-30": "125.54000", "2018-03-31": "128.59300", "2017-12-31": "134.54900", "2017-09-30": "134.80700", "2017-06-30": "128.48700", "2017-03-31": "116.44200", "2016-12-31": "246.81000", "2016-09-30": "83.55100", "2016-06-30": "70.07700", "2016-03-31": "58.36900", "2015-12-31": "63.98900", "2015-09-30": "59.66200", "2015-06-30": "53.66300", "2015-03-31": "49.52400", "2014-12-31": "48.85900", "2014-09-30": "56.48300", "2014-06-30": "47.80100", "2014-03-31": "47.73600", "2013-12-31": "36.56500", "2013-09-30": "46.04300", "2013-06-30": "43.27900", "2013-03-31": "37.92500", "2012-12-31": "42.65600", "2012-09-30": "42.98300", "2012-06-30": "37.82600", "2012-03-31": "33.16100", "2011-12-31": "28.77400", "2011-09-30": "37.27300", "2011-06-30": "31.98900", "2011-03-31": "26.91900", "2010-12-31": "24.76500", "2010-09-30": "25.78200", "2010-06-30": "18.27800", "2010-03-31": "18.91600", "2009-12-31": "15.97800", "2009-09-30": "17.98000", "2009-06-30": "13.51000", "2009-03-31": "15.95800", "2008-12-31": "22.51600", "2008-09-30": "18.94900", "2008-06-30": "21.81500", "2008-03-31": "19.77100", "2007-12-31": "16.01900", "2007-09-30": "10.47500", "2007-06-30": "10.24700", "2007-03-31": "13.86800", "2006-12-31": "13.53700", "2006-09-30": "11.93400", "2006-06-30": "9.31600", "2006-03-31": "10.41300", "2005-12-31": "7.51700", "2005-09-30": "9.21000", "2005-06-30": "8.47600", "2005-03-31": "9.99800"}, "Gross Profit": {"2020-09-30": "225.24400", "2020-06-30": "185.18400", "2020-03-31": "245.84700", "2019-12-31": "259.96010", "2019-09-30": "294.28400", "2019-06-30": "281.03400", "2019-03-31": "228.64300", "2018-12-31": "223.97000", "2018-09-30": "250.04700", "2018-06-30": "245.25800", "2018-03-31": "225.43500", "2017-12-31": "194.78510", "2017-09-30": "189.19500", "2017-06-30": "175.39700", "2017-03-31": "174.91500", "2016-12-31": "38.05790", "2016-09-30": "204.20500", "2016-06-30": "163.85900", "2016-03-31": "147.55900", "2015-12-31": "148.65300", "2015-09-30": "166.39500", "2015-06-30": "159.99000", "2015-03-31": "152.76100", "2014-12-31": "163.00500", "2014-09-30": "165.65100", "2014-06-30": "153.78000", "2014-03-31": "134.33200", "2013-12-31": "145.71800", "2013-09-30": "145.48200", "2013-06-30": "135.00600", "2013-03-31": "127.44500", "2012-12-31": "126.34200", "2012-09-30": "117.98400", "2012-06-30": "115.23800", "2012-03-31": "106.96100", "2011-12-31": "111.06200", "2011-09-30": "114.60500", "2011-06-30": "109.28300", "2011-03-31": "93.17100", "2010-12-31": "90.13100", "2010-09-30": "74.44700", "2010-06-30": "73.15700", "2010-03-31": "64.93000", "2009-12-31": "67.02400", "2009-09-30": "67.84800", "2009-06-30": "64.36500", "2009-03-31": "52.54000", "2008-12-31": "52.92800", "2008-09-30": "89.58200", "2008-06-30": "89.42300", "2008-03-31": "73.17500", "2007-12-31": "74.66200", "2007-09-30": "77.17700", "2007-06-30": "75.72600", "2007-03-31": "57.95400", "2006-12-31": "57.21900", "2006-09-30": "67.75500", "2006-06-30": "66.84800", "2006-03-31": "54.22500", "2005-12-31": "56.90800", "2005-09-30": "58.18500", "2005-06-30": "48.83500", "2005-03-31": "42.20400"}, "Research And Development Expenses": {"2020-09-30": "", "2020-06-30": "", "2020-03-31": "", "2019-12-31": "", "2019-09-30": "", "2019-06-30": "", "2019-03-31": "", "2018-12-31": "", "2018-09-30": "", "2018-06-30": "", "2018-03-31": "", "2017-12-31": "", "2017-09-30": "", "2017-06-30": "", "2017-03-31": "", "2016-12-31": "", "2016-09-30": "", "2016-06-30": "", "2016-03-31": "", "2015-12-31": "", "2015-09-30": "", "2015-06-30": "", "2015-03-31": "", "2014-12-31": "", "2014-09-30": "", "2014-06-30": "", "2014-03-31": "", "2013-12-31": "", "2013-09-30": "", "2013-06-30": "", "2013-03-31": "", "2012-12-31": "", "2012-09-30": "", "2012-06-30": "", "2012-03-31": "", "2011-12-31": "", "2011-09-30": "", "2011-06-30": "", "2011-03-31": "", "2010-12-31": "", "2010-09-30": "", "2010-06-30": "", "2010-03-31": "", "2009-12-31": "", "2009-09-30": "", "2009-06-30": "", "2009-03-31": "", "2008-12-31": "", "2008-09-30": "", "2008-06-30": "", "2008-03-31": "", "2007-12-31": "", "2007-09-30": "", "2007-06-30": "", "2007-03-31": "", "2006-12-31": "", "2006-09-30": "", "2006-06-30": "", "2006-03-31": "", "2005-12-31": "", "2005-09-30": "", "2005-06-30": "", "2005-03-31": ""}, "SG&A Expenses": {"2020-09-30": "137.72300", "2020-06-30": "117.00900", "2020-03-31": "130.81800", "2019-12-31": "118.96200", "2019-09-30": "139.11200", "2019-06-30": "149.07800", "2019-03-31": "128.52400", "2018-12-31": "115.68000", "2018-09-30": "105.73700", "2018-06-30": "105.28600", "2018-03-31": "111.85000", "2017-12-31": "92.50500", "2017-09-30": "93.12300", "2017-06-30": "80.05600", "2017-03-31": "82.30900", "2016-12-31": "109.60600", "2016-09-30": "76.70600", "2016-06-30": "66.66200", "2016-03-31": "63.41000", "2015-12-31": "59.88200", "2015-09-30": "57.17400", "2015-06-30": "59.09100", "2015-03-31": "58.41700", "2014-12-31": "88.41900", "2014-09-30": "55.39200", "2014-06-30": "43.42600", "2014-03-31": "43.90200", "2013-12-31": "69.39700", "2013-09-30": "41.46900", "2013-06-30": "40.64700", "2013-03-31": "40.07700", "2012-12-31": "59.43300", "2012-09-30": "28.82300", "2012-06-30": "29.96300", "2012-03-31": "28.71500", "2011-12-31": "47.51100", "2011-09-30": "27.38800", "2011-06-30": "26.41000", "2011-03-31": "25.69400", "2010-12-31": "40.91000", "2010-09-30": "23.74600", "2010-06-30": "20.44700", "2010-03-31": "19.62000", "2009-12-31": "33.85000", "2009-09-30": "18.68000", "2009-06-30": "18.25900", "2009-03-31": "17.85300", "2008-12-31": "31.20400", "2008-09-30": "14.60400", "2008-06-30": "18.31600", "2008-03-31": "17.11800", "2007-12-31": "29.15000", "2007-09-30": "16.22200", "2007-06-30": "15.69900", "2007-03-31": "16.12900", "2006-12-31": "24.94600", "2006-09-30": "15.23600", "2006-06-30": "15.19600", "2006-03-31": "14.35400", "2005-12-31": "21.47300", "2005-09-30": "13.46300", "2005-06-30": "13.45000", "2005-03-31": "18.71700"}, "Other Operating Income Or Expenses": {"2020-09-30": "-46.36200", "2020-06-30": "", "2020-03-31": "", "2019-12-31": "", "2019-09-30": "0.00000", "2019-06-30": "", "2019-03-31": "", "2018-12-31": "-3.22500", "2018-09-30": "-2.42400", "2018-06-30": "", "2018-03-31": "", "2017-12-31": "-7.03800", "2017-09-30": "", "2017-06-30": "-16.17500", "2017-03-31": "", "2016-12-31": "", "2016-09-30": "-21.79300", "2016-06-30": "-17.44200", "2016-03-31": "-17.78300", "2015-12-31": "-17.02300", "2015-09-30": "-19.26000", "2015-06-30": "-15.86500", "2015-03-31": "-14.57900", "2014-12-31": "9.53200", "2014-09-30": "13.73100", "2014-06-30": "-13.25000", "2014-03-31": "-12.58700", "2013-12-31": "6.64900", "2013-09-30": "-10.98400", "2013-06-30": "-11.69500", "2013-03-31": "-11.08400", "2012-12-31": "8.82200", "2012-09-30": "-8.76400", "2012-06-30": "-9.92200", "2012-03-31": "-7.85500", "2011-12-31": "11.63300", "2011-09-30": "-8.75700", "2011-06-30": "-10.79000", "2011-03-31": "-9.05800", "2010-12-31": "6.53100", "2010-09-30": "-6.50200", "2010-06-30": "-6.19700", "2010-03-31": "-5.80200", "2009-12-31": "4.52900", "2009-09-30": "-5.51800", "2009-06-30": "-5.83300", "2009-03-31": "-5.98000", "2008-12-31": "4.67400", "2008-09-30": "-5.77900", "2008-06-30": "-5.94600", "2008-03-31": "-5.69000", "2007-12-31": "25.86100", "2007-09-30": "-23.18900", "2007-06-30": "-5.09600", "2007-03-31": "-4.69900", "2006-12-31": "5.18100", "2006-09-30": "-3.74100", "2006-06-30": "-4.40600", "2006-03-31": "-3.84300", "2005-12-31": "3.41300", "2005-09-30": "-3.98700", "2005-06-30": "-3.48200", "2005-03-31": "-3.91900"}, "Operating Expenses": {"2020-09-30": "380.27100", "2020-06-30": "318.30200", "2020-03-31": "356.85000", "2019-12-31": "336.18690", "2019-09-30": "341.65200", "2019-06-30": "347.07000", "2019-03-31": "312.94100", "2018-12-31": "287.40510", "2018-09-30": "284.05300", "2018-06-30": "270.37400", "2018-03-31": "270.16900", "2017-12-31": "267.96710", "2017-09-30": "260.27900", "2017-06-30": "256.30300", "2017-03-31": "230.60500", "2016-12-31": "273.67300", "2016-09-30": "233.18800", "2016-06-30": "182.30100", "2016-03-31": "164.80100", "2015-12-31": "162.75190", "2015-09-30": "158.31200", "2015-06-30": "150.73500", "2015-03-31": "154.04500", "2014-12-31": "150.02200", "2014-09-30": "119.60400", "2014-06-30": "121.25200", "2014-03-31": "120.53100", "2013-12-31": "111.04800", "2013-09-30": "113.63200", "2013-06-30": "111.20400", "2013-03-31": "104.84000", "2012-12-31": "119.49900", "2012-09-30": "109.69000", "2012-06-30": "90.18400", "2012-03-31": "82.15900", "2011-12-31": "79.10300", "2011-09-30": "86.63400", "2011-06-30": "80.09700", "2011-03-31": "73.91800", "2010-12-31": "71.91900", "2010-09-30": "64.03700", "2010-06-30": "52.08800", "2010-03-31": "51.65300", "2009-12-31": "52.89400", "2009-09-30": "49.48200", "2009-06-30": "45.50300", "2009-03-31": "49.17400", "2008-12-31": "56.43000", "2008-09-30": "54.12900", "2008-06-30": "60.29000", "2008-03-31": "55.87800", "2007-12-31": "51.14100", "2007-09-30": "44.65000", "2007-06-30": "43.32600", "2007-03-31": "44.91900", "2006-12-31": "42.20500", "2006-09-30": "40.55600", "2006-06-30": "37.65200", "2006-03-31": "35.73100", "2005-12-31": "33.24000", "2005-09-30": "33.32500", "2005-06-30": "31.28400", "2005-03-31": "36.86700"}, "Operating Income": {"2020-09-30": "1.84500", "2020-06-30": "28.78200", "2020-03-31": "74.82900", "2019-12-31": "103.85820", "2019-09-30": "118.31100", "2019-06-30": "94.73700", "2019-03-31": "68.93500", "2018-12-31": "93.79090", "2018-09-30": "102.56400", "2018-06-30": "100.42400", "2018-03-31": "83.85900", "2017-12-31": "61.36700", "2017-09-30": "63.72300", "2017-06-30": "47.58100", "2017-03-31": "60.75200", "2016-12-31": "11.19490", "2016-09-30": "54.56800", "2016-06-30": "51.63500", "2016-03-31": "41.12700", "2015-12-31": "49.89010", "2015-09-30": "67.74500", "2015-06-30": "62.91800", "2015-03-31": "48.24000", "2014-12-31": "61.84190", "2014-09-30": "102.53000", "2014-06-30": "80.32900", "2014-03-31": "61.53700", "2013-12-31": "71.23500", "2013-09-30": "77.89300", "2013-06-30": "67.08100", "2013-03-31": "60.53000", "2012-12-31": "49.49910", "2012-09-30": "51.27700", "2012-06-30": "62.88000", "2012-03-31": "57.96300", "2011-12-31": "60.73300", "2011-09-30": "65.24400", "2011-06-30": "61.17500", "2011-03-31": "46.17200", "2010-12-31": "42.97700", "2010-09-30": "36.19200", "2010-06-30": "39.34700", "2010-03-31": "32.19300", "2009-12-31": "30.10800", "2009-09-30": "36.34600", "2009-06-30": "32.37200", "2009-03-31": "19.32400", "2008-12-31": "19.01400", "2008-09-30": "54.40200", "2008-06-30": "50.94800", "2008-03-31": "37.06800", "2007-12-31": "39.54000", "2007-09-30": "43.00200", "2007-06-30": "42.64700", "2007-03-31": "26.90300", "2006-12-31": "28.55100", "2006-09-30": "39.13300", "2006-06-30": "38.51200", "2006-03-31": "28.90700", "2005-12-31": "31.18500", "2005-09-30": "34.07000", "2005-06-30": "26.02700", "2005-03-31": "15.33500"}, "Total Non-Operating Income/Expense": {"2020-09-30": "-37.96000", "2020-06-30": "-35.13600", "2020-03-31": "-92.80500", "2019-12-31": "-15.20000", "2019-09-30": "-56.72700", "2019-06-30": "-50.48900", "2019-03-31": "-46.90900", "2018-12-31": "-54.39200", "2018-09-30": "-24.65500", "2018-06-30": "-49.53300", "2018-03-31": "-13.43900", "2017-12-31": "-10.28700", "2017-09-30": "-11.29300", "2017-06-30": "-20.28600", "2017-03-31": "-17.14100", "2016-12-31": "-40.33100", "2016-09-30": "-29.30000", "2016-06-30": "-35.24100", "2016-03-31": "-4.72300", "2015-12-31": "-14.84400", "2015-09-30": "4.75100", "2015-06-30": "-20.07700", "2015-03-31": "-13.71500", "2014-12-31": "17.46100", "2014-09-30": "-3.98300", "2014-06-30": "-13.59900", "2014-03-31": "-4.47800", "2013-12-31": "-15.33900", "2013-09-30": "-7.89100", "2013-06-30": "0.21700", "2013-03-31": "-15.32600", "2012-12-31": "-5.95100", "2012-09-30": "-16.14800", "2012-06-30": "27.78000", "2012-03-31": "-21.11700", "2011-12-31": "-9.40300", "2011-09-30": "9.12200", "2011-06-30": "2.68800", "2011-03-31": "-27.12600", "2010-12-31": "-13.37400", "2010-09-30": "1.54300", "2010-06-30": "8.71000", "2010-03-31": "-2.50600", "2009-12-31": "-9.60000", "2009-09-30": "2.31600", "2009-06-30": "116.31500", "2009-03-31": "-1.93700", "2008-12-31": "84.49100", "2008-09-30": "53.86900", "2008-06-30": "-90.35200", "2008-03-31": "-13.67500", "2007-12-31": "-31.94700", "2007-09-30": "-7.88000", "2007-06-30": "64.69200", "2007-03-31": "-13.82000", "2006-12-31": "2.20800", "2006-09-30": "14.54600", "2006-06-30": "-24.17500", "2006-03-31": "-11.20600", "2005-12-31": "10.50900", "2005-09-30": "-42.19000", "2005-06-30": "-1.47500", "2005-03-31": "-45.58800"}, "Pre-Tax Income": {"2020-09-30": "-36.11500", "2020-06-30": "-6.35400", "2020-03-31": "-17.97600", "2019-12-31": "88.65800", "2019-09-30": "61.58400", "2019-06-30": "44.24800", "2019-03-31": "22.02600", "2018-12-31": "39.39900", "2018-09-30": "77.90900", "2018-06-30": "50.89100", "2018-03-31": "70.42000", "2017-12-31": "51.08000", "2017-09-30": "52.43000", "2017-06-30": "27.29500", "2017-03-31": "43.61100", "2016-12-31": "-29.13600", "2016-09-30": "25.26800", "2016-06-30": "16.39400", "2016-03-31": "36.40400", "2015-12-31": "35.04600", "2015-09-30": "72.49600", "2015-06-30": "42.84100", "2015-03-31": "34.52500", "2014-12-31": "79.30300", "2014-09-30": "98.54700", "2014-06-30": "66.73000", "2014-03-31": "57.05900", "2013-12-31": "55.89600", "2013-09-30": "70.00200", "2013-06-30": "67.29800", "2013-03-31": "45.20400", "2012-12-31": "43.54800", "2012-09-30": "35.12900", "2012-06-30": "90.66000", "2012-03-31": "36.84600", "2011-12-31": "51.33000", "2011-09-30": "74.36600", "2011-06-30": "63.86300", "2011-03-31": "19.04600", "2010-12-31": "29.60300", "2010-09-30": "37.73500", "2010-06-30": "48.05700", "2010-03-31": "29.68700", "2009-12-31": "20.50800", "2009-09-30": "38.66200", "2009-06-30": "148.68700", "2009-03-31": "17.38700", "2008-12-31": "103.50500", "2008-09-30": "108.27100", "2008-06-30": "-39.40400", "2008-03-31": "23.39300", "2007-12-31": "7.59300", "2007-09-30": "35.12200", "2007-06-30": "107.33900", "2007-03-31": "13.08300", "2006-12-31": "30.75900", "2006-09-30": "53.67900", "2006-06-30": "14.33700", "2006-03-31": "17.70100", "2005-12-31": "41.69400", "2005-09-30": "-8.12000", "2005-06-30": "24.55200", "2005-03-31": "-30.25300"}, "Income Taxes": {"2020-09-30": "21.60200", "2020-06-30": "-19.74700", "2020-03-31": "-5.70700", "2019-12-31": "23.87100", "2019-09-30": "19.13700", "2019-06-30": "12.39700", "2019-03-31": "5.81800", "2018-12-31": "17.46400", "2018-09-30": "21.30500", "2018-06-30": "12.32500", "2018-03-31": "17.74900", "2017-12-31": "-28.31000", "2017-09-30": "18.57000", "2017-06-30": "10.65500", "2017-03-31": "14.53500", "2016-12-31": "4.86200", "2016-09-30": "6.06500", "2016-06-30": "4.48200", "2016-03-31": "13.18300", "2015-12-31": "13.64900", "2015-09-30": "30.71400", "2015-06-30": "16.44100", "2015-03-31": "14.49200", "2014-12-31": "32.06400", "2014-09-30": "24.69700", "2014-06-30": "23.88100", "2014-03-31": "20.97900", "2013-12-31": "22.00500", "2013-09-30": "26.22400", "2013-06-30": "25.24600", "2013-03-31": "16.62700", "2012-12-31": "14.69400", "2012-09-30": "20.84500", "2012-06-30": "60.32500", "2012-03-31": "13.61000", "2011-12-31": "18.53800", "2011-09-30": "26.26600", "2011-06-30": "23.24800", "2011-03-31": "6.93100", "2010-12-31": "11.13500", "2010-09-30": "17.16400", "2010-06-30": "18.02100", "2010-03-31": "11.13300", "2009-12-31": "8.37900", "2009-09-30": "15.29900", "2009-06-30": "55.49700", "2009-03-31": "6.41000", "2008-12-31": "38.35400", "2008-09-30": "35.92700", "2008-06-30": "-15.02100", "2008-03-31": "8.86500", "2007-12-31": "2.97000", "2007-09-30": "12.85900", "2007-06-30": "90.98500", "2007-03-31": "4.74600", "2006-12-31": "11.80000", "2006-09-30": "19.23500", "2006-06-30": "4.48100", "2006-03-31": "6.35100", "2005-12-31": "13.36700", "2005-09-30": "-1.93500", "2005-06-30": "9.56800", "2005-03-31": "-11.78000"}, "Income After Taxes": {"2020-09-30": "-57.71700", "2020-06-30": "13.39300", "2020-03-31": "-12.26900", "2019-12-31": "64.78700", "2019-09-30": "42.44700", "2019-06-30": "31.85100", "2019-03-31": "16.20800", "2018-12-31": "21.93500", "2018-09-30": "56.60400", "2018-06-30": "38.56600", "2018-03-31": "52.67100", "2017-12-31": "79.39000", "2017-09-30": "33.86000", "2017-06-30": "16.64000", "2017-03-31": "29.07600", "2016-12-31": "-33.99800", "2016-09-30": "19.20300", "2016-06-30": "11.91200", "2016-03-31": "23.22100", "2015-12-31": "21.39700", "2015-09-30": "41.78200", "2015-06-30": "26.40000", "2015-03-31": "20.03300", "2014-12-31": "47.23900", "2014-09-30": "73.85000", "2014-06-30": "42.84900", "2014-03-31": "36.08000", "2013-12-31": "33.89100", "2013-09-30": "43.77800", "2013-06-30": "42.05200", "2013-03-31": "28.57700", "2012-12-31": "28.85400", "2012-09-30": "14.28400", "2012-06-30": "30.33500", "2012-03-31": "23.23600", "2011-12-31": "32.79200", "2011-09-30": "48.10000", "2011-06-30": "40.61500", "2011-03-31": "12.11500", "2010-12-31": "18.46800", "2010-09-30": "20.57100", "2010-06-30": "30.03600", "2010-03-31": "18.55400", "2009-12-31": "12.12900", "2009-09-30": "23.36300", "2009-06-30": "93.19000", "2009-03-31": "10.97700", "2008-12-31": "65.15100", "2008-09-30": "72.34400", "2008-06-30": "-24.38300", "2008-03-31": "14.52800", "2007-12-31": "4.62300", "2007-09-30": "22.26300", "2007-06-30": "16.35400", "2007-03-31": "8.33700", "2006-12-31": "18.95900", "2006-09-30": "34.44400", "2006-06-30": "9.85600", "2006-03-31": "11.35000", "2005-12-31": "28.32700", "2005-09-30": "-6.18500", "2005-06-30": "14.98400", "2005-03-31": "-18.47300"}, "Other Income": {"2020-09-30": "", "2020-06-30": "", "2020-03-31": "", "2019-12-31": "", "2019-09-30": "", "2019-06-30": "", "2019-03-31": "", "2018-12-31": "", "2018-09-30": "", "2018-06-30": "", "2018-03-31": "", "2017-12-31": "", "2017-09-30": "", "2017-06-30": "", "2017-03-31": "", "2016-12-31": "", "2016-09-30": "", "2016-06-30": "", "2016-03-31": "", "2015-12-31": "", "2015-09-30": "", "2015-06-30": "", "2015-03-31": "", "2014-12-31": "", "2014-09-30": "", "2014-06-30": "", "2014-03-31": "", "2013-12-31": "", "2013-09-30": "", "2013-06-30": "", "2013-03-31": "", "2012-12-31": "", "2012-09-30": "", "2012-06-30": "", "2012-03-31": "", "2011-12-31": "", "2011-09-30": "", "2011-06-30": "", "2011-03-31": "", "2010-12-31": "", "2010-09-30": "", "2010-06-30": "", "2010-03-31": "", "2009-12-31": "", "2009-09-30": "", "2009-06-30": "", "2009-03-31": "", "2008-12-31": "", "2008-09-30": "", "2008-06-30": "", "2008-03-31": "", "2007-12-31": "", "2007-09-30": "", "2007-06-30": "", "2007-03-31": "", "2006-12-31": "", "2006-09-30": "", "2006-06-30": "", "2006-03-31": "", "2005-12-31": "", "2005-09-30": "", "2005-06-30": "", "2005-03-31": ""}, "Income From Continuous Operations": {"2020-09-30": "-57.71700", "2020-06-30": "13.39300", "2020-03-31": "-12.26900", "2019-12-31": "64.78700", "2019-09-30": "42.44700", "2019-06-30": "31.85100", "2019-03-31": "16.20800", "2018-12-31": "21.93500", "2018-09-30": "56.60400", "2018-06-30": "38.56600", "2018-03-31": "52.67100", "2017-12-31": "79.39000", "2017-09-30": "33.86000", "2017-06-30": "16.64000", "2017-03-31": "29.07600", "2016-12-31": "-33.99800", "2016-09-30": "19.20300", "2016-06-30": "11.91200", "2016-03-31": "23.22100", "2015-12-31": "21.39700", "2015-09-30": "41.78200", "2015-06-30": "26.40000", "2015-03-31": "20.03300", "2014-12-31": "47.23900", "2014-09-30": "73.85000", "2014-06-30": "42.84900", "2014-03-31": "36.08000", "2013-12-31": "33.89100", "2013-09-30": "43.77800", "2013-06-30": "42.05200", "2013-03-31": "28.57700", "2012-12-31": "28.85400", "2012-09-30": "14.28400", "2012-06-30": "30.33500", "2012-03-31": "23.23600", "2011-12-31": "32.79200", "2011-09-30": "48.10000", "2011-06-30": "40.61500", "2011-03-31": "12.11500", "2010-12-31": "18.46800", "2010-09-30": "20.57100", "2010-06-30": "30.03600", "2010-03-31": "18.55400", "2009-12-31": "12.12900", "2009-09-30": "23.36300", "2009-06-30": "93.19000", "2009-03-31": "10.97700", "2008-12-31": "65.15100", "2008-09-30": "72.34400", "2008-06-30": "-24.38300", "2008-03-31": "14.52800", "2007-12-31": "4.62300", "2007-09-30": "22.26300", "2007-06-30": "16.35400", "2007-03-31": "8.33700", "2006-12-31": "18.95900", "2006-09-30": "34.44400", "2006-06-30": "9.85600", "2006-03-31": "11.35000", "2005-12-31": "28.32700", "2005-09-30": "-6.18500", "2005-06-30": "14.98400", "2005-03-31": "-18.47300"}, "Income From Discontinued Operations": {"2020-09-30": "", "2020-06-30": "", "2020-03-31": "", "2019-12-31": "", "2019-09-30": "", "2019-06-30": "", "2019-03-31": "", "2018-12-31": "", "2018-09-30": "", "2018-06-30": "", "2018-03-31": "", "2017-12-31": "", "2017-09-30": "", "2017-06-30": "", "2017-03-31": "", "2016-12-31": "", "2016-09-30": "", "2016-06-30": "", "2016-03-31": "", "2015-12-31": "", "2015-09-30": "", "2015-06-30": "", "2015-03-31": "", "2014-12-31": "", "2014-09-30": "", "2014-06-30": "", "2014-03-31": "", "2013-12-31": "", "2013-09-30": "", "2013-06-30": "", "2013-03-31": "", "2012-12-31": "", "2012-09-30": "", "2012-06-30": "", "2012-03-31": "", "2011-12-31": "", "2011-09-30": "", "2011-06-30": "", "2011-03-31": "", "2010-12-31": "", "2010-09-30": "", "2010-06-30": "", "2010-03-31": "", "2009-12-31": "", "2009-09-30": "", "2009-06-30": "", "2009-03-31": "", "2008-12-31": "", "2008-09-30": "", "2008-06-30": "", "2008-03-31": "", "2007-12-31": "", "2007-09-30": "", "2007-06-30": "", "2007-03-31": "", "2006-12-31": "", "2006-09-30": "", "2006-06-30": "", "2006-03-31": "", "2005-12-31": "", "2005-09-30": "", "2005-06-30": "", "2005-03-31": ""}, "Net Income": {"2020-09-30": "-65.84000", "2020-06-30": "72.65800", "2020-03-31": "-16.25600", "2019-12-31": "54.44600", "2019-09-30": "14.61900", "2019-06-30": "13.80700", "2019-03-31": "16.13400", "2018-12-31": "21.25700", "2018-09-30": "56.64400", "2018-06-30": "38.42400", "2018-03-31": "51.97000", "2017-12-31": "79.60000", "2017-09-30": "33.97100", "2017-06-30": "17.09000", "2017-03-31": "29.40100", "2016-12-31": "-31.85000", "2016-09-30": "19.69600", "2016-06-30": "12.56700", "2016-03-31": "23.08600", "2015-12-31": "20.90100", "2015-09-30": "32.16600", "2015-06-30": "26.49200", "2015-03-31": "22.34500", "2014-12-31": "47.89300", "2014-09-30": "74.44300", "2014-06-30": "43.33300", "2014-03-31": "36.54200", "2013-12-31": "34.46800", "2013-09-30": "43.83800", "2013-06-30": "42.21300", "2013-03-31": "28.68900", "2012-12-31": "29.05300", "2012-09-30": "14.29800", "2012-06-30": "30.33500", "2012-03-31": "23.23600", "2011-12-31": "32.79200", "2011-09-30": "48.10000", "2011-06-30": "40.61500", "2011-03-31": "12.11500", "2010-12-31": "18.50800", "2010-09-30": "20.57100", "2010-06-30": "30.03600", "2010-03-31": "18.55400", "2009-12-31": "12.12900", "2009-09-30": "23.36300", "2009-06-30": "93.19000", "2009-03-31": "10.97700", "2008-12-31": "65.15100", "2008-09-30": "72.34400", "2008-06-30": "-24.38300", "2008-03-31": "14.52800", "2007-12-31": "4.62300", "2007-09-30": "22.26300", "2007-06-30": "16.35400", "2007-03-31": "8.33700", "2006-12-31": "18.95900", "2006-09-30": "34.44400", "2006-06-30": "9.85600", "2006-03-31": "11.35000", "2005-12-31": "28.32700", "2005-09-30": "-6.18500", "2005-06-30": "14.98400", "2005-03-31": "-18.47300"}, "EBITDA": {"2020-09-30": "67.36100", "2020-06-30": "93.29900", "2020-03-31": "139.81800", "2019-12-31": "167.51720", "2019-09-30": "181.29500", "2019-06-30": "153.52600", "2019-03-31": "120.63200", "2018-12-31": "144.72090", "2018-09-30": "160.89900", "2018-06-30": "160.58400", "2018-03-31": "134.03500", "2017-12-31": "114.66300", "2017-09-30": "114.95200", "2017-06-30": "97.54200", "2017-03-31": "109.99000", "2016-12-31": "61.46490", "2016-09-30": "103.17500", "2016-06-30": "76.24900", "2016-03-31": "64.77700", "2015-12-31": "71.25210", "2015-09-30": "88.46500", "2015-06-30": "85.80700", "2015-03-31": "71.97400", "2014-12-31": "82.25390", "2014-09-30": "124.66500", "2014-06-30": "97.69900", "2014-03-31": "78.43700", "2013-12-31": "86.77700", "2013-09-30": "93.63900", "2013-06-30": "83.25800", "2013-03-31": "76.83300", "2012-12-31": "65.72210", "2012-09-30": "64.71200", "2012-06-30": "75.70100", "2012-03-31": "70.74100", "2011-12-31": "76.30400", "2011-09-30": "78.82100", "2011-06-30": "72.11100", "2011-03-31": "59.65300", "2010-12-31": "56.52800", "2010-09-30": "44.57700", "2010-06-30": "46.81300", "2010-03-31": "39.66500", "2009-12-31": "37.90500", "2009-09-30": "43.80700", "2009-06-30": "40.43200", "2009-03-31": "28.86200", "2008-12-31": "26.55500", "2008-09-30": "69.35600", "2008-06-30": "65.25300", "2008-03-31": "50.42600", "2007-12-31": "71.43200", "2007-09-30": "37.82500", "2007-06-30": "55.07400", "2007-03-31": "37.56600", "2006-12-31": "37.73900", "2006-09-30": "49.02600", "2006-06-30": "47.51600", "2006-03-31": "36.31800", "2005-12-31": "39.08100", "2005-09-30": "41.00700", "2005-06-30": "32.53600", "2005-03-31": "19.61200"}, "EBIT": {"2020-09-30": "1.84500", "2020-06-30": "28.78200", "2020-03-31": "74.82900", "2019-12-31": "103.85820", "2019-09-30": "118.31100", "2019-06-30": "94.73700", "2019-03-31": "68.93500", "2018-12-31": "73.99490", "2018-09-30": "112.83200", "2018-06-30": "109.95200", "2018-03-31": "83.85900", "2017-12-31": "61.36690", "2017-09-30": "63.72300", "2017-06-30": "47.58100", "2017-03-31": "60.75200", "2016-12-31": "5.70500", "2016-09-30": "57.16700", "2016-06-30": "53.14000", "2016-03-31": "42.51300", "2015-12-31": "51.09910", "2015-09-30": "69.22800", "2015-06-30": "64.27500", "2015-03-31": "49.81900", "2014-12-31": "63.53200", "2014-09-30": "104.39000", "2014-06-30": "81.92800", "2014-03-31": "62.82500", "2013-12-31": "68.03000", "2013-09-30": "78.86900", "2013-06-30": "68.16300", "2013-03-31": "61.67700", "2012-12-31": "51.05900", "2012-09-30": "52.52000", "2012-06-30": "63.95600", "2012-03-31": "59.07400", "2011-12-31": "63.45900", "2011-09-30": "66.69300", "2011-06-30": "61.17500", "2011-03-31": "47.45000", "2010-12-31": "44.22100", "2010-09-30": "37.44700", "2010-06-30": "40.77600", "2010-03-31": "33.63500", "2009-12-31": "31.71500", "2009-09-30": "38.29100", "2009-06-30": "34.93500", "2009-03-31": "23.46200", "2008-12-31": "20.91700", "2008-09-30": "63.98300", "2008-06-30": "60.22600", "2008-03-31": "45.87600", "2007-12-31": "66.91700", "2007-09-30": "33.84400", "2007-06-30": "51.59300", "2007-03-31": "33.82400", "2006-12-31": "34.40600", "2006-09-30": "46.04400", "2006-06-30": "44.55400", "2006-03-31": "33.51400", "2005-12-31": "36.11200", "2005-09-30": "38.20900", "2005-06-30": "29.21900", "2005-03-31": "17.59600"}, "Basic Shares Outstanding": {"2020-09-30": "44.16600", "2020-06-30": "43.57400", "2020-03-31": "43.41600", "2019-12-31": "43.31600", "2019-09-30": "43.34900", "2019-06-30": "43.32900", "2019-03-31": "43.22000", "2018-12-31": "43.15600", "2018-09-30": "43.19100", "2018-06-30": "43.18100", "2018-03-31": "43.04900", "2017-12-31": "42.97700", "2017-09-30": "43.01400", "2017-06-30": "43.00200", "2017-03-31": "42.87100", "2016-12-31": "40.80900", "2016-09-30": "42.78800", "2016-06-30": "38.80600", "2016-03-31": "38.75600", "2015-12-31": "38.77100", "2015-09-30": "38.74500", "2015-06-30": "38.73900", "2015-03-31": "38.85900", "2014-12-31": "38.89000", "2014-09-30": "38.86700", "2014-06-30": "38.85600", "2014-03-31": "38.96600", "2013-12-31": "38.94600", "2013-09-30": "38.97800", "2013-06-30": "38.93400", "2013-03-31": "38.88800", "2012-12-31": "38.84000", "2012-09-30": "38.79300", "2012-06-30": "38.88300", "2012-03-31": "38.82000", "2011-12-31": "38.68600", "2011-09-30": "38.74700", "2011-06-30": "38.72200", "2011-03-31": "38.51600", "2010-12-31": "38.48600", "2010-09-30": "38.37400", "2010-06-30": "38.83000", "2010-03-31": "38.33400", "2009-12-31": "38.30300", "2009-09-30": "38.21700", "2009-06-30": "38.41800", "2009-03-31": "38.33900", "2008-12-31": "38.88500", "2008-09-30": "38.83100", "2008-06-30": "38.85700", "2008-03-31": "39.31200", "2007-12-31": "40.04200", "2007-09-30": "39.99000", "2007-06-30": "39.99500", "2007-03-31": "40.34700", "2006-12-31": "40.37300", "2006-09-30": "40.36200", "2006-06-30": "40.33100", "2006-03-31": "40.24500", "2005-12-31": "40.19400", "2005-09-30": "40.19400", "2005-06-30": "40.18600", "2005-03-31": "40.18500"}, "Shares Outstanding": {"2020-09-30": "44.16600", "2020-06-30": "43.77900", "2020-03-31": "43.41600", "2019-12-31": "43.76900", "2019-09-30": "43.81100", "2019-06-30": "43.76100", "2019-03-31": "43.57200", "2018-12-31": "43.57400", "2018-09-30": "43.61500", "2018-06-30": "43.54600", "2018-03-31": "43.45000", "2017-12-31": "43.10500", "2017-09-30": "43.10100", "2017-06-30": "43.06000", "2017-03-31": "43.11900", "2016-12-31": "40.91400", "2016-09-30": "42.87100", "2016-06-30": "38.85700", "2016-03-31": "38.85000", "2015-12-31": "38.84300", "2015-09-30": "38.80800", "2015-06-30": "38.79900", "2015-03-31": "38.95200", "2014-12-31": "39.00000", "2014-09-30": "38.96100", "2014-06-30": "38.94600", "2014-03-31": "39.14500", "2013-12-31": "39.10300", "2013-09-30": "39.08100", "2013-06-30": "39.03900", "2013-03-31": "39.18700", "2012-12-31": "39.09200", "2012-09-30": "38.99500", "2012-06-30": "39.08400", "2012-03-31": "39.12300", "2011-12-31": "38.99800", "2011-09-30": "38.95100", "2011-06-30": "38.94700", "2011-03-31": "38.87200", "2010-12-31": "39.05200", "2010-09-30": "38.77900", "2010-06-30": "39.13600", "2010-03-31": "39.12200", "2009-12-31": "39.36400", "2009-09-30": "39.35100", "2009-06-30": "39.51700", "2009-03-31": "39.17700", "2008-12-31": "39.78700", "2008-09-30": "39.73000", "2008-06-30": "38.85700", "2008-03-31": "40.27500", "2007-12-31": "40.75100", "2007-09-30": "41.06000", "2007-06-30": "41.08400", "2007-03-31": "41.06900", "2006-12-31": "41.55300", "2006-09-30": "41.53800", "2006-06-30": "41.08600", "2006-03-31": "40.98300", "2005-12-31": "40.73500", "2005-09-30": "40.19400", "2005-06-30": "41.07200", "2005-03-31": "40.18500"}, "Basic EPS": {"2020-09-30": "-1.49000", "2020-06-30": "1.67000", "2020-03-31": "-0.37000", "2019-12-31": "1.26000", "2019-09-30": "0.34000", "2019-06-30": "0.32000", "2019-03-31": "0.37000", "2018-12-31": "0.49000", "2018-09-30": "1.31000", "2018-06-30": "0.89000", "2018-03-31": "1.21000", "2017-12-31": "1.84000", "2017-09-30": "0.79000", "2017-06-30": "0.40000", "2017-03-31": "0.69000", "2016-12-31": "-0.80000", "2016-09-30": "0.46000", "2016-06-30": "0.32000", "2016-03-31": "0.60000", "2015-12-31": "0.54000", "2015-09-30": "0.83000", "2015-06-30": "0.68000", "2015-03-31": "0.58000", "2014-12-31": "1.22000", "2014-09-30": "1.92000", "2014-06-30": "1.12000", "2014-03-31": "0.94000", "2013-12-31": "0.89000", "2013-09-30": "1.12000", "2013-06-30": "1.08000", "2013-03-31": "0.74000", "2012-12-31": "0.75000", "2012-09-30": "0.37000", "2012-06-30": "0.78000", "2012-03-31": "0.60000", "2011-12-31": "0.85000", "2011-09-30": "1.24000", "2011-06-30": "1.05000", "2011-03-31": "0.31000", "2010-12-31": "0.49000", "2010-09-30": "0.54000", "2010-06-30": "0.77000", "2010-03-31": "0.48000", "2009-12-31": "0.32000", "2009-09-30": "0.61000", "2009-06-30": "2.43000", "2009-03-31": "0.29000", "2008-12-31": "1.68000", "2008-09-30": "1.86000", "2008-06-30": "-0.63000", "2008-03-31": "0.37000", "2007-12-31": "0.11000", "2007-09-30": "0.56000", "2007-06-30": "0.41000", "2007-03-31": "0.21000", "2006-12-31": "0.48000", "2006-09-30": "0.85000", "2006-06-30": "0.24000", "2006-03-31": "0.28000", "2005-12-31": "0.70000", "2005-09-30": "-0.15000", "2005-06-30": "0.37000", "2005-03-31": "-0.46000"}, "EPS - Earnings Per Share": {"2020-09-30": "-1.49000", "2020-06-30": "1.66000", "2020-03-31": "-0.37000", "2019-12-31": "1.24000", "2019-09-30": "0.33000", "2019-06-30": "0.32000", "2019-03-31": "0.37000", "2018-12-31": "0.48000", "2018-09-30": "1.30000", "2018-06-30": "0.88000", "2018-03-31": "1.20000", "2017-12-31": "1.84000", "2017-09-30": "0.79000", "2017-06-30": "0.40000", "2017-03-31": "0.68000", "2016-12-31": "-0.80000", "2016-09-30": "0.46000", "2016-06-30": "0.32000", "2016-03-31": "0.59000", "2015-12-31": "0.54000", "2015-09-30": "0.83000", "2015-06-30": "0.68000", "2015-03-31": "0.57000", "2014-12-31": "1.23000", "2014-09-30": "1.91000", "2014-06-30": "1.11000", "2014-03-31": "0.93000", "2013-12-31": "0.89000", "2013-09-30": "1.12000", "2013-06-30": "1.08000", "2013-03-31": "0.73000", "2012-12-31": "0.74000", "2012-09-30": "0.37000", "2012-06-30": "0.78000", "2012-03-31": "0.59000", "2011-12-31": "0.85000", "2011-09-30": "1.23000", "2011-06-30": "1.04000", "2011-03-31": "0.31000", "2010-12-31": "0.47000", "2010-09-30": "0.53000", "2010-06-30": "0.77000", "2010-03-31": "0.48000", "2009-12-31": "0.31000", "2009-09-30": "0.60000", "2009-06-30": "2.36000", "2009-03-31": "0.28000", "2008-12-31": "1.67000", "2008-09-30": "1.82000", "2008-06-30": "-0.63000", "2008-03-31": "0.36000", "2007-12-31": "0.12000", "2007-09-30": "0.55000", "2007-06-30": "0.40000", "2007-03-31": "0.20000", "2006-12-31": "0.46000", "2006-09-30": "0.83000", "2006-06-30": "0.24000", "2006-03-31": "0.28000", "2005-12-31": "0.70000", "2005-09-30": "-0.15000", "2005-06-30": "0.37000", "2005-03-31": "-0.46000"}}, "balance sheet": {"Cash On Hand": {"2019-12-31": "981.38100", "2018-12-31": "555.03100", "2017-12-31": "522.38500", "2016-12-31": "214.45500", "2015-12-31": "303.55800", "2014-12-31": "344.67200", "2013-12-31": "377.44900", "2012-12-31": "214.01200", "2011-12-31": "43.24500", "2010-12-31": "27.24700", "2009-12-31": "56.05200", "2008-12-31": "244.94400", "2007-12-31": "52.51300", "2006-12-31": "43.08300", "2005-12-31": "65.87200"}, "Receivables": {"2019-12-31": "2773.30000", "2018-12-31": "2694.07400", "2017-12-31": "2606.14200", "2016-12-31": "2162.88300", "2015-12-31": "1596.32900", "2014-12-31": "1872.39700", "2013-12-31": "1712.06100", "2012-12-31": "1556.27500", "2011-12-31": "1331.67000", "2010-12-31": "1160.48200", "2009-12-31": "844.15200", "2008-12-31": "710.12800", "2007-12-31": "1073.59300", "2006-12-31": "802.16500", "2005-12-31": "655.43200"}, "Inventory": {"2019-12-31": "", "2018-12-31": "", "2017-12-31": "", "2016-12-31": "", "2015-12-31": "", "2014-12-31": "", "2013-12-31": "", "2012-12-31": "", "2011-12-31": "", "2010-12-31": "", "2009-12-31": "", "2008-12-31": "", "2007-12-31": "", "2006-12-31": "", "2005-12-31": ""}, "Pre-Paid Expenses": {"2019-12-31": "87.69400", "2018-12-31": "149.02100", "2017-12-31": "77.53200", "2016-12-31": "", "2015-12-31": "", "2014-12-31": "", "2013-12-31": "", "2012-12-31": "", "2011-12-31": "", "2010-12-31": "", "2009-12-31": "", "2008-12-31": "", "2007-12-31": "", "2006-12-31": "", "2005-12-31": ""}, "Other Current Assets": {"2019-12-31": "", "2018-12-31": "", "2017-12-31": "", "2016-12-31": "", "2015-12-31": "", "2014-12-31": "", "2013-12-31": "", "2012-12-31": "", "2011-12-31": "", "2010-12-31": "", "2009-12-31": "", "2008-12-31": "", "2007-12-31": "", "2006-12-31": "", "2005-12-31": ""}, "Total Current Assets": {"2019-12-31": "3842.37500", "2018-12-31": "3398.12600", "2017-12-31": "3206.05900", "2016-12-31": "2377.33800", "2015-12-31": "1899.88700", "2014-12-31": "2217.06900", "2013-12-31": "2089.51000", "2012-12-31": "1770.28700", "2011-12-31": "1374.91500", "2010-12-31": "1187.72900", "2009-12-31": "900.20400", "2008-12-31": "955.07200", "2007-12-31": "1126.10600", "2006-12-31": "845.24800", "2005-12-31": "721.30400"}, "Property, Plant, And Equipment": {"2019-12-31": "212.47500", "2018-12-31": "187.86800", "2017-12-31": "163.90800", "2016-12-31": "167.27800", "2015-12-31": "138.58500", "2014-12-31": "105.59600", "2013-12-31": "72.27500", "2012-12-31": "60.09700", "2011-12-31": "62.07800", "2010-12-31": "60.78500", "2009-12-31": "44.99100", "2008-12-31": "44.86400", "2007-12-31": "45.53700", "2006-12-31": "39.97000", "2005-12-31": "38.54300"}, "Long-Term Investments": {"2019-12-31": "30.46000", "2018-12-31": "24.40600", "2017-12-31": "23.35800", "2016-12-31": "", "2015-12-31": "", "2014-12-31": "", "2013-12-31": "", "2012-12-31": "", "2011-12-31": "", "2010-12-31": "", "2009-12-31": "", "2008-12-31": "", "2007-12-31": "", "2006-12-31": "", "2005-12-31": ""}, "Goodwill And Intangible Assets": {"2019-12-31": "4016.25100", "2018-12-31": "2866.32300", "2017-12-31": "3030.17900", "2016-12-31": "3103.90900", "2015-12-31": "1583.59000", "2014-12-31": "1614.57800", "2013-12-31": "1026.63600", "2012-12-31": "1089.93600", "2011-12-31": "659.16000", "2010-12-31": "661.78200", "2009-12-31": "350.04200", "2008-12-31": "355.15200", "2007-12-31": "315.29700", "2006-12-31": "275.28200", "2005-12-31": "275.28200"}, "Other Long-Term Assets": {"2019-12-31": "184.02400", "2018-12-31": "284.22900", "2017-12-31": "257.64100", "2016-12-31": "341.63800", "2015-12-31": "215.54400", "2014-12-31": "175.50600", "2013-12-31": "154.89200", "2012-12-31": "90.53800", "2011-12-31": "38.38300", "2010-12-31": "26.49900", "2009-12-31": "20.82300", "2008-12-31": "16.81000", "2007-12-31": "15.04400", "2006-12-31": "13.23900", "2005-12-31": "10.08800"}, "Total Long-Term Assets": {"2019-12-31": "4456.04300", "2018-12-31": "3372.46900", "2017-12-31": "3482.80700", "2016-12-31": "3619.75900", "2015-12-31": "1948.02200", "2014-12-31": "1901.44400", "2013-12-31": "1342.76800", "2012-12-31": "1361.57800", "2011-12-31": "903.14500", "2010-12-31": "910.22200", "2009-12-31": "599.45800", "2008-12-31": "656.78300", "2007-12-31": "658.97000", "2006-12-31": "705.76700", "2005-12-31": "726.99100"}, "Total Assets": {"2019-12-31": "8298.41800", "2018-12-31": "6770.59500", "2017-12-31": "6688.86600", "2016-12-31": "5997.09700", "2015-12-31": "3847.90900", "2014-12-31": "4118.51300", "2013-12-31": "3432.27800", "2012-12-31": "3131.86500", "2011-12-31": "2278.06000", "2010-12-31": "2097.95100", "2009-12-31": "1499.66200", "2008-12-31": "1611.85500", "2007-12-31": "1785.07600", "2006-12-31": "1551.01500", "2005-12-31": "1448.29500"}, "Total Current Liabilities": {"2019-12-31": "3049.94300", "2018-12-31": "2311.57100", "2017-12-31": "2575.85600", "2016-12-31": "4062.34500", "2015-12-31": "2467.95900", "2014-12-31": "2844.30000", "2013-12-31": "2395.20900", "2012-12-31": "2165.04000", "2011-12-31": "1459.81800", "2010-12-31": "1421.21000", "2009-12-31": "938.77800", "2008-12-31": "994.74400", "2007-12-31": "1205.16300", "2006-12-31": "804.07500", "2005-12-31": "706.85600"}, "Long Term Debt": {"2019-12-31": "2686.51300", "2018-12-31": "2133.92300", "2017-12-31": "2027.75200", "2016-12-31": "257.38000", "2015-12-31": "189.60100", "2014-12-31": "122.61200", "2013-12-31": "85.06300", "2012-12-31": "86.55000", "2011-12-31": "92.76300", "2010-12-31": "100.14500", "2009-12-31": "107.75300", "2008-12-31": "309.36600", "2007-12-31": "319.51200", "2006-12-31": "548.11900", "2005-12-31": "591.78500"}, "Other Non-Current Liabilities": {"2019-12-31": "249.82100", "2018-12-31": "377.49200", "2017-12-31": "338.91000", "2016-12-31": "18.71900", "2015-12-31": "10.75600", "2014-12-31": "13.28600", "2013-12-31": "16.45200", "2012-12-31": "22.27500", "2011-12-31": "16.16400", "2010-12-31": "17.58900", "2009-12-31": "1.81500", "2008-12-31": "3.08300", "2007-12-31": "46.14200", "2006-12-31": "5.69400", "2005-12-31": "37.04100"}, "Total Long Term Liabilities": {"2019-12-31": "3311.95300", "2018-12-31": "2663.10000", "2017-12-31": "2482.91000", "2016-12-31": "429.00500", "2015-12-31": "284.26900", "2014-12-31": "196.49200", "2013-12-31": "133.77200", "2012-12-31": "148.89400", "2011-12-31": "108.92700", "2010-12-31": "117.73400", "2009-12-31": "119.56800", "2008-12-31": "322.44900", "2007-12-31": "375.65400", "2006-12-31": "563.81300", "2005-12-31": "638.82600"}, "Total Liabilities": {"2019-12-31": "6361.89600", "2018-12-31": "4974.67100", "2017-12-31": "5058.76600", "2016-12-31": "4491.35000", "2015-12-31": "2752.22800", "2014-12-31": "3040.79200", "2013-12-31": "2528.98100", "2012-12-31": "2313.93400", "2011-12-31": "1568.74500", "2010-12-31": "1538.94400", "2009-12-31": "1058.34600", "2008-12-31": "1317.19300", "2007-12-31": "1580.81700", "2006-12-31": "1367.88800", "2005-12-31": "1345.68200"}, "Common Stock Net": {"2019-12-31": "0.47700", "2018-12-31": "0.47500", "2017-12-31": "0.47300", "2016-12-31": "0.47200", "2015-12-31": "0.43100", "2014-12-31": "0.43000", "2013-12-31": "0.42900", "2012-12-31": "0.42600", "2011-12-31": "0.42300", "2010-12-31": "0.41900", "2009-12-31": "0.41200", "2008-12-31": "0.41000", "2007-12-31": "0.40800", "2006-12-31": "0.40400", "2005-12-31": "0.40200"}, "Retained Earnings (Accumulated Deficit)": {"2019-12-31": "1539.20100", "2018-12-31": "1481.59300", "2017-12-31": "1312.66000", "2016-12-31": "1244.27100", "2015-12-31": "1183.63400", "2014-12-31": "1081.73000", "2013-12-31": "879.51900", "2012-12-31": "730.31100", "2011-12-31": "633.38900", "2010-12-31": "499.76700", "2009-12-31": "412.13800", "2008-12-31": "272.47900", "2007-12-31": "144.83900", "2006-12-31": "93.26200", "2005-12-31": "18.65300"}, "Comprehensive Income": {"2019-12-31": "-115.44900", "2018-12-31": "-117.29100", "2017-12-31": "-89.23000", "2016-12-31": "-122.83900", "2015-12-31": "-103.45100", "2014-12-31": "-50.58100", "2013-12-31": "-15.49500", "2012-12-31": "37.37900", "2011-12-31": "30.58800", "2010-12-31": "27.60500", "2009-12-31": "-0.28700", "2008-12-31": "-1.84400", "2007-12-31": "-1.45100", "2006-12-31": "0.13600", "2005-12-31": "0.66400"}, "Other Share Holders Equity": {"2019-12-31": "", "2018-12-31": "", "2017-12-31": "", "2016-12-31": "", "2015-12-31": "", "2014-12-31": "", "2013-12-31": "", "2012-12-31": "", "2011-12-31": "", "2010-12-31": "", "2009-12-31": "", "2008-12-31": "", "2007-12-31": "", "2006-12-31": "", "2005-12-31": ""}, "Share Holder Equity": {"2019-12-31": "1936.52200", "2018-12-31": "1795.92400", "2017-12-31": "1630.10000", "2016-12-31": "1505.74700", "2015-12-31": "1095.68100", "2014-12-31": "1077.72100", "2013-12-31": "903.29700", "2012-12-31": "817.93100", "2011-12-31": "709.31500", "2010-12-31": "559.00700", "2009-12-31": "441.31600", "2008-12-31": "294.66200", "2007-12-31": "204.25900", "2006-12-31": "183.12700", "2005-12-31": "102.61300"}, "Total Liabilities And Share Holders Equity": {"2019-12-31": "8298.41800", "2018-12-31": "6770.59500", "2017-12-31": "6688.86600", "2016-12-31": "5997.09700", "2015-12-31": "3847.90900", "2014-12-31": "4118.51300", "2013-12-31": "3432.27800", "2012-12-31": "3131.86500", "2011-12-31": "2278.06000", "2010-12-31": "2097.95100", "2009-12-31": "1499.66200", "2008-12-31": "1611.85500", "2007-12-31": "1785.07600", "2006-12-31": "1551.01500", "2005-12-31": "1448.29500"}}, "balance sheet, quarterly": {"Cash On Hand": {"2020-09-30": "1715.23700", "2020-06-30": "1449.69300", "2020-03-31": "1026.39300", "2019-12-31": "981.38100", "2019-09-30": "671.19490", "2019-06-30": "900.18700", "2019-03-31": "526.07800", "2018-12-31": "555.03100", "2018-09-30": "556.05700", "2018-06-30": "335.79300", "2018-03-31": "399.88500", "2017-12-31": "522.38500", "2017-09-30": "274.70200", "2017-06-30": "242.65400", "2017-03-31": "227.40800", "2016-12-31": "214.45500", "2016-09-30": "561.31000", "2016-06-30": "342.25200", "2016-03-31": "534.50000", "2015-12-31": "303.55800", "2015-09-30": "565.78100", "2015-06-30": "219.67200", "2015-03-31": "561.65200", "2014-12-31": "344.67200", "2014-09-30": "602.22800", "2014-06-30": "337.83100", "2014-03-31": "370.83000", "2013-12-31": "377.44900", "2013-09-30": "407.86700", "2013-06-30": "318.53200", "2013-03-31": "365.50800", "2012-12-31": "214.01200", "2012-09-30": "451.95400", "2012-06-30": "235.61700", "2012-03-31": "47.19400", "2011-12-31": "43.24500", "2011-09-30": "62.00600", "2011-06-30": "67.51500", "2011-03-31": "46.57400", "2010-12-31": "27.24700", "2010-09-30": "35.40100", "2010-06-30": "28.71200", "2010-03-31": "25.38200", "2009-12-31": "56.05200", "2009-09-30": "46.99100", "2009-06-30": "55.70400", "2009-03-31": "78.01700", "2008-12-31": "244.94400", "2008-09-30": "71.16900", "2008-06-30": "57.71000", "2008-03-31": "66.41600", "2007-12-31": "52.51300", "2007-09-30": "54.18600", "2007-06-30": "40.38000", "2007-03-31": "27.87400", "2006-12-31": "43.08300", "2006-09-30": "31.22800", "2006-06-30": "22.58700", "2006-03-31": "25.29300", "2005-12-31": "65.87200", "2005-09-30": "31.22300", "2005-06-30": "27.54800", "2005-03-31": "21.26100"}, "Receivables": {"2020-09-30": "2249.26300", "2020-06-30": "2032.35900", "2020-03-31": "2191.31900", "2019-12-31": "2773.30000", "2019-09-30": "3300.40600", "2019-06-30": "3333.38500", "2019-03-31": "2965.99300", "2018-12-31": "2694.07400", "2018-09-30": "3266.77900", "2018-06-30": "3255.62800", "2018-03-31": "2940.72600", "2017-12-31": "2606.14200", "2017-09-30": "2759.12000", "2017-06-30": "2586.01700", "2017-03-31": "2357.79200", "2016-12-31": "2162.88300", "2016-09-30": "2161.61600", "2016-06-30": "1984.99100", "2016-03-31": "1660.26200", "2015-12-31": "1596.32900", "2015-09-30": "1883.43700", "2015-06-30": "2076.40000", "2015-03-31": "1814.19400", "2014-12-31": "1872.39700", "2014-09-30": "2033.97400", "2014-06-30": "2205.68900", "2014-03-31": "1980.60900", "2013-12-31": "1712.06100", "2013-09-30": "1913.61400", "2013-06-30": "1831.89200", "2013-03-31": "1781.44400", "2012-12-31": "1556.27500", "2012-09-30": "1630.69900", "2012-06-30": "1532.42100", "2012-03-31": "1555.74900", "2011-12-31": "1331.67000", "2011-09-30": "1519.58900", "2011-06-30": "1557.41300", "2011-03-31": "1418.62300", "2010-12-31": "1160.48200", "2010-09-30": "1146.60700", "2010-06-30": "1026.42700", "2010-03-31": "948.97000", "2009-12-31": "844.15200", "2009-09-30": "911.45500", "2009-06-30": "907.52900", "2009-03-31": "700.77800", "2008-12-31": "710.12800", "2008-09-30": "1373.58000", "2008-06-30": "1582.93900", "2008-03-31": "1250.46200", "2007-12-31": "1073.59300", "2007-09-30": "1064.85700", "2007-06-30": "1134.26600", "2007-03-31": "911.78500", "2006-12-31": "802.16500", "2006-09-30": "839.29300", "2006-06-30": "890.85700", "2006-03-31": "726.82600", "2005-12-31": "655.43200", "2005-09-30": "802.71900", "2005-06-30": "606.86300", "2005-03-31": "517.35100"}, "Inventory": {"2020-09-30": "", "2020-06-30": "", "2020-03-31": "", "2019-12-31": "", "2019-09-30": "", "2019-06-30": "", "2019-03-31": "", "2018-12-31": "", "2018-09-30": "", "2018-06-30": "", "2018-03-31": "", "2017-12-31": "", "2017-09-30": "", "2017-06-30": "", "2017-03-31": "", "2016-12-31": "", "2016-09-30": "", "2016-06-30": "", "2016-03-31": "", "2015-12-31": "", "2015-09-30": "", "2015-06-30": "", "2015-03-31": "", "2014-12-31": "", "2014-09-30": "", "2014-06-30": "", "2014-03-31": "", "2013-12-31": "", "2013-09-30": "", "2013-06-30": "", "2013-03-31": "", "2012-12-31": "", "2012-09-30": "", "2012-06-30": "", "2012-03-31": "", "2011-12-31": "", "2011-09-30": "", "2011-06-30": "", "2011-03-31": "", "2010-12-31": "", "2010-09-30": "", "2010-06-30": "", "2010-03-31": "", "2009-12-31": "", "2009-09-30": "", "2009-06-30": "", "2009-03-31": "", "2008-12-31": "", "2008-09-30": "", "2008-06-30": "", "2008-03-31": "", "2007-12-31": "", "2007-09-30": "", "2007-06-30": "", "2007-03-31": "", "2006-12-31": "", "2006-09-30": "", "2006-06-30": "", "2006-03-31": "", "2005-12-31": "", "2005-09-30": "", "2005-06-30": "", "2005-03-31": ""}, "Pre-Paid Expenses": {"2020-09-30": "66.58900", "2020-06-30": "78.79300", "2020-03-31": "93.98000", "2019-12-31": "87.69400", "2019-09-30": "82.85700", "2019-06-30": "74.16300", "2019-03-31": "153.09300", "2018-12-31": "149.02100", "2018-09-30": "85.84200", "2018-06-30": "79.83800", "2018-03-31": "80.59800", "2017-12-31": "77.53200", "2017-09-30": "", "2017-06-30": "", "2017-03-31": "", "2016-12-31": "", "2016-09-30": "", "2016-06-30": "", "2016-03-31": "", "2015-12-31": "", "2015-09-30": "", "2015-06-30": "", "2015-03-31": "", "2014-12-31": "", "2014-09-30": "", "2014-06-30": "", "2014-03-31": "", "2013-12-31": "", "2013-09-30": "", "2013-06-30": "", "2013-03-31": "", "2012-12-31": "", "2012-09-30": "", "2012-06-30": "", "2012-03-31": "", "2011-12-31": "", "2011-09-30": "", "2011-06-30": "", "2011-03-31": "", "2010-12-31": "", "2010-09-30": "", "2010-06-30": "", "2010-03-31": "", "2009-12-31": "", "2009-09-30": "", "2009-06-30": "", "2009-03-31": "", "2008-12-31": "", "2008-09-30": "", "2008-06-30": "", "2008-03-31": "", "2007-12-31": "", "2007-09-30": "", "2007-06-30": "", "2007-03-31": "", "2006-12-31": "", "2006-09-30": "", "2006-06-30": "", "2006-03-31": "", "2005-12-31": "", "2005-09-30": "", "2005-06-30": "", "2005-03-31": ""}, "Other Current Assets": {"2020-09-30": "", "2020-06-30": "", "2020-03-31": "", "2019-12-31": "", "2019-09-30": "", "2019-06-30": "", "2019-03-31": "", "2018-12-31": "", "2018-09-30": "", "2018-06-30": "", "2018-03-31": "", "2017-12-31": "", "2017-09-30": "", "2017-06-30": "", "2017-03-31": "", "2016-12-31": "", "2016-09-30": "", "2016-06-30": "", "2016-03-31": "", "2015-12-31": "", "2015-09-30": "", "2015-06-30": "", "2015-03-31": "", "2014-12-31": "", "2014-09-30": "", "2014-06-30": "", "2014-03-31": "", "2013-12-31": "", "2013-09-30": "", "2013-06-30": "", "2013-03-31": "", "2012-12-31": "", "2012-09-30": "", "2012-06-30": "", "2012-03-31": "", "2011-12-31": "", "2011-09-30": "", "2011-06-30": "", "2011-03-31": "", "2010-12-31": "", "2010-09-30": "", "2010-06-30": "", "2010-03-31": "", "2009-12-31": "", "2009-09-30": "", "2009-06-30": "", "2009-03-31": "", "2008-12-31": "", "2008-09-30": "", "2008-06-30": "", "2008-03-31": "", "2007-12-31": "", "2007-09-30": "", "2007-06-30": "", "2007-03-31": "", "2006-12-31": "", "2006-09-30": "", "2006-06-30": "", "2006-03-31": "", "2005-12-31": "", "2005-09-30": "", "2005-06-30": "", "2005-03-31": ""}, "Total Current Assets": {"2020-09-30": "4031.08900", "2020-06-30": "3560.84500", "2020-03-31": "3311.69200", "2019-12-31": "3842.37500", "2019-09-30": "4054.45800", "2019-06-30": "4307.73500", "2019-03-31": "3645.16400", "2018-12-31": "3398.12600", "2018-09-30": "3908.67800", "2018-06-30": "3671.25900", "2018-03-31": "3421.20900", "2017-12-31": "3206.05900", "2017-09-30": "3033.82200", "2017-06-30": "2828.67100", "2017-03-31": "2585.20000", "2016-12-31": "2377.33800", "2016-09-30": "2722.92600", "2016-06-30": "2327.24300", "2016-03-31": "2194.76200", "2015-12-31": "1899.88700", "2015-09-30": "2449.21800", "2015-06-30": "2296.07200", "2015-03-31": "2375.84600", "2014-12-31": "2217.06900", "2014-09-30": "2636.20200", "2014-06-30": "2543.52000", "2014-03-31": "2351.43900", "2013-12-31": "2089.51000", "2013-09-30": "2321.48100", "2013-06-30": "2150.42400", "2013-03-31": "2146.95200", "2012-12-31": "1770.28700", "2012-09-30": "2082.65300", "2012-06-30": "1768.03800", "2012-03-31": "1602.94300", "2011-12-31": "1374.91500", "2011-09-30": "1581.59500", "2011-06-30": "1624.92800", "2011-03-31": "1465.19700", "2010-12-31": "1187.72900", "2010-09-30": "1182.00800", "2010-06-30": "1055.13900", "2010-03-31": "974.35200", "2009-12-31": "900.20400", "2009-09-30": "958.44600", "2009-06-30": "963.23300", "2009-03-31": "778.79490", "2008-12-31": "955.07200", "2008-09-30": "1444.74900", "2008-06-30": "1640.64900", "2008-03-31": "1316.87800", "2007-12-31": "1126.10600", "2007-09-30": "1119.04300", "2007-06-30": "1174.64600", "2007-03-31": "939.65900", "2006-12-31": "845.24800", "2006-09-30": "870.52110", "2006-06-30": "913.44400", "2006-03-31": "752.11900", "2005-12-31": "721.30400", "2005-09-30": "833.94200", "2005-06-30": "634.41090", "2005-03-31": "538.61200"}, "Property, Plant, And Equipment": {"2020-09-30": "193.16500", "2020-06-30": "205.18900", "2020-03-31": "207.92800", "2019-12-31": "212.47500", "2019-09-30": "207.64700", "2019-06-30": "196.91400", "2019-03-31": "196.97700", "2018-12-31": "187.86800", "2018-09-30": "166.99900", "2018-06-30": "161.70800", "2018-03-31": "162.96800", "2017-12-31": "163.90800", "2017-09-30": "185.35000", "2017-06-30": "177.39900", "2017-03-31": "171.25400", "2016-12-31": "167.27800", "2016-09-30": "162.47300", "2016-06-30": "150.27600", "2016-03-31": "146.51100", "2015-12-31": "138.58500", "2015-09-30": "124.63200", "2015-06-30": "114.72900", "2015-03-31": "108.16600", "2014-12-31": "105.59600", "2014-09-30": "96.05700", "2014-06-30": "81.50700", "2014-03-31": "76.92000", "2013-12-31": "72.27500", "2013-09-30": "70.09700", "2013-06-30": "59.05400", "2013-03-31": "59.43400", "2012-12-31": "60.09700", "2012-09-30": "65.74100", "2012-06-30": "65.28100", "2012-03-31": "60.97300", "2011-12-31": "62.07800", "2011-09-30": "62.60600", "2011-06-30": "61.83500", "2011-03-31": "61.23000", "2010-12-31": "60.78500", "2010-09-30": "54.89200", "2010-06-30": "49.38200", "2010-03-31": "47.15500", "2009-12-31": "44.99100", "2009-09-30": "45.38500", "2009-06-30": "45.26100", "2009-03-31": "44.77100", "2008-12-31": "44.86400", "2008-09-30": "46.64300", "2008-06-30": "46.81200", "2008-03-31": "46.17500", "2007-12-31": "45.53700", "2007-09-30": "45.16500", "2007-06-30": "44.82300", "2007-03-31": "43.50600", "2006-12-31": "39.97000", "2006-09-30": "39.29900", "2006-06-30": "39.54800", "2006-03-31": "38.67900", "2005-12-31": "38.54300", "2005-09-30": "38.20700", "2005-06-30": "37.95700", "2005-03-31": "38.22400"}, "Long-Term Investments": {"2020-09-30": "31.25900", "2020-06-30": "31.22400", "2020-03-31": "30.90200", "2019-12-31": "30.46000", "2019-09-30": "30.45800", "2019-06-30": "30.16700", "2019-03-31": "24.77200", "2018-12-31": "24.40600", "2018-09-30": "24.08800", "2018-06-30": "22.97000", "2018-03-31": "23.04900", "2017-12-31": "23.35800", "2017-09-30": "", "2017-06-30": "", "2017-03-31": "", "2016-12-31": "", "2016-09-30": "", "2016-06-30": "", "2016-03-31": "", "2015-12-31": "", "2015-09-30": "", "2015-06-30": "", "2015-03-31": "", "2014-12-31": "", "2014-09-30": "", "2014-06-30": "", "2014-03-31": "", "2013-12-31": "", "2013-09-30": "", "2013-06-30": "", "2013-03-31": "", "2012-12-31": "", "2012-09-30": "", "2012-06-30": "", "2012-03-31": "", "2011-12-31": "", "2011-09-30": "", "2011-06-30": "", "2011-03-31": "", "2010-12-31": "", "2010-09-30": "", "2010-06-30": "", "2010-03-31": "", "2009-12-31": "", "2009-09-30": "", "2009-06-30": "", "2009-03-31": "", "2008-12-31": "", "2008-09-30": "", "2008-06-30": "", "2008-03-31": "", "2007-12-31": "", "2007-09-30": "", "2007-06-30": "", "2007-03-31": "", "2006-12-31": "", "2006-09-30": "", "2006-06-30": "", "2006-03-31": "", "2005-12-31": "", "2005-09-30": "", "2005-06-30": "", "2005-03-31": ""}, "Goodwill And Intangible Assets": {"2020-09-30": "3875.84300", "2020-06-30": "3921.45000", "2020-03-31": "3946.89400", "2019-12-31": "4016.25100", "2019-09-30": "4051.61700", "2019-06-30": "3840.30200", "2019-03-31": "3713.38900", "2018-12-31": "2866.32300", "2018-09-30": "2908.02500", "2018-06-30": "2946.90500", "2018-03-31": "2996.69000", "2017-12-31": "3030.17900", "2017-09-30": "2969.43600", "2017-06-30": "3000.28500", "2017-03-31": "3069.51400", "2016-12-31": "3103.90900", "2016-09-30": "3134.78700", "2016-06-30": "1567.73300", "2016-03-31": "1585.07300", "2015-12-31": "1583.59000", "2015-09-30": "1511.48200", "2015-06-30": "1550.99800", "2015-03-31": "1557.57500", "2014-12-31": "1614.57800", "2014-09-30": "1567.09300", "2014-06-30": "1029.14000", "2014-03-31": "1030.56000", "2013-12-31": "1026.63600", "2013-09-30": "1033.38100", "2013-06-30": "1031.75000", "2013-03-31": "1077.77400", "2012-12-31": "1089.93600", "2012-09-30": "716.40100", "2012-06-30": "678.70900", "2012-03-31": "660.39800", "2011-12-31": "659.16000", "2011-09-30": "650.21000", "2011-06-30": "680.04700", "2011-03-31": "678.25800", "2010-12-31": "661.78200", "2010-09-30": "652.68300", "2010-06-30": "346.99400", "2010-03-31": "348.53000", "2009-12-31": "350.04200", "2009-09-30": "351.34500", "2009-06-30": "352.48300", "2009-03-31": "353.87200", "2008-12-31": "355.15200", "2008-09-30": "356.57500", "2008-06-30": "347.94300", "2008-03-31": "349.09500", "2007-12-31": "315.29700", "2007-09-30": "315.60000", "2007-06-30": "275.28200", "2007-03-31": "275.28200", "2006-12-31": "275.28200", "2006-09-30": "275.28200", "2006-06-30": "137.46800", "2006-03-31": "137.46800", "2005-12-31": "275.28200", "2005-09-30": "135.04700", "2005-06-30": "135.04700", "2005-03-31": "135.04700"}, "Other Long-Term Assets": {"2020-09-30": "174.04200", "2020-06-30": "179.24200", "2020-03-31": "184.40400", "2019-12-31": "184.02400", "2019-09-30": "184.41300", "2019-06-30": "186.34000", "2019-03-31": "363.84900", "2018-12-31": "284.22900", "2018-09-30": "143.34200", "2018-06-30": "142.72500", "2018-03-31": "144.79000", "2017-12-31": "257.64100", "2017-09-30": "344.05800", "2017-06-30": "329.25000", "2017-03-31": "342.75200", "2016-12-31": "341.63800", "2016-09-30": "270.14200", "2016-06-30": "209.65100", "2016-03-31": "208.26300", "2015-12-31": "215.54400", "2015-09-30": "253.49700", "2015-06-30": "206.55900", "2015-03-31": "201.12000", "2014-12-31": "175.50600", "2014-09-30": "276.43400", "2014-06-30": "159.64300", "2014-03-31": "163.21400", "2013-12-31": "154.89200", "2013-09-30": "139.80500", "2013-06-30": "109.27500", "2013-03-31": "105.08500", "2012-12-31": "90.53800", "2012-09-30": "93.21300", "2012-06-30": "90.56200", "2012-03-31": "48.06300", "2011-12-31": "38.38300", "2011-09-30": "35.49900", "2011-06-30": "37.15400", "2011-03-31": "28.87900", "2010-12-31": "26.49900", "2010-09-30": "27.63900", "2010-06-30": "19.33800", "2010-03-31": "18.16900", "2009-12-31": "20.82300", "2009-09-30": "17.86900", "2009-06-30": "18.68500", "2009-03-31": "18.74400", "2008-12-31": "16.81000", "2008-09-30": "19.83100", "2008-06-30": "18.79900", "2008-03-31": "15.22200", "2007-12-31": "15.04400", "2007-09-30": "15.63000", "2007-06-30": "18.38500", "2007-03-31": "13.66300", "2006-12-31": "13.23900", "2006-09-30": "15.23200", "2006-06-30": "11.55900", "2006-03-31": "13.10600", "2005-12-31": "10.08800", "2005-09-30": "32.43100", "2005-06-30": "30.78600", "2005-03-31": "31.07500"}, "Total Long-Term Assets": {"2020-09-30": "4282.82300", "2020-06-30": "4345.89500", "2020-03-31": "4386.46300", "2019-12-31": "4456.04300", "2019-09-30": "4486.84800", "2019-06-30": "4265.41400", "2019-03-31": "4310.07800", "2018-12-31": "3372.46900", "2018-09-30": "3251.06400", "2018-06-30": "3280.71800", "2018-03-31": "3334.41100", "2017-12-31": "3482.80700", "2017-09-30": "3507.30600", "2017-06-30": "3515.08000", "2017-03-31": "3590.56200", "2016-12-31": "3619.75900", "2016-09-30": "3610.76400", "2016-06-30": "1935.17800", "2016-03-31": "1949.01500", "2015-12-31": "1948.02200", "2015-09-30": "1899.28600", "2015-06-30": "1883.70100", "2015-03-31": "1877.13100", "2014-12-31": "1901.44400", "2014-09-30": "1943.36000", "2014-06-30": "1343.13200", "2014-03-31": "1348.97900", "2013-12-31": "1342.76800", "2013-09-30": "1335.97600", "2013-06-30": "1298.50300", "2013-03-31": "1333.43600", "2012-12-31": "1361.57800", "2012-09-30": "979.78000", "2012-06-30": "947.60000", "2012-03-31": "911.09800", "2011-12-31": "903.14500", "2011-09-30": "892.48500", "2011-06-30": "938.28100", "2011-03-31": "931.92900", "2010-12-31": "910.22200", "2010-09-30": "895.67610", "2010-06-30": "583.88000", "2010-03-31": "590.43300", "2009-12-31": "599.45800", "2009-09-30": "597.41500", "2009-06-30": "604.38600", "2009-03-31": "655.87500", "2008-12-31": "656.78300", "2008-09-30": "700.36100", "2008-06-30": "714.84500", "2008-03-31": "689.48900", "2007-12-31": "658.97000", "2007-09-30": "736.56100", "2007-06-30": "704.44600", "2007-03-31": "704.10500", "2006-12-31": "705.76700", "2006-09-30": "713.70200", "2006-06-30": "695.25310", "2006-03-31": "696.67000", "2005-12-31": "726.99100", "2005-09-30": "701.18200", "2005-06-30": "693.16700", "2005-03-31": "699.45700"}, "Total Assets": {"2020-09-30": "8313.91200", "2020-06-30": "7906.73900", "2020-03-31": "7698.15500", "2019-12-31": "8298.41800", "2019-09-30": "8541.30600", "2019-06-30": "8573.14900", "2019-03-31": "7955.24200", "2018-12-31": "6770.59500", "2018-09-30": "7159.74200", "2018-06-30": "6951.97700", "2018-03-31": "6755.62000", "2017-12-31": "6688.86600", "2017-09-30": "6541.12800", "2017-06-30": "6343.75100", "2017-03-31": "6175.76200", "2016-12-31": "5997.09700", "2016-09-30": "6333.69000", "2016-06-30": "4262.42100", "2016-03-31": "4143.77700", "2015-12-31": "3847.90900", "2015-09-30": "4348.50400", "2015-06-30": "4179.77300", "2015-03-31": "4252.97700", "2014-12-31": "4118.51300", "2014-09-30": "4579.56200", "2014-06-30": "3886.65200", "2014-03-31": "3700.41800", "2013-12-31": "3432.27800", "2013-09-30": "3657.45700", "2013-06-30": "3448.92700", "2013-03-31": "3480.38800", "2012-12-31": "3131.86500", "2012-09-30": "3062.43300", "2012-06-30": "2715.63800", "2012-03-31": "2514.04100", "2011-12-31": "2278.06000", "2011-09-30": "2474.08000", "2011-06-30": "2563.20900", "2011-03-31": "2397.12600", "2010-12-31": "2097.95100", "2010-09-30": "2077.68400", "2010-06-30": "1639.01900", "2010-03-31": "1564.78500", "2009-12-31": "1499.66200", "2009-09-30": "1555.86100", "2009-06-30": "1567.61900", "2009-03-31": "1434.67000", "2008-12-31": "1611.85500", "2008-09-30": "2145.11000", "2008-06-30": "2355.49400", "2008-03-31": "2006.36700", "2007-12-31": "1785.07600", "2007-09-30": "1855.60400", "2007-06-30": "1879.09200", "2007-03-31": "1643.76400", "2006-12-31": "1551.01500", "2006-09-30": "1584.22300", "2006-06-30": "1608.69700", "2006-03-31": "1448.78900", "2005-12-31": "1448.29500", "2005-09-30": "1535.12400", "2005-06-30": "1327.57800", "2005-03-31": "1238.06900"}, "Total Current Liabilities": {"2020-09-30": "2672.40900", "2020-06-30": "2589.62200", "2020-03-31": "2485.71900", "2019-12-31": "3049.94300", "2019-09-30": "3113.31400", "2019-06-30": "3037.05400", "2019-03-31": "2616.42800", "2018-12-31": "2311.57100", "2018-09-30": "2612.46500", "2018-06-30": "2549.31200", "2018-03-31": "2356.88900", "2017-12-31": "2575.85600", "2017-09-30": "4411.27700", "2017-06-30": "4317.19600", "2017-03-31": "4196.95500", "2016-12-31": "4062.34500", "2016-09-30": "4385.01600", "2016-06-30": "2829.51500", "2016-03-31": "2724.80600", "2015-12-31": "2467.95900", "2015-09-30": "3011.26300", "2015-06-30": "2802.08600", "2015-03-31": "2994.55700", "2014-12-31": "2844.30000", "2014-09-30": "3340.19200", "2014-06-30": "2742.96800", "2014-03-31": "2627.04100", "2013-12-31": "2395.20900", "2013-09-30": "2647.85500", "2013-06-30": "2484.50600", "2013-03-31": "2514.48400", "2012-12-31": "2165.04000", "2012-09-30": "2152.49900", "2012-06-30": "1864.27800", "2012-03-31": "1646.48700", "2011-12-31": "1459.81800", "2011-09-30": "1713.09500", "2011-06-30": "1804.05900", "2011-03-31": "1673.82400", "2010-12-31": "1421.21000", "2010-09-30": "1444.26100", "2010-06-30": "1040.31700", "2010-03-31": "979.66600", "2009-12-31": "938.77800", "2009-09-30": "1005.53100", "2009-06-30": "1036.89900", "2009-03-31": "806.59900", "2008-12-31": "994.74400", "2008-09-30": "1541.85100", "2008-06-30": "1746.21300", "2008-03-31": "1439.32700", "2007-12-31": "1205.16300", "2007-09-30": "1213.22700", "2007-06-30": "1244.71600", "2007-03-31": "899.28110", "2006-12-31": "804.07500", "2006-09-30": "838.57300", "2006-06-30": "887.51400", "2006-03-31": "726.19490", "2005-12-31": "706.85600", "2005-09-30": "843.78500", "2005-06-30": "651.05900", "2005-03-31": "549.51900"}, "Long Term Debt": {"2020-09-30": "2879.47400", "2020-06-30": "2653.88700", "2020-03-31": "2672.33500", "2019-12-31": "2686.51300", "2019-09-30": "2700.64900", "2019-06-30": "2764.80000", "2019-03-31": "2809.36100", "2018-12-31": "2133.92300", "2018-09-30": "2140.87500", "2018-06-30": "2125.10900", "2018-03-31": "2132.28300", "2017-12-31": "2027.75200", "2017-09-30": "327.11400", "2017-06-30": "294.99100", "2017-03-31": "247.67700", "2016-12-31": "257.38000", "2016-09-30": "241.60700", "2016-06-30": "187.64900", "2016-03-31": "183.15100", "2015-12-31": "189.60100", "2015-09-30": "188.96200", "2015-06-30": "205.13800", "2015-03-31": "120.79700", "2014-12-31": "122.61200", "2014-09-30": "126.67400", "2014-06-30": "103.14400", "2014-03-31": "77.78500", "2013-12-31": "85.06300", "2013-09-30": "79.70500", "2013-06-30": "82.49100", "2013-03-31": "86.89400", "2012-12-31": "86.55000", "2012-09-30": "86.51800", "2012-06-30": "88.62800", "2012-03-31": "92.76300", "2011-12-31": "92.76300", "2011-09-30": "94.95800", "2011-06-30": "96.10500", "2011-03-31": "100.14500", "2010-12-31": "100.14500", "2010-09-30": "102.19400", "2010-06-30": "103.84800", "2010-03-31": "107.75300", "2009-12-31": "107.75300", "2009-09-30": "110.46000", "2009-06-30": "112.35400", "2009-03-31": "309.93600", "2008-12-31": "309.36600", "2008-09-30": "315.01000", "2008-06-30": "310.40500", "2008-03-31": "319.51200", "2007-12-31": "319.51200", "2007-09-30": "401.16000", "2007-06-30": "407.31500", "2007-03-31": "535.85800", "2006-12-31": "548.11900", "2006-09-30": "558.91900", "2006-06-30": "566.19600", "2006-03-31": "586.49000", "2005-12-31": "591.78500", "2005-09-30": "581.84800", "2005-06-30": "591.70600", "2005-03-31": "612.53900"}, "Other Non-Current Liabilities": {"2020-09-30": "346.25100", "2020-06-30": "392.96400", "2020-03-31": "291.03200", "2019-12-31": "249.82100", "2019-09-30": "523.47800", "2019-06-30": "610.38000", "2019-03-31": "409.29800", "2018-12-31": "377.49200", "2018-09-30": "416.66700", "2018-06-30": "355.29400", "2018-03-31": "363.81700", "2017-12-31": "338.91000", "2017-09-30": "20.17800", "2017-06-30": "17.32900", "2017-03-31": "18.44700", "2016-12-31": "18.71900", "2016-09-30": "14.41100", "2016-06-30": "13.14600", "2016-03-31": "10.03400", "2015-12-31": "10.75600", "2015-09-30": "10.79300", "2015-06-30": "10.83700", "2015-03-31": "12.51600", "2014-12-31": "13.28600", "2014-09-30": "14.33700", "2014-06-30": "18.94500", "2014-03-31": "25.90500", "2013-12-31": "16.45200", "2013-09-30": "16.80500", "2013-06-30": "19.72800", "2013-03-31": "30.21200", "2012-12-31": "22.27500", "2012-09-30": "17.26600", "2012-06-30": "5.79300", "2012-03-31": "29.84700", "2011-12-31": "16.16400", "2011-09-30": "5.74200", "2011-06-30": "24.07600", "2011-03-31": "38.26300", "2010-12-31": "17.58900", "2010-09-30": "8.79000", "2010-06-30": "1.76700", "2010-03-31": "5.59900", "2009-12-31": "1.81500", "2009-09-30": "1.69600", "2009-06-30": "1.46400", "2009-03-31": "1.35500", "2008-12-31": "3.08300", "2008-09-30": "40.14800", "2008-06-30": "122.73900", "2008-03-31": "48.76300", "2007-12-31": "46.14200", "2007-09-30": "23.30300", "2007-06-30": "23.45600", "2007-03-31": "19.74800", "2006-12-31": "5.69400", "2006-09-30": "15.68100", "2006-06-30": "46.76100", "2006-03-31": "39.34000", "2005-12-31": "37.04100", "2005-09-30": "57.98600", "2005-06-30": "28.22500", "2005-03-31": "34.85600"}, "Total Long Term Liabilities": {"2020-09-30": "3544.50000", "2020-06-30": "3329.23800", "2020-03-31": "3335.46200", "2019-12-31": "3311.95300", "2019-09-30": "3576.02200", "2019-06-30": "3692.53200", "2019-03-31": "3521.92600", "2018-12-31": "2663.10000", "2018-09-30": "2698.02000", "2018-06-30": "2610.66900", "2018-03-31": "2628.54200", "2017-12-31": "2482.91000", "2017-09-30": "496.89700", "2017-06-30": "446.91400", "2017-03-31": "429.58900", "2016-12-31": "429.00500", "2016-09-30": "430.46900", "2016-06-30": "296.15500", "2016-03-31": "287.64800", "2015-12-31": "284.26900", "2015-09-30": "270.32000", "2015-06-30": "289.73300", "2015-03-31": "208.19500", "2014-12-31": "196.49200", "2014-09-30": "183.60100", "2014-06-30": "154.75000", "2014-03-31": "136.47200", "2013-12-31": "133.77200", "2013-09-30": "127.73600", "2013-06-30": "136.87200", "2013-03-31": "138.96100", "2012-12-31": "148.89400", "2012-09-30": "125.89700", "2012-06-30": "94.42100", "2012-03-31": "122.61000", "2011-12-31": "108.92700", "2011-09-30": "100.70000", "2011-06-30": "120.18100", "2011-03-31": "138.40800", "2010-12-31": "117.73400", "2010-09-30": "110.98400", "2010-06-30": "105.61500", "2010-03-31": "113.35200", "2009-12-31": "119.56800", "2009-09-30": "122.15600", "2009-06-30": "123.81800", "2009-03-31": "321.29100", "2008-12-31": "322.44900", "2008-09-30": "365.15800", "2008-06-30": "443.14400", "2008-03-31": "378.27500", "2007-12-31": "375.65400", "2007-09-30": "434.46300", "2007-06-30": "440.77100", "2007-03-31": "565.60600", "2006-12-31": "563.81300", "2006-09-30": "584.60000", "2006-06-30": "622.95700", "2006-03-31": "635.83000", "2005-12-31": "638.82600", "2005-09-30": "649.83400", "2005-06-30": "629.93100", "2005-03-31": "657.39500"}, "Total Liabilities": {"2020-09-30": "6216.90900", "2020-06-30": "5918.86000", "2020-03-31": "5821.18100", "2019-12-31": "6361.89600", "2019-09-30": "6689.33600", "2019-06-30": "6729.58600", "2019-03-31": "6138.35400", "2018-12-31": "4974.67100", "2018-09-30": "5310.48500", "2018-06-30": "5159.98100", "2018-03-31": "4985.43100", "2017-12-31": "5058.76600", "2017-09-30": "4908.17400", "2017-06-30": "4764.11000", "2017-03-31": "4626.54400", "2016-12-31": "4491.35000", "2016-09-30": "4815.48500", "2016-06-30": "3125.67000", "2016-03-31": "3012.45400", "2015-12-31": "2752.22800", "2015-09-30": "3281.58300", "2015-06-30": "3091.81900", "2015-03-31": "3202.75200", "2014-12-31": "3040.79200", "2014-09-30": "3523.79300", "2014-06-30": "2897.71800", "2014-03-31": "2763.51300", "2013-12-31": "2528.98100", "2013-09-30": "2775.59100", "2013-06-30": "2621.37800", "2013-03-31": "2653.44500", "2012-12-31": "2313.93400", "2012-09-30": "2278.39600", "2012-06-30": "1958.69900", "2012-03-31": "1769.09700", "2011-12-31": "1568.74500", "2011-09-30": "1813.79500", "2011-06-30": "1924.24000", "2011-03-31": "1812.23200", "2010-12-31": "1538.94400", "2010-09-30": "1555.24500", "2010-06-30": "1145.93200", "2010-03-31": "1093.01800", "2009-12-31": "1058.34600", "2009-09-30": "1127.68700", "2009-06-30": "1160.71700", "2009-03-31": "1127.89000", "2008-12-31": "1317.19300", "2008-09-30": "1907.00900", "2008-06-30": "2189.35700", "2008-03-31": "1817.60200", "2007-12-31": "1580.81700", "2007-09-30": "1647.69000", "2007-06-30": "1685.48700", "2007-03-31": "1464.88700", "2006-12-31": "1367.88800", "2006-09-30": "1423.17300", "2006-06-30": "1510.47100", "2006-03-31": "1362.02500", "2005-12-31": "1345.68200", "2005-09-30": "1493.61900", "2005-06-30": "1280.99000", "2005-03-31": "1206.91400"}, "Common Stock Net": {"2020-09-30": "0.48500", "2020-06-30": "0.47900", "2020-03-31": "0.47900", "2019-12-31": "0.47700", "2019-09-30": "0.47700", "2019-06-30": "0.47700", "2019-03-31": "0.47600", "2018-12-31": "0.47500", "2018-09-30": "0.47500", "2018-06-30": "0.47500", "2018-03-31": "0.47500", "2017-12-31": "0.47300", "2017-09-30": "0.47300", "2017-06-30": "0.47300", "2017-03-31": "0.47300", "2016-12-31": "0.47200", "2016-09-30": "0.47200", "2016-06-30": "0.43100", "2016-03-31": "0.43100", "2015-12-31": "0.43100", "2015-09-30": "0.43100", "2015-06-30": "0.43100", "2015-03-31": "0.43100", "2014-12-31": "0.43000", "2014-09-30": "0.43000", "2014-06-30": "0.43000", "2014-03-31": "0.43000", "2013-12-31": "0.42900", "2013-09-30": "0.42900", "2013-06-30": "0.42900", "2013-03-31": "0.42800", "2012-12-31": "0.42600", "2012-09-30": "0.42500", "2012-06-30": "0.42500", "2012-03-31": "0.42400", "2011-12-31": "0.42300", "2011-09-30": "0.42200", "2011-06-30": "0.42200", "2011-03-31": "0.42200", "2010-12-31": "0.41900", "2010-09-30": "0.41900", "2010-06-30": "0.41800", "2010-03-31": "0.41700", "2009-12-31": "0.41200", "2009-09-30": "0.41100", "2009-06-30": "0.41100", "2009-03-31": "0.41100", "2008-12-31": "0.41000", "2008-09-30": "0.40900", "2008-06-30": "0.40900", "2008-03-31": "0.40900", "2007-12-31": "0.40800", "2007-09-30": "0.40700", "2007-06-30": "0.40700", "2007-03-31": "0.40600", "2006-12-31": "0.40400", "2006-09-30": "0.40400", "2006-06-30": "0.40400", "2006-03-31": "0.40300", "2005-12-31": "0.40200", "2005-09-30": "0.40200", "2005-06-30": "0.40200", "2005-03-31": "0.40200"}, "Retained Earnings (Accumulated Deficit)": {"2020-09-30": "1521.17600", "2020-06-30": "1587.01600", "2020-03-31": "1514.35800", "2019-12-31": "1539.20100", "2019-09-30": "1484.75300", "2019-06-30": "1470.13400", "2019-03-31": "1456.32700", "2018-12-31": "1481.59300", "2018-09-30": "1550.57700", "2018-06-30": "1493.25500", "2018-03-31": "1453.95700", "2017-12-31": "1312.66000", "2017-09-30": "1324.99400", "2017-06-30": "1291.02200", "2017-03-31": "1273.93500", "2016-12-31": "1244.27100", "2016-09-30": "1238.98400", "2016-06-30": "1219.28700", "2016-03-31": "1206.72000", "2015-12-31": "1183.63400", "2015-09-30": "1162.73300", "2015-06-30": "1130.56700", "2015-03-31": "1104.07500", "2014-12-31": "1081.73000", "2014-09-30": "1033.83700", "2014-06-30": "959.39400", "2014-03-31": "916.06100", "2013-12-31": "879.51900", "2013-09-30": "845.05100", "2013-06-30": "801.21300", "2013-03-31": "759.00000", "2012-12-31": "730.31100", "2012-09-30": "701.25800", "2012-06-30": "686.96000", "2012-03-31": "656.62500", "2011-12-31": "633.38900", "2011-09-30": "600.59600", "2011-06-30": "552.49700", "2011-03-31": "511.88200", "2010-12-31": "499.76700", "2010-09-30": "481.29900", "2010-06-30": "460.72800", "2010-03-31": "430.69200", "2009-12-31": "412.13800", "2009-09-30": "400.00900", "2009-06-30": "376.64600", "2009-03-31": "283.45600", "2008-12-31": "272.47900", "2008-09-30": "207.32800", "2008-06-30": "134.98400", "2008-03-31": "159.36700", "2007-12-31": "144.83900", "2007-09-30": "142.17300", "2007-06-30": "119.92800", "2007-03-31": "101.59900", "2006-12-31": "93.26200", "2006-09-30": "74.30300", "2006-06-30": "39.85900", "2006-03-31": "30.00300", "2005-12-31": "18.65300", "2005-09-30": "-9.67400", "2005-06-30": "-3.48900", "2005-03-31": "-18.47300"}, "Comprehensive Income": {"2020-09-30": "-113.07300", "2020-06-30": "-133.26100", "2020-03-31": "-156.38400", "2019-12-31": "-115.44900", "2019-09-30": "-132.16000", "2019-06-30": "-117.24800", "2019-03-31": "-112.88200", "2018-12-31": "-117.29100", "2018-09-30": "-123.26000", "2018-06-30": "-114.07900", "2018-03-31": "-89.15000", "2017-12-31": "-89.23000", "2017-09-30": "-89.77200", "2017-06-30": "-100.56900", "2017-03-31": "-106.25800", "2016-12-31": "-122.83900", "2016-09-30": "-102.53300", "2016-06-30": "-104.02000", "2016-03-31": "-92.96900", "2015-12-31": "-103.45100", "2015-09-30": "-109.02100", "2015-06-30": "-67.52200", "2015-03-31": "-75.17300", "2014-12-31": "-50.58100", "2014-09-30": "-24.74300", "2014-06-30": "6.13700", "2014-03-31": "-1.42200", "2013-12-31": "-15.49500", "2013-09-30": "0.33700", "2013-06-30": "-7.27400", "2013-03-31": "37.45400", "2012-12-31": "37.37900", "2012-09-30": "37.95100", "2012-06-30": "28.90100", "2012-03-31": "38.63400", "2011-12-31": "30.58800", "2011-09-30": "16.59400", "2011-06-30": "46.28100", "2011-03-31": "35.34600", "2010-12-31": "27.60500", "2010-09-30": "12.95200", "2010-06-30": "-0.80800", "2010-03-31": "-0.56800", "2009-12-31": "-0.28700", "2009-09-30": "-0.13100", "2009-06-30": "-0.57300", "2009-03-31": "-1.11100", "2008-12-31": "-1.84400", "2008-09-30": "-1.14900", "2008-06-30": "-1.64800", "2008-03-31": "-2.59100", "2007-12-31": "-1.45100", "2007-09-30": "-0.73200", "2007-06-30": "-0.18500", "2007-03-31": "-0.02900", "2006-12-31": "0.13600", "2006-09-30": "0.35900", "2006-06-30": "0.59400", "2006-03-31": "0.66900", "2005-12-31": "0.66400", "2005-09-30": "0.57300", "2005-06-30": "0.00900", "2005-03-31": "-0.05300"}, "Other Share Holders Equity": {"2020-09-30": "", "2020-06-30": "", "2020-03-31": "", "2019-12-31": "", "2019-09-30": "", "2019-06-30": "", "2019-03-31": "", "2018-12-31": "", "2018-09-30": "", "2018-06-30": "", "2018-03-31": "", "2017-12-31": "", "2017-09-30": "", "2017-06-30": "", "2017-03-31": "", "2016-12-31": "", "2016-09-30": "", "2016-06-30": "", "2016-03-31": "", "2015-12-31": "", "2015-09-30": "", "2015-06-30": "", "2015-03-31": "", "2014-12-31": "", "2014-09-30": "", "2014-06-30": "", "2014-03-31": "", "2013-12-31": "", "2013-09-30": "", "2013-06-30": "", "2013-03-31": "", "2012-12-31": "", "2012-09-30": "", "2012-06-30": "", "2012-03-31": "", "2011-12-31": "", "2011-09-30": "", "2011-06-30": "", "2011-03-31": "", "2010-12-31": "", "2010-09-30": "", "2010-06-30": "", "2010-03-31": "", "2009-12-31": "", "2009-09-30": "", "2009-06-30": "", "2009-03-31": "", "2008-12-31": "", "2008-09-30": "", "2008-06-30": "", "2008-03-31": "", "2007-12-31": "", "2007-09-30": "", "2007-06-30": "", "2007-03-31": "", "2006-12-31": "", "2006-09-30": "", "2006-06-30": "", "2006-03-31": "", "2005-12-31": "", "2005-09-30": "", "2005-06-30": "", "2005-03-31": ""}, "Share Holder Equity": {"2020-09-30": "2097.00300", "2020-06-30": "1987.87900", "2020-03-31": "1876.97400", "2019-12-31": "1936.52200", "2019-09-30": "1851.97000", "2019-06-30": "1843.56300", "2019-03-31": "1816.88800", "2018-12-31": "1795.92400", "2018-09-30": "1849.25700", "2018-06-30": "1791.99600", "2018-03-31": "1770.18900", "2017-12-31": "1630.10000", "2017-09-30": "1632.95400", "2017-06-30": "1579.64100", "2017-03-31": "1549.21800", "2016-12-31": "1505.74700", "2016-09-30": "1518.20500", "2016-06-30": "1136.75100", "2016-03-31": "1131.32300", "2015-12-31": "1095.68100", "2015-09-30": "1066.92100", "2015-06-30": "1087.95400", "2015-03-31": "1050.22500", "2014-12-31": "1077.72100", "2014-09-30": "1055.76900", "2014-06-30": "988.93400", "2014-03-31": "936.90500", "2013-12-31": "903.29700", "2013-09-30": "881.86600", "2013-06-30": "827.54900", "2013-03-31": "826.94300", "2012-12-31": "817.93100", "2012-09-30": "784.03700", "2012-06-30": "756.93900", "2012-03-31": "744.94400", "2011-12-31": "709.31500", "2011-09-30": "660.28500", "2011-06-30": "638.96900", "2011-03-31": "584.89400", "2010-12-31": "559.00700", "2010-09-30": "522.43900", "2010-06-30": "493.08700", "2010-03-31": "471.76700", "2009-12-31": "441.31600", "2009-09-30": "428.17400", "2009-06-30": "406.90200", "2009-03-31": "306.78000", "2008-12-31": "294.66200", "2008-09-30": "238.10100", "2008-06-30": "166.13700", "2008-03-31": "188.76500", "2007-12-31": "204.25900", "2007-09-30": "207.91400", "2007-06-30": "193.60500", "2007-03-31": "178.87700", "2006-12-31": "183.12700", "2006-09-30": "161.05000", "2006-06-30": "98.22600", "2006-03-31": "86.76400", "2005-12-31": "102.61300", "2005-09-30": "41.50500", "2005-06-30": "46.58800", "2005-03-31": "31.15500"}, "Total Liabilities And Share Holders Equity": {"2020-09-30": "8313.91200", "2020-06-30": "7906.73900", "2020-03-31": "7698.15500", "2019-12-31": "8298.41800", "2019-09-30": "8541.30600", "2019-06-30": "8573.14900", "2019-03-31": "7955.24200", "2018-12-31": "6770.59500", "2018-09-30": "7159.74200", "2018-06-30": "6951.97700", "2018-03-31": "6755.62000", "2017-12-31": "6688.86600", "2017-09-30": "6541.12800", "2017-06-30": "6343.75100", "2017-03-31": "6175.76200", "2016-12-31": "5997.09700", "2016-09-30": "6333.69000", "2016-06-30": "4262.42100", "2016-03-31": "4143.77700", "2015-12-31": "3847.90900", "2015-09-30": "4348.50400", "2015-06-30": "4179.77300", "2015-03-31": "4252.97700", "2014-12-31": "4118.51300", "2014-09-30": "4579.56200", "2014-06-30": "3886.65200", "2014-03-31": "3700.41800", "2013-12-31": "3432.27800", "2013-09-30": "3657.45700", "2013-06-30": "3448.92700", "2013-03-31": "3480.38800", "2012-12-31": "3131.86500", "2012-09-30": "3062.43300", "2012-06-30": "2715.63800", "2012-03-31": "2514.04100", "2011-12-31": "2278.06000", "2011-09-30": "2474.08000", "2011-06-30": "2563.20900", "2011-03-31": "2397.12600", "2010-12-31": "2097.95100", "2010-09-30": "2077.68400", "2010-06-30": "1639.01900", "2010-03-31": "1564.78500", "2009-12-31": "1499.66200", "2009-09-30": "1555.86100", "2009-06-30": "1567.61900", "2009-03-31": "1434.67000", "2008-12-31": "1611.85500", "2008-09-30": "2145.11000", "2008-06-30": "2355.49400", "2008-03-31": "2006.36700", "2007-12-31": "1785.07600", "2007-09-30": "1855.60400", "2007-06-30": "1879.09200", "2007-03-31": "1643.76400", "2006-12-31": "1551.01500", "2006-09-30": "1584.22300", "2006-06-30": "1608.69700", "2006-03-31": "1448.78900", "2005-12-31": "1448.29500", "2005-09-30": "1535.12400", "2005-06-30": "1327.57800", "2005-03-31": "1238.06900"}}, "cash flow statement": {"Net Income/Loss": {"2019-12-31": "155.29300", "2018-12-31": "169.77600", "2017-12-31": "158.96600", "2016-12-31": "20.33800", "2015-12-31": "109.61200", "2014-12-31": "200.01800", "2013-12-31": "148.29800", "2012-12-31": "96.70900", "2011-12-31": "133.62200", "2010-12-31": "87.62900", "2009-12-31": "139.65900", "2008-12-31": "127.64000", "2007-12-31": "51.57700", "2006-12-31": "74.60900", "2005-12-31": "18.65300"}, "Total Depreciation And Amortization - Cash Flow": {"2019-12-31": "237.12900", "2018-12-31": "199.80500", "2017-12-31": "203.72400", "2016-12-31": "141.65100", "2015-12-31": "83.07700", "2014-12-31": "70.38000", "2013-12-31": "60.56300", "2012-12-31": "50.26700", "2011-12-31": "48.11200", "2010-12-31": "31.50400", "2009-12-31": "22.60300", "2008-12-31": "20.58800", "2007-12-31": "15.71900", "2006-12-31": "12.08100", "2005-12-31": "11.10000"}, "Other Non-Cash Items": {"2019-12-31": "169.94400", "2018-12-31": "169.72500", "2017-12-31": "118.94700", "2016-12-31": "94.14600", "2015-12-31": "90.68700", "2014-12-31": "20.05100", "2013-12-31": "63.33500", "2012-12-31": "98.19700", "2011-12-31": "47.77100", "2010-12-31": "65.82800", "2009-12-31": "126.98000", "2008-12-31": "2.95800", "2007-12-31": "158.84000", "2006-12-31": "21.06100", "2005-12-31": "56.67300"}, "Total Non-Cash Items": {"2019-12-31": "407.07300", "2018-12-31": "369.53000", "2017-12-31": "322.67100", "2016-12-31": "235.79700", "2015-12-31": "173.76400", "2014-12-31": "90.43100", "2013-12-31": "123.89800", "2012-12-31": "148.46400", "2011-12-31": "95.88300", "2010-12-31": "97.33200", "2009-12-31": "149.58300", "2008-12-31": "23.54600", "2007-12-31": "174.55900", "2006-12-31": "33.14200", "2005-12-31": "67.77300"}, "Change In Accounts Receivable": {"2019-12-31": "-67.64500", "2018-12-31": "-201.63700", "2017-12-31": "-540.47000", "2016-12-31": "-389.15700", "2015-12-31": "199.71700", "2014-12-31": "55.88300", "2013-12-31": "-194.41800", "2012-12-31": "-86.76300", "2011-12-31": "-198.41700", "2010-12-31": "-236.10000", "2009-12-31": "-159.62300", "2008-12-31": "362.44400", "2007-12-31": "-286.23600", "2006-12-31": "-79.94400", "2005-12-31": "-213.77600"}, "Change In Inventories": {"2019-12-31": "", "2018-12-31": "", "2017-12-31": "", "2016-12-31": "", "2015-12-31": "", "2014-12-31": "", "2013-12-31": "", "2012-12-31": "", "2011-12-31": "", "2010-12-31": "", "2009-12-31": "", "2008-12-31": "", "2007-12-31": "", "2006-12-31": "", "2005-12-31": ""}, "Change In Accounts Payable": {"2019-12-31": "139.18700", "2018-12-31": "-3.58800", "2017-12-31": "195.77300", "2016-12-31": "66.18400", "2015-12-31": "-33.20100", "2014-12-31": "-29.15400", "2013-12-31": "-6.36500", "2012-12-31": "-41.04000", "2011-12-31": "29.27400", "2010-12-31": "41.91900", "2009-12-31": "34.05300", "2008-12-31": "-156.46300", "2007-12-31": "66.04800", "2006-12-31": "42.72100", "2005-12-31": "56.73400"}, "Change In Assets/Liabilities": {"2019-12-31": "9.90200", "2018-12-31": "59.60100", "2017-12-31": "-8.61900", "2016-12-31": "-61.40300", "2015-12-31": "-19.97500", "2014-12-31": "-20.11000", "2013-12-31": "-56.18300", "2012-12-31": "-55.12400", "2011-12-31": "-1.94800", "2010-12-31": "0.81600", "2009-12-31": "-5.92300", "2008-12-31": "-1.80300", "2007-12-31": "-1.79900", "2006-12-31": "-3.37500", "2005-12-31": "-1.39600"}, "Total Change In Assets/Liabilities": {"2019-12-31": "100.80500", "2018-12-31": "-139.07700", "2017-12-31": "-346.20990", "2016-12-31": "-397.32100", "2015-12-31": "161.72400", "2014-12-31": "5.96400", "2013-12-31": "-232.64500", "2012-12-31": "-173.36200", "2011-12-31": "-178.33700", "2010-12-31": "-195.51100", "2009-12-31": "-185.92400", "2008-12-31": "187.99300", "2007-12-31": "-318.22500", "2006-12-31": "-47.30200", "2005-12-31": "-127.36800"}, "Cash Flow From Operating Activities": {"2019-12-31": "663.17100", "2018-12-31": "400.22900", "2017-12-31": "135.42700", "2016-12-31": "-141.18600", "2015-12-31": "445.10000", "2014-12-31": "296.41300", "2013-12-31": "39.55100", "2012-12-31": "71.81100", "2011-12-31": "51.16800", "2010-12-31": "-10.55000", "2009-12-31": "-33.16700", "2008-12-31": "339.17900", "2007-12-31": "-92.08900", "2006-12-31": "60.44900", "2005-12-31": "-40.94200"}, "Net Change In Property, Plant, And Equipment": {"2019-12-31": "-102.86000", "2018-12-31": "-87.15200", "2017-12-31": "-79.27600", "2016-12-31": "-61.79900", "2015-12-31": "-63.49100", "2014-12-31": "-58.13300", "2013-12-31": "-39.45500", "2012-12-31": "-28.03600", "2011-12-31": "-25.14500", "2010-12-31": "-28.94400", "2009-12-31": "-17.84800", "2008-12-31": "-16.11100", "2007-12-31": "-16.62400", "2006-12-31": "-12.47400", "2005-12-31": "-10.89200"}, "Net Change In Intangible Assets": {"2019-12-31": "", "2018-12-31": "", "2017-12-31": "", "2016-12-31": "", "2015-12-31": "0.00000", "2014-12-31": "", "2013-12-31": "", "2012-12-31": "", "2011-12-31": "", "2010-12-31": "0.00000", "2009-12-31": "0.00000", "2008-12-31": "-0.04400", "2007-12-31": "", "2006-12-31": "", "2005-12-31": ""}, "Net Acquisitions/Divestitures": {"2019-12-31": "-882.41700", "2018-12-31": "-162.75000", "2017-12-31": "-84.38200", "2016-12-31": "-1093.28200", "2015-12-31": "-63.41200", "2014-12-31": "-843.40100", "2013-12-31": "-11.27700", "2012-12-31": "-402.47500", "2011-12-31": "-7.69100", "2010-12-31": "-339.99400", "2009-12-31": "", "2008-12-31": "-41.61300", "2007-12-31": "-40.80600", "2006-12-31": "", "2005-12-31": ""}, "Net Change In Short-term Investments": {"2019-12-31": "-5.33700", "2018-12-31": "-1.50200", "2017-12-31": "0.15700", "2016-12-31": "-5.35800", "2015-12-31": "0.24500", "2014-12-31": "-2.50000", "2013-12-31": "-0.61000", "2012-12-31": "0.68700", "2011-12-31": "-7.66800", "2010-12-31": "1.50400", "2009-12-31": "2.04100", "2008-12-31": "-3.04600", "2007-12-31": "-1.39500", "2006-12-31": "12.82800", "2005-12-31": "-3.21200"}, "Net Change In Long-Term Investments": {"2019-12-31": "", "2018-12-31": "-2.77100", "2017-12-31": "-4.55300", "2016-12-31": "", "2015-12-31": "", "2014-12-31": "", "2013-12-31": "", "2012-12-31": "", "2011-12-31": "", "2010-12-31": "", "2009-12-31": "", "2008-12-31": "", "2007-12-31": "", "2006-12-31": "2.18800", "2005-12-31": ""}, "Net Change In Investments - Total": {"2019-12-31": "-5.33700", "2018-12-31": "-4.27300", "2017-12-31": "-4.39600", "2016-12-31": "-5.35800", "2015-12-31": "0.24500", "2014-12-31": "-2.50000", "2013-12-31": "-0.61000", "2012-12-31": "0.68700", "2011-12-31": "-7.66800", "2010-12-31": "1.50400", "2009-12-31": "2.04100", "2008-12-31": "-3.04600", "2007-12-31": "-1.39500", "2006-12-31": "15.01600", "2005-12-31": "-3.21200"}, "Investing Activities - Other": {"2019-12-31": "", "2018-12-31": "", "2017-12-31": "", "2016-12-31": "", "2015-12-31": "", "2014-12-31": "", "2013-12-31": "", "2012-12-31": "", "2011-12-31": "", "2010-12-31": "", "2009-12-31": "", "2008-12-31": "", "2007-12-31": "-1.92200", "2006-12-31": "-86.78400", "2005-12-31": ""}, "Cash Flow From Investing Activities": {"2019-12-31": "-990.61400", "2018-12-31": "-254.17500", "2017-12-31": "-168.05400", "2016-12-31": "-1160.43900", "2015-12-31": "-126.65800", "2014-12-31": "-904.03400", "2013-12-31": "-51.34200", "2012-12-31": "-429.82400", "2011-12-31": "-40.50400", "2010-12-31": "-367.43400", "2009-12-31": "-15.80700", "2008-12-31": "-60.81400", "2007-12-31": "-60.74700", "2006-12-31": "-84.24200", "2005-12-31": "-14.10400"}, "Net Long-Term Debt": {"2019-12-31": "801.26400", "2018-12-31": "121.84900", "2017-12-31": "138.30200", "2016-12-31": "1415.80000", "2015-12-31": "-134.84500", "2014-12-31": "92.11200", "2013-12-31": "-185.80410", "2012-12-31": "560.92600", "2011-12-31": "228.76900", "2010-12-31": "169.26600", "2009-12-31": "-45.13600", "2008-12-31": "-67.11800", "2007-12-31": "15.79500", "2006-12-31": "44.31700", "2005-12-31": "375.43700"}, "Net Current Debt": {"2019-12-31": "0.51000", "2018-12-31": "-146.50400", "2017-12-31": "162.33690", "2016-12-31": "-197.85100", "2015-12-31": "-114.51980", "2014-12-31": "414.42090", "2013-12-31": "400.00000", "2012-12-31": "", "2011-12-31": "-229.50000", "2010-12-31": "204.30000", "2009-12-31": "-42.60000", "2008-12-31": "-28.80000", "2007-12-31": "179.40000", "2006-12-31": "-33.00000", "2005-12-31": ""}, "Debt Issuance/Retirement Net - Total": {"2019-12-31": "801.77400", "2018-12-31": "-24.65500", "2017-12-31": "300.63890", "2016-12-31": "1217.94900", "2015-12-31": "-249.36480", "2014-12-31": "506.53290", "2013-12-31": "214.19590", "2012-12-31": "560.92600", "2011-12-31": "-0.73100", "2010-12-31": "373.56600", "2009-12-31": "-87.73600", "2008-12-31": "-95.91800", "2007-12-31": "195.19500", "2006-12-31": "11.31700", "2005-12-31": "375.43700"}, "Net Common Equity Issued/Repurchased": {"2019-12-31": "4.94100", "2018-12-31": "2.43000", "2017-12-31": "0.73300", "2016-12-31": "0.30000", "2015-12-31": "-24.37000", "2014-12-31": "-25.23500", "2013-12-31": "-27.45400", "2012-12-31": "-9.58900", "2011-12-31": "2.91300", "2010-12-31": "-16.65600", "2009-12-31": "-5.68300", "2008-12-31": "-38.61600", "2007-12-31": "-34.25200", "2006-12-31": "2.22900", "2005-12-31": "0.32800"}, "Net Total Equity Issued/Repurchased": {"2019-12-31": "4.94100", "2018-12-31": "2.43000", "2017-12-31": "0.73300", "2016-12-31": "0.30000", "2015-12-31": "-24.37000", "2014-12-31": "-25.23500", "2013-12-31": "-27.45400", "2012-12-31": "-9.58900", "2011-12-31": "2.91300", "2010-12-31": "-16.65600", "2009-12-31": "-5.68300", "2008-12-31": "-38.61600", "2007-12-31": "-34.25200", "2006-12-31": "2.22900", "2005-12-31": "0.32800"}, "Total Common And Preferred Stock Dividends Paid": {"2019-12-31": "", "2018-12-31": "", "2017-12-31": "", "2016-12-31": "", "2015-12-31": "", "2014-12-31": "", "2013-12-31": "", "2012-12-31": "", "2011-12-31": "", "2010-12-31": "", "2009-12-31": "", "2008-12-31": "", "2007-12-31": "", "2006-12-31": "", "2005-12-31": "-305.88700"}, "Financial Activities - Other": {"2019-12-31": "-56.94200", "2018-12-31": "-80.50300", "2017-12-31": "58.01300", "2016-12-31": "-2.16800", "2015-12-31": "-45.80300", "2014-12-31": "45.40900", "2013-12-31": "-7.50000", "2012-12-31": "-21.77300", "2011-12-31": "-4.76500", "2010-12-31": "-0.57100", "2009-12-31": "-1.46400", "2008-12-31": "-3.66800", "2007-12-31": "-0.16300", "2006-12-31": "0.31300", "2005-12-31": "-1.64400"}, "Cash Flow From Financial Activities": {"2019-12-31": "749.77300", "2018-12-31": "-102.72800", "2017-12-31": "359.38500", "2016-12-31": "1216.08100", "2015-12-31": "-319.53800", "2014-12-31": "526.70700", "2013-12-31": "179.24200", "2012-12-31": "529.56400", "2011-12-31": "-2.58300", "2010-12-31": "356.33900", "2009-12-31": "-94.88300", "2008-12-31": "-138.20200", "2007-12-31": "160.78000", "2006-12-31": "13.85900", "2005-12-31": "68.23400"}, "Net Cash Flow": {"2019-12-31": "426.35000", "2018-12-31": "32.64600", "2017-12-31": "309.04300", "2016-12-31": "-82.75300", "2015-12-31": "-4.77400", "2014-12-31": "-76.72300", "2013-12-31": "163.82400", "2012-12-31": "171.87100", "2011-12-31": "7.74600", "2010-12-31": "-21.25900", "2009-12-31": "-143.81300", "2008-12-31": "140.09800", "2007-12-31": "7.95900", "2006-12-31": "-9.93400", "2005-12-31": "13.18800"}, "Stock-Based Compensation": {"2019-12-31": "45.81100", "2018-12-31": "33.88700", "2017-12-31": "30.48700", "2016-12-31": "19.74200", "2015-12-31": "12.42000", "2014-12-31": "13.79000", "2013-12-31": "9.42900", "2012-12-31": "11.01600", "2011-12-31": "9.36700", "2010-12-31": "7.42500", "2009-12-31": "5.73600", "2008-12-31": "5.21600", "2007-12-31": "4.50800", "2006-12-31": "4.27200", "2005-12-31": "6.99400"}, "Common Stock Dividends Paid": {"2019-12-31": "", "2018-12-31": "", "2017-12-31": "", "2016-12-31": "", "2015-12-31": "", "2014-12-31": "", "2013-12-31": "", "2012-12-31": "", "2011-12-31": "", "2010-12-31": "", "2009-12-31": "", "2008-12-31": "", "2007-12-31": "", "2006-12-31": "", "2005-12-31": "-305.88700"}}, "cash flow statement, quarterly": {"Net Income/Loss": {"2020-09-30": -57.717, "2020-06-30": 13.393, "2020-03-31": "-12.26900", "2019-12-31": 64.787, "2019-09-30": 42.447, "2019-06-30": 31.851, "2019-03-31": "16.20800", "2018-12-31": 21.935, "2018-09-30": 56.604, "2018-06-30": 38.566, "2018-03-31": "52.67100", "2017-12-31": 79.39, "2017-09-30": 33.86, "2017-06-30": 16.64, "2017-03-31": "29.07600", "2016-12-31": -33.999, "2016-09-30": 19.204, "2016-06-30": 11.912, "2016-03-31": "23.22100", "2015-12-31": 21.397, "2015-09-30": 41.782, "2015-06-30": 26.4, "2015-03-31": "20.03300", "2014-12-31": 47.239, "2014-09-30": 73.85, "2014-06-30": 42.849, "2014-03-31": "36.08000", "2013-12-31": 33.891, "2013-09-30": 43.778, "2013-06-30": 42.052, "2013-03-31": "28.57700", "2012-12-31": 28.854, "2012-09-30": 14.284, "2012-06-30": 30.335, "2012-03-31": "23.23600", "2011-12-31": 32.792, "2011-09-30": 48.1, "2011-06-30": 40.615, "2011-03-31": "12.11500", "2010-12-31": 18.468, "2010-09-30": 20.571, "2010-06-30": 30.036, "2010-03-31": "18.55400", "2009-12-31": 12.129, "2009-09-30": 23.363, "2009-06-30": 93.19, "2009-03-31": "10.97700", "2008-12-31": 65.151, "2008-09-30": 72.344, "2008-06-30": -24.383, "2008-03-31": "14.52800", "2007-12-31": 4.623, "2007-09-30": 22.263, "2007-06-30": 16.354, "2007-03-31": "8.33700", "2006-12-31": 18.959, "2006-09-30": 34.444, "2006-06-30": 9.856, "2006-03-31": "11.35000", "2005-12-31": 28.327, "2005-09-30": -6.185, "2005-06-30": 14.984, "2005-03-31": "-18.47300"}, "Total Depreciation And Amortization - Cash Flow": {"2020-09-30": 65.516, "2020-06-30": 64.517, "2020-03-31": "64.98900", "2019-12-31": 63.659, "2019-09-30": 62.984, "2019-06-30": 58.789, "2019-03-31": "51.69700", "2018-12-31": 50.93, "2018-09-30": 48.067, "2018-06-30": 50.632, "2018-03-31": "50.17600", "2017-12-31": 53.296, "2017-09-30": 51.229, "2017-06-30": 49.961, "2017-03-31": "49.23800", "2016-12-31": 50.27, "2016-09-30": 46.008, "2016-06-30": 23.109, "2016-03-31": "22.26400", "2015-12-31": 20.153, "2015-09-30": 19.237, "2015-06-30": 21.532, "2015-03-31": "22.15500", "2014-12-31": 18.722, "2014-09-30": 20.275, "2014-06-30": 15.771, "2014-03-31": "15.61200", "2013-12-31": 15.542, "2013-09-30": 14.77, "2013-06-30": 15.095, "2013-03-31": "15.15600", "2012-12-31": 14.663, "2012-09-30": 12.192, "2012-06-30": 11.745, "2012-03-31": "11.66700", "2011-12-31": 12.845, "2011-09-30": 12.128, "2011-06-30": 10.936, "2011-03-31": "12.20300", "2010-12-31": 12.307, "2010-09-30": 7.13, "2010-06-30": 6.037, "2010-03-31": "6.03000", "2009-12-31": 6.19, "2009-09-30": 5.516, "2009-06-30": 5.497, "2009-03-31": "5.40000", "2008-12-31": 5.638, "2008-09-30": 5.373, "2008-06-30": 5.027, "2008-03-31": "4.55000", "2007-12-31": 4.515, "2007-09-30": 3.981, "2007-06-30": 3.481, "2007-03-31": "3.74200", "2006-12-31": 3.333, "2006-09-30": 2.982, "2006-06-30": 2.962, "2006-03-31": "2.80400", "2005-12-31": 2.969, "2005-09-30": 2.798, "2005-06-30": 3.317, "2005-03-31": "2.01600"}, "Other Non-Cash Items": {"2020-09-30": 96.923, "2020-06-30": 19.106, "2020-03-31": "89.42900", "2019-12-31": 31.857, "2019-09-30": 42.749, "2019-06-30": 49.477, "2019-03-31": "45.86100", "2018-12-31": 60.289, "2018-09-30": 41.002, "2018-06-30": 38.061, "2018-03-31": "30.37300", "2017-12-31": -9.779, "2017-09-30": 46.823, "2017-06-30": 53.735, "2017-03-31": "28.16800", "2016-12-31": 21.025, "2016-09-30": 51.599, "2016-06-30": 11.383, "2016-03-31": "10.13900", "2015-12-31": -12.671, "2015-09-30": 23.043, "2015-06-30": 26.719, "2015-03-31": "53.59600", "2014-12-31": 1.789, "2014-09-30": -20.213, "2014-06-30": 19.381, "2014-03-31": "19.09400", "2013-12-31": 20.157, "2013-09-30": 14.828, "2013-06-30": 7.222, "2013-03-31": "21.12800", "2012-12-31": 21.113, "2012-09-30": 45.164, "2012-06-30": 7.99, "2012-03-31": "23.93000", "2011-12-31": 12.651, "2011-09-30": 6.474, "2011-06-30": -0.598, "2011-03-31": "29.24400", "2010-12-31": 22.117, "2010-09-30": 16.258, "2010-06-30": 6.104, "2010-03-31": "21.34900", "2009-12-31": 160.865, "2009-09-30": 12.276, "2009-06-30": -59.683, "2009-03-31": "13.52200", "2008-12-31": -32.508, "2008-09-30": -48.268, "2008-06-30": 63.574, "2008-03-31": "20.16000", "2007-12-31": 30.048, "2007-09-30": 8.42, "2007-06-30": 96.78, "2007-03-31": "23.59200", "2006-12-31": 1.856, "2006-09-30": -3.826, "2006-06-30": 11.419, "2006-03-31": "11.61200", "2005-12-31": -7.892, "2005-09-30": 26.115, "2005-06-30": 1.317, "2005-03-31": "37.13300"}, "Total Non-Cash Items": {"2020-09-30": 162.439, "2020-06-30": 83.623, "2020-03-31": "154.41800", "2019-12-31": 95.516, "2019-09-30": 105.733, "2019-06-30": 108.266, "2019-03-31": "97.55800", "2018-12-31": 111.219, "2018-09-30": 89.069, "2018-06-30": 88.693, "2018-03-31": "80.54900", "2017-12-31": 43.517, "2017-09-30": 98.052, "2017-06-30": 103.696, "2017-03-31": "77.40600", "2016-12-31": 71.295, "2016-09-30": 97.607, "2016-06-30": 34.492, "2016-03-31": "32.40300", "2015-12-31": 7.482, "2015-09-30": 42.28, "2015-06-30": 48.251, "2015-03-31": "75.75100", "2014-12-31": 20.511, "2014-09-30": 0.062, "2014-06-30": 35.152, "2014-03-31": "34.70600", "2013-12-31": 35.699, "2013-09-30": 29.598, "2013-06-30": 22.317, "2013-03-31": "36.28400", "2012-12-31": 35.776, "2012-09-30": 57.356, "2012-06-30": 19.735, "2012-03-31": "35.59700", "2011-12-31": 25.496, "2011-09-30": 18.602, "2011-06-30": 10.338, "2011-03-31": "41.44700", "2010-12-31": 34.424, "2010-09-30": 23.388, "2010-06-30": 12.141, "2010-03-31": "27.37900", "2009-12-31": 167.055, "2009-09-30": 17.792, "2009-06-30": -54.186, "2009-03-31": "18.92200", "2008-12-31": -26.87, "2008-09-30": -42.895, "2008-06-30": 68.601, "2008-03-31": "24.71000", "2007-12-31": 34.563, "2007-09-30": 12.401, "2007-06-30": 100.261, "2007-03-31": "27.33400", "2006-12-31": 5.189, "2006-09-30": -0.844, "2006-06-30": 14.381, "2006-03-31": "14.41600", "2005-12-31": -4.923, "2005-09-30": 28.913, "2005-06-30": 4.634, "2005-03-31": "39.14900"}, "Change In Accounts Receivable": {"2020-09-30": -239.028, "2020-06-30": 156.414, "2020-03-31": "488.70900", "2019-12-31": 521.482, "2019-09-30": -4.882, "2019-06-30": -344.587, "2019-03-31": "-239.65800", "2018-12-31": 462.299, "2018-09-30": -23.806, "2018-06-30": -375.655, "2018-03-31": "-264.47500", "2017-12-31": 55.334, "2017-09-30": -171.95, "2017-06-30": -228.995, "2017-03-31": "-194.85900", "2016-12-31": 16.459, "2016-09-30": -21.785, "2016-06-30": -334.12, "2016-03-31": "-49.71100", "2015-12-31": 278.668, "2015-09-30": 165.586, "2015-06-30": -262.363, "2015-03-31": "17.82600", "2014-12-31": 445.222, "2014-09-30": 110.01, "2014-06-30": -227.567, "2014-03-31": "-271.78200", "2013-12-31": 190.297, "2013-09-30": -83.55, "2013-06-30": -72.868, "2013-03-31": "-228.29700", "2012-12-31": 219.587, "2012-09-30": -89.343, "2012-06-30": 16.955, "2012-03-31": "-233.96200", "2011-12-31": 185.534, "2011-09-30": 25.272, "2011-06-30": -147.199, "2011-03-31": "-262.02400", "2010-12-31": -20.011, "2010-09-30": -25.463, "2010-06-30": -79.824, "2010-03-31": "-110.80200", "2009-12-31": 61.995, "2009-09-30": -13.894, "2009-06-30": -207.118, "2009-03-31": "-0.60600", "2008-12-31": 655.961, "2008-09-30": 200.972, "2008-06-30": -343.3, "2008-03-31": "-151.18900", "2007-12-31": -11.457, "2007-09-30": 66.628, "2007-06-30": -225.524, "2007-03-31": "-115.88300", "2006-12-31": 118.435, "2006-09-30": 46.566, "2006-06-30": -166.333, "2006-03-31": "-78.61200", "2005-12-31": 148.977, "2005-09-30": -198.182, "2005-06-30": -91.452, "2005-03-31": "-73.11900"}, "Change In Inventories": {"2020-09-30": 0, "2020-06-30": 0, "2020-03-31": "", "2019-12-31": 0, "2019-09-30": 0, "2019-06-30": 0, "2019-03-31": "", "2018-12-31": 0, "2018-09-30": 0, "2018-06-30": 0, "2018-03-31": "", "2017-12-31": 0, "2017-09-30": 0, "2017-06-30": 0, "2017-03-31": "", "2016-12-31": 0, "2016-09-30": 0, "2016-06-30": 0, "2016-03-31": "", "2015-12-31": 0, "2015-09-30": 0, "2015-06-30": 0, "2015-03-31": "", "2014-12-31": 0, "2014-09-30": 0, "2014-06-30": 0, "2014-03-31": "", "2013-12-31": 0, "2013-09-30": 0, "2013-06-30": 0, "2013-03-31": "", "2012-12-31": 0, "2012-09-30": 0, "2012-06-30": 0, "2012-03-31": "", "2011-12-31": 0, "2011-09-30": 0, "2011-06-30": 0, "2011-03-31": "", "2010-12-31": 0, "2010-09-30": 0, "2010-06-30": 0, "2010-03-31": "", "2009-12-31": 0, "2009-09-30": 0, "2009-06-30": 0, "2009-03-31": "", "2008-12-31": 0, "2008-09-30": 0, "2008-06-30": 0, "2008-03-31": "", "2007-12-31": 0, "2007-09-30": 0, "2007-06-30": 0, "2007-03-31": "", "2006-12-31": 0, "2006-09-30": 0, "2006-06-30": 0, "2006-03-31": "", "2005-12-31": 0, "2005-09-30": 0, "2005-06-30": 0, "2005-03-31": ""}, "Change In Accounts Payable": {"2020-09-30": 66.503, "2020-06-30": 85.397, "2020-03-31": "-200.42800", "2019-12-31": -273.513, "2019-09-30": 10.463, "2019-06-30": 156.58, "2019-03-31": "245.65700", "2018-12-31": -345.136, "2018-09-30": 131.242, "2018-06-30": 90.972, "2018-03-31": "119.33400", "2017-12-31": -32.511, "2017-09-30": 117.033, "2017-06-30": 50.601, "2017-03-31": "60.65000", "2016-12-31": -103.532, "2016-09-30": 2.866, "2016-06-30": 98.289, "2016-03-31": "68.56100", "2015-12-31": -141.085, "2015-09-30": -69.787, "2015-06-30": 67.34, "2015-03-31": "110.33100", "2014-12-31": -230.66, "2014-09-30": 19.842, "2014-06-30": 50.216, "2014-03-31": "131.44800", "2013-12-31": -191.649, "2013-09-30": -20.49, "2013-06-30": 15.706, "2013-03-31": "190.06800", "2012-12-31": -204.243, "2012-09-30": 49.06, "2012-06-30": -29.153, "2012-03-31": "143.29600", "2011-12-31": -119.206, "2011-09-30": -48.111, "2011-06-30": 24.902, "2011-03-31": "171.68900", "2010-12-31": -42.507, "2010-09-30": -9.227, "2010-06-30": 18.703, "2010-03-31": "74.95000", "2009-12-31": -65.742, "2009-09-30": -17.314, "2009-06-30": 75.46, "2009-03-31": "41.64900", "2008-12-31": -350.056, "2008-09-30": -93.183, "2008-06-30": 161.343, "2008-03-31": "125.43300", "2007-12-31": -55.804, "2007-09-30": -14.23, "2007-06-30": 79.825, "2007-03-31": "56.25700", "2006-12-31": -62.905, "2006-09-30": -36.12, "2006-06-30": 72.429, "2006-03-31": "69.31700", "2005-12-31": -105.377, "2005-09-30": 77.21, "2005-06-30": 37.84, "2005-03-31": "47.06100"}, "Change In Assets/Liabilities": {"2020-09-30": 4.098, "2020-06-30": 19.486, "2020-03-31": "-20.64600", "2019-12-31": -6.784, "2019-09-30": -1.314, "2019-06-30": 22.948, "2019-03-31": "-4.94800", "2018-12-31": -48.031, "2018-09-30": -5.493, "2018-06-30": -5.345, "2018-03-31": "118.47000", "2017-12-31": 7.671, "2017-09-30": -11.432, "2017-06-30": -3.503, "2017-03-31": "-1.35500", "2016-12-31": -16.936, "2016-09-30": -59.041, "2016-06-30": 2.5, "2016-03-31": "12.07400", "2015-12-31": 64.379, "2015-09-30": -47.924, "2015-06-30": -9.615, "2015-03-31": "-26.81500", "2014-12-31": 24.069, "2014-09-30": -39.882, "2014-06-30": 3.12, "2014-03-31": "-7.41700", "2013-12-31": -16.068, "2013-09-30": -33.189, "2013-06-30": -5.1, "2013-03-31": "-1.82600", "2012-12-31": 12.482, "2012-09-30": -4.918, "2012-06-30": -53.119, "2012-03-31": "-9.56900", "2011-12-31": 6.995, "2011-09-30": 0.22, "2011-06-30": -6.088, "2011-03-31": "-3.07500", "2010-12-31": 4.294, "2010-09-30": -4.62, "2010-06-30": -1.542, "2010-03-31": "2.68400", "2009-12-31": -2.984, "2009-09-30": 0.877, "2009-06-30": -0.002, "2009-03-31": "-3.81400", "2008-12-31": 2.745, "2008-09-30": -1.408, "2008-06-30": -2.282, "2008-03-31": "-0.85800", "2007-12-31": 1.152, "2007-09-30": -1.264, "2007-06-30": -2.16, "2007-03-31": "0.47300", "2006-12-31": -1.673, "2006-09-30": -4.278, "2006-06-30": 1.352, "2006-03-31": "1.22400", "2005-12-31": -0.511, "2005-09-30": 0.876, "2005-06-30": 0.123, "2005-03-31": "-1.88400"}, "Total Change In Assets/Liabilities": {"2020-09-30": -56.212, "2020-06-30": 288.707, "2020-03-31": "198.07400", "2019-12-31": 297.633, "2019-09-30": -22.351, "2019-06-30": -130.821, "2019-03-31": "-43.65600", "2018-12-31": 79.389, "2018-09-30": 108.679, "2018-06-30": -281.731, "2018-03-31": "-45.41400", "2017-12-31": 57.0661, "2017-09-30": -84.696, "2017-06-30": -151.154, "2017-03-31": "-167.42600", "2016-12-31": -97.609, "2016-09-30": -140.908, "2016-06-30": -189.595, "2016-03-31": "30.79100", "2015-12-31": 168.636, "2015-09-30": 110.508, "2015-06-30": -193.283, "2015-03-31": "75.86300", "2014-12-31": 231.302, "2014-09-30": 96.811, "2014-06-30": -173.607, "2014-03-31": "-148.54200", "2013-12-31": -4.751, "2013-09-30": -131.064, "2013-06-30": -60.535, "2013-03-31": "-36.29500", "2012-12-31": 32.487, "2012-09-30": -46.393, "2012-06-30": -62.385, "2012-03-31": "-97.07100", "2011-12-31": 67.355, "2011-09-30": -32.397, "2011-06-30": -115.205, "2011-03-31": "-98.09000", "2010-12-31": -68.21, "2010-09-30": -22.307, "2010-06-30": -65.381, "2010-03-31": "-39.61300", "2009-12-31": -9.715, "2009-09-30": -23.45, "2009-06-30": -190.348, "2009-03-31": "37.58900", "2008-12-31": 296.531, "2008-09-30": 111.862, "2008-06-30": -190.717, "2008-03-31": "-29.68300", "2007-12-31": -71.938, "2007-09-30": 59.278, "2007-06-30": -236.08, "2007-03-31": "-69.48500", "2006-12-31": 60.18, "2006-09-30": 5.096, "2006-06-30": -99.748, "2006-03-31": "-12.83000", "2005-12-31": 37.168, "2005-09-30": -121.808, "2005-06-30": -59.443, "2005-03-31": "16.71500"}, "Cash Flow From Operating Activities": {"2020-09-30": 48.51, "2020-06-30": 385.723, "2020-03-31": "340.22300", "2019-12-31": 457.936, "2019-09-30": 125.829, "2019-06-30": 9.296, "2019-03-31": "70.11000", "2018-12-31": 212.543, "2018-09-30": 254.352, "2018-06-30": -154.472, "2018-03-31": "87.80600", "2017-12-31": 179.973, "2017-09-30": 47.216, "2017-06-30": -30.818, "2017-03-31": "-60.94400", "2016-12-31": -60.313, "2016-09-30": -24.097, "2016-06-30": -143.191, "2016-03-31": "86.41500", "2015-12-31": 197.515, "2015-09-30": 194.57, "2015-06-30": -118.632, "2015-03-31": "171.64700", "2014-12-31": 299.052, "2014-09-30": 170.723, "2014-06-30": -95.606, "2014-03-31": "-77.75600", "2013-12-31": 64.839, "2013-09-30": -57.688, "2013-06-30": 3.834, "2013-03-31": "28.56600", "2012-12-31": 97.117, "2012-09-30": 25.247, "2012-06-30": -12.315, "2012-03-31": "-38.23800", "2011-12-31": 125.643, "2011-09-30": 34.305, "2011-06-30": -64.252, "2011-03-31": "-44.52800", "2010-12-31": -15.318, "2010-09-30": 21.652, "2010-06-30": -23.204, "2010-03-31": "6.32000", "2009-12-31": 32.984, "2009-09-30": 17.705, "2009-06-30": -151.344, "2009-03-31": "67.48800", "2008-12-31": 334.812, "2008-09-30": 141.311, "2008-06-30": -146.499, "2008-03-31": "9.55500", "2007-12-31": -32.752, "2007-09-30": 93.942, "2007-06-30": -119.465, "2007-03-31": "-33.81400", "2006-12-31": 84.328, "2006-09-30": 38.696, "2006-06-30": -75.511, "2006-03-31": "12.93600", "2005-12-31": 60.572, "2005-09-30": -99.08, "2005-06-30": -39.825, "2005-03-31": "37.39100"}, "Net Change In Property, Plant, And Equipment": {"2020-09-30": -18.193, "2020-06-30": -20.793, "2020-03-31": "-20.66500", "2019-12-31": -23.765, "2019-09-30": -30.841, "2019-06-30": -19.869, "2019-03-31": "-28.38500", "2018-12-31": -33.736, "2018-09-30": -18.792, "2018-06-30": -19.854, "2018-03-31": "-14.77000", "2017-12-31": -23.181, "2017-09-30": -18.615, "2017-06-30": -15.787, "2017-03-31": "-21.69300", "2016-12-31": -16.783, "2016-09-30": -9.274, "2016-06-30": -15.248, "2016-03-31": "-20.49400", "2015-12-31": -16.374, "2015-09-30": -19.416, "2015-06-30": -15.627, "2015-03-31": "-12.07400", "2014-12-31": -18.73, "2014-09-30": -16.799, "2014-06-30": -11.222, "2014-03-31": "-11.38200", "2013-12-31": -9.333, "2013-09-30": -17.105, "2013-06-30": -7.457, "2013-03-31": "-5.56000", "2012-12-31": -6.24, "2012-09-30": -5.862, "2012-06-30": -10.966, "2012-03-31": "-4.96800", "2011-12-31": -5.283, "2011-09-30": -7.445, "2011-06-30": -5.994, "2011-03-31": "-6.42300", "2010-12-31": -8.566, "2010-09-30": -6.923, "2010-06-30": -6.792, "2010-03-31": "-6.66300", "2009-12-31": -4.719, "2009-09-30": -4.225, "2009-06-30": -4.611, "2009-03-31": "-4.29300", "2008-12-31": -3.772, "2008-09-30": -3.679, "2008-06-30": -4.404, "2008-03-31": "-4.25600", "2007-12-31": -4.147, "2007-09-30": -3.856, "2007-06-30": -4.623, "2007-03-31": "-3.99800", "2006-12-31": -3.736, "2006-09-30": -2.522, "2006-06-30": -3.561, "2006-03-31": "-2.65500", "2005-12-31": -3.118, "2005-09-30": -2.754, "2005-06-30": -2.293, "2005-03-31": "-2.72700"}, "Net Change In Intangible Assets": {"2020-09-30": 0, "2020-06-30": 0, "2020-03-31": "", "2019-12-31": 0, "2019-09-30": 0, "2019-06-30": 0, "2019-03-31": "", "2018-12-31": 0, "2018-09-30": 0, "2018-06-30": 0, "2018-03-31": "", "2017-12-31": 0, "2017-09-30": 0, "2017-06-30": 0, "2017-03-31": "", "2016-12-31": 0, "2016-09-30": 0, "2016-06-30": 0, "2016-03-31": "", "2015-12-31": 0, "2015-09-30": 0, "2015-06-30": 0, "2015-03-31": "", "2014-12-31": 0, "2014-09-30": 0, "2014-06-30": 0, "2014-03-31": "", "2013-12-31": 0, "2013-09-30": 0, "2013-06-30": 0, "2013-03-31": "", "2012-12-31": 0, "2012-09-30": 0, "2012-06-30": 0, "2012-03-31": "", "2011-12-31": 0, "2011-09-30": 0, "2011-06-30": 0, "2011-03-31": "", "2010-12-31": 0, "2010-09-30": 0, "2010-06-30": 0, "2010-03-31": "", "2009-12-31": 0, "2009-09-30": 0, "2009-06-30": 0, "2009-03-31": "", "2008-12-31": 0, "2008-09-30": -0.044, "2008-06-30": 0, "2008-03-31": "", "2007-12-31": 0, "2007-09-30": 0, "2007-06-30": 0, "2007-03-31": "", "2006-12-31": 0, "2006-09-30": 0, "2006-06-30": 0, "2006-03-31": "", "2005-12-31": 0, "2005-09-30": 0, "2005-06-30": 0, "2005-03-31": ""}, "Net Acquisitions/Divestitures": {"2020-09-30": -15.957, "2020-06-30": 0, "2020-03-31": "", "2019-12-31": -44.411, "2019-09-30": -266.454, "2019-06-30": -3.126, "2019-03-31": "-568.42600", "2018-12-31": -162.75, "2018-09-30": 0, "2018-06-30": 0, "2018-03-31": "", "2017-12-31": -84.382, "2017-09-30": 0, "2017-06-30": 0, "2017-03-31": "", "2016-12-31": -4.002, "2016-09-30": -1089.28, "2016-06-30": 0, "2016-03-31": "", "2015-12-31": -80.677, "2015-09-30": 0, "2015-06-30": 0.557, "2015-03-31": "16.70800", "2014-12-31": -298.5, "2014-09-30": -544.901, "2014-06-30": 0, "2014-03-31": "", "2013-12-31": -11.277, "2013-09-30": 0, "2013-06-30": 0, "2013-03-31": "", "2012-12-31": -376.258, "2012-09-30": 1.566, "2012-06-30": -27.783, "2012-03-31": "", "2011-12-31": -3.344, "2011-09-30": 0, "2011-06-30": 3.305, "2011-03-31": "-7.65200", "2010-12-31": 0.036, "2010-09-30": -340.03, "2010-06-30": 0, "2010-03-31": "", "2009-12-31": 0, "2009-09-30": 0, "2009-06-30": 0, "2009-03-31": "", "2008-12-31": -0.087, "2008-09-30": -9.986, "2008-06-30": -0.02, "2008-03-31": "-31.52000", "2007-12-31": -0.378, "2007-09-30": -40.428, "2007-06-30": 0, "2007-03-31": "", "2006-12-31": 0, "2006-09-30": 0, "2006-06-30": 0, "2006-03-31": "", "2005-12-31": 0, "2005-09-30": 0, "2005-06-30": 0, "2005-03-31": ""}, "Net Change In Short-term Investments": {"2020-09-30": -0.036, "2020-06-30": -0.108, "2020-03-31": "-0.04300", "2019-12-31": -0.126, "2019-09-30": -0.106, "2019-06-30": -5.05, "2019-03-31": "-0.05500", "2018-12-31": -0.056, "2018-09-30": -1.302, "2018-06-30": -0.095, "2018-03-31": "-0.04900", "2017-12-31": 0.067, "2017-09-30": 0.048, "2017-06-30": -0.073, "2017-03-31": "0.11500", "2016-12-31": -0.092, "2016-09-30": 0.147, "2016-06-30": -5.059, "2016-03-31": "-0.35400", "2015-12-31": -0.036, "2015-09-30": 0.091, "2015-06-30": 0.117, "2015-03-31": "0.07300", "2014-12-31": -0.039, "2014-09-30": 0.027, "2014-06-30": -2.511, "2014-03-31": "0.02300", "2013-12-31": 0.029, "2013-09-30": 0.41, "2013-06-30": -1.486, "2013-03-31": "0.43700", "2012-12-31": -0.317, "2012-09-30": 0.46, "2012-06-30": 0.277, "2012-03-31": "0.26700", "2011-12-31": -0.084, "2011-09-30": -6.372, "2011-06-30": 0.316, "2011-03-31": "-1.52800", "2010-12-31": 0.067, "2010-09-30": 0.316, "2010-06-30": 0.547, "2010-03-31": "0.57400", "2009-12-31": 0.283, "2009-09-30": 0.223, "2009-06-30": 1.179, "2009-03-31": "0.35600", "2008-12-31": 0.286, "2008-09-30": -2.601, "2008-06-30": -1.068, "2008-03-31": "0.33700", "2007-12-31": -1.194, "2007-09-30": -0.646, "2007-06-30": 0.175, "2007-03-31": "0.27000", "2006-12-31": 0.031, "2006-09-30": -1.914, "2006-06-30": 0.121, "2006-03-31": "14.59000", "2005-12-31": -0.427, "2005-09-30": -1.81, "2005-06-30": 0.097, "2005-03-31": "-1.07200"}, "Net Change In Long-Term Investments": {"2020-09-30": 0.837, "2020-06-30": 0, "2020-03-31": "", "2019-12-31": 0, "2019-09-30": 0, "2019-06-30": 0, "2019-03-31": "", "2018-12-31": -0.154, "2018-09-30": 0, "2018-06-30": -0.31, "2018-03-31": "-2.30700", "2017-12-31": -4.553, "2017-09-30": 0, "2017-06-30": 0, "2017-03-31": "", "2016-12-31": 0, "2016-09-30": 0, "2016-06-30": 0, "2016-03-31": "", "2015-12-31": 0, "2015-09-30": 0, "2015-06-30": 0, "2015-03-31": "", "2014-12-31": 0, "2014-09-30": 0, "2014-06-30": 0, "2014-03-31": "", "2013-12-31": 0, "2013-09-30": 0, "2013-06-30": 0, "2013-03-31": "", "2012-12-31": 0, "2012-09-30": 0, "2012-06-30": 0, "2012-03-31": "", "2011-12-31": 0, "2011-09-30": 0, "2011-06-30": 0, "2011-03-31": "", "2010-12-31": 0, "2010-09-30": 0, "2010-06-30": 0, "2010-03-31": "", "2009-12-31": 0, "2009-09-30": 0, "2009-06-30": 0, "2009-03-31": "", "2008-12-31": 0, "2008-09-30": 0, "2008-06-30": 0, "2008-03-31": "", "2007-12-31": 0, "2007-09-30": 0, "2007-06-30": 0, "2007-03-31": "", "2006-12-31": 2.188, "2006-09-30": 0, "2006-06-30": 0, "2006-03-31": "", "2005-12-31": 0, "2005-09-30": 0, "2005-06-30": 0, "2005-03-31": ""}, "Net Change In Investments - Total": {"2020-09-30": 0.801, "2020-06-30": -0.108, "2020-03-31": "-0.04300", "2019-12-31": -0.126, "2019-09-30": -0.106, "2019-06-30": -5.05, "2019-03-31": "-0.05500", "2018-12-31": -0.21, "2018-09-30": -1.302, "2018-06-30": -0.405, "2018-03-31": "-2.35600", "2017-12-31": -4.486, "2017-09-30": 0.048, "2017-06-30": -0.073, "2017-03-31": "0.11500", "2016-12-31": -0.092, "2016-09-30": 0.147, "2016-06-30": -5.059, "2016-03-31": "-0.35400", "2015-12-31": -0.036, "2015-09-30": 0.091, "2015-06-30": 0.117, "2015-03-31": "0.07300", "2014-12-31": -0.039, "2014-09-30": 0.027, "2014-06-30": -2.511, "2014-03-31": "0.02300", "2013-12-31": 0.029, "2013-09-30": 0.41, "2013-06-30": -1.486, "2013-03-31": "0.43700", "2012-12-31": -0.317, "2012-09-30": 0.46, "2012-06-30": 0.277, "2012-03-31": "0.26700", "2011-12-31": -0.084, "2011-09-30": -6.372, "2011-06-30": 0.316, "2011-03-31": "-1.52800", "2010-12-31": 0.067, "2010-09-30": 0.316, "2010-06-30": 0.547, "2010-03-31": "0.57400", "2009-12-31": 0.283, "2009-09-30": 0.223, "2009-06-30": 1.179, "2009-03-31": "0.35600", "2008-12-31": 0.286, "2008-09-30": -2.601, "2008-06-30": -1.068, "2008-03-31": "0.33700", "2007-12-31": -1.194, "2007-09-30": -0.646, "2007-06-30": 0.175, "2007-03-31": "0.27000", "2006-12-31": 2.219, "2006-09-30": -1.914, "2006-06-30": 0.121, "2006-03-31": "14.59000", "2005-12-31": -0.427, "2005-09-30": -1.81, "2005-06-30": 0.097, "2005-03-31": "-1.07200"}, "Investing Activities - Other": {"2020-09-30": 0, "2020-06-30": 0, "2020-03-31": "", "2019-12-31": 0, "2019-09-30": 0, "2019-06-30": 0, "2019-03-31": "", "2018-12-31": 0, "2018-09-30": 0, "2018-06-30": 0, "2018-03-31": "", "2017-12-31": 0, "2017-09-30": 0, "2017-06-30": 0, "2017-03-31": "", "2016-12-31": 0, "2016-09-30": 0, "2016-06-30": 0, "2016-03-31": "", "2015-12-31": 0, "2015-09-30": 0, "2015-06-30": 0, "2015-03-31": "", "2014-12-31": 0, "2014-09-30": 0, "2014-06-30": 0, "2014-03-31": "", "2013-12-31": 0, "2013-09-30": 0, "2013-06-30": 0, "2013-03-31": "", "2012-12-31": 0, "2012-09-30": 0, "2012-06-30": 0, "2012-03-31": "", "2011-12-31": 0, "2011-09-30": 0, "2011-06-30": 0, "2011-03-31": "", "2010-12-31": 0, "2010-09-30": 0, "2010-06-30": 0, "2010-03-31": "", "2009-12-31": 0, "2009-09-30": 0.081, "2009-06-30": -0.041, "2009-03-31": "-0.04000", "2008-12-31": 0, "2008-09-30": 0, "2008-06-30": 0.042, "2008-03-31": "-0.04200", "2007-12-31": -1.922, "2007-09-30": 0, "2007-06-30": 0, "2007-03-31": "", "2006-12-31": -86.784, "2006-09-30": 0, "2006-06-30": 0, "2006-03-31": "", "2005-12-31": 0, "2005-09-30": 0, "2005-06-30": 0, "2005-03-31": ""}, "Cash Flow From Investing Activities": {"2020-09-30": -33.349, "2020-06-30": -20.901, "2020-03-31": "-20.70800", "2019-12-31": -68.302, "2019-09-30": -297.401, "2019-06-30": -28.045, "2019-03-31": "-596.86600", "2018-12-31": -196.696, "2018-09-30": -20.094, "2018-06-30": -20.259, "2018-03-31": "-17.12600", "2017-12-31": -112.049, "2017-09-30": -18.567, "2017-06-30": -15.86, "2017-03-31": "-21.57800", "2016-12-31": -20.877, "2016-09-30": -1098.407, "2016-06-30": -20.307, "2016-03-31": "-20.84800", "2015-12-31": -97.087, "2015-09-30": -19.325, "2015-06-30": -14.953, "2015-03-31": "4.70700", "2014-12-31": -317.269, "2014-09-30": -561.673, "2014-06-30": -13.733, "2014-03-31": "-11.35900", "2013-12-31": -20.581, "2013-09-30": -16.695, "2013-06-30": -8.943, "2013-03-31": "-5.12300", "2012-12-31": -382.815, "2012-09-30": -3.836, "2012-06-30": -38.472, "2012-03-31": "-4.70100", "2011-12-31": -8.711, "2011-09-30": -13.817, "2011-06-30": -2.373, "2011-03-31": "-15.60300", "2010-12-31": -8.463, "2010-09-30": -346.637, "2010-06-30": -6.245, "2010-03-31": "-6.08900", "2009-12-31": -4.436, "2009-09-30": -3.921, "2009-06-30": -3.473, "2009-03-31": "-3.97700", "2008-12-31": -3.573, "2008-09-30": -16.31, "2008-06-30": -5.45, "2008-03-31": "-35.48100", "2007-12-31": -7.641, "2007-09-30": -44.93, "2007-06-30": -4.448, "2007-03-31": "-3.72800", "2006-12-31": -88.301, "2006-09-30": -4.436, "2006-06-30": -3.44, "2006-03-31": "11.93500", "2005-12-31": -3.545, "2005-09-30": -4.564, "2005-06-30": -2.196, "2005-03-31": "-3.79900"}, "Net Long-Term Debt": {"2020-09-30": 67.72, "2020-06-30": 92.221, "2020-03-31": "-159.20100", "2019-12-31": -51.757, "2019-09-30": -119.681, "2019-06-30": 575.29, "2019-03-31": "397.41200", "2018-12-31": 43.506, "2018-09-30": 19.397, "2018-06-30": 100.455, "2018-03-31": "-41.50900", "2017-12-31": 164.955, "2017-09-30": -34.889, "2017-06-30": 95.316, "2017-03-31": "-87.08000", "2016-12-31": -175.499, "2016-09-30": 1538.055, "2016-06-30": -110.485, "2016-03-31": "163.72900", "2015-12-31": -325.235, "2015-09-30": 226.719, "2015-06-30": -184.684, "2015-03-31": "148.35500", "2014-12-31": -495.825, "2014-09-30": 432.995, "2014-06-30": 57.404, "2014-03-31": "97.53800", "2013-12-31": -511.5131, "2013-09-30": -233.371, "2013-06-30": -41.546, "2013-03-31": "600.62600", "2012-12-31": 62.87, "2012-09-30": 241.995, "2012-06-30": 205.15, "2012-03-31": "50.91100", "2011-12-31": -71.434, "2011-09-30": -10.863, "2011-06-30": 242.532, "2011-03-31": "68.53400", "2010-12-31": -188.268, "2010-09-30": 308.161, "2010-06-30": 61.547, "2010-03-31": "-12.17400", "2009-12-31": 32.728, "2009-09-30": 7.964, "2009-06-30": 103.463, "2009-03-31": "-189.29100", "2008-12-31": -157.073, "2008-09-30": -105.498, "2008-06-30": 172.677, "2008-03-31": "22.77600", "2007-12-31": 51.3, "2007-09-30": -69.511, "2007-06-30": 23.056, "2007-03-31": "10.95000", "2006-12-31": 45.384, "2006-09-30": -30.955, "2006-06-30": 79.607, "2006-03-31": "-49.71900", "2005-12-31": 6.356, "2005-09-30": 107.319, "2005-06-30": 48.308, "2005-03-31": "213.45400"}, "Net Current Debt": {"2020-09-30": 7.208, "2020-06-30": -31.893, "2020-03-31": "-6.90900", "2019-12-31": 5.823, "2019-09-30": -4.785, "2019-06-30": -169.493, "2019-03-31": "168.96500", "2018-12-31": -2.4399, "2018-09-30": -30.2031, "2018-06-30": 4.055, "2018-03-31": "-117.91600", "2017-12-31": -11.134, "2017-09-30": 11.5859, "2017-06-30": -44.049, "2017-03-31": "205.93400", "2016-12-31": -86.706, "2016-09-30": -177.745, "2016-06-30": 62.013, "2016-03-31": "4.58700", "2015-12-31": -31.4258, "2015-09-30": -4.647, "2015-06-30": -6.016, "2015-03-31": "-72.43100", "2014-12-31": 223.7209, "2014-09-30": 190.7, "2014-06-30": 0, "2014-03-31": "", "2013-12-31": 438.5, "2013-09-30": 400, "2013-06-30": 0, "2013-03-31": "-438.50000", "2012-12-31": -12.2, "2012-09-30": -18.2, "2012-06-30": 34.8, "2012-03-31": "-4.40000", "2011-12-31": -62.4, "2011-09-30": -23.8, "2011-06-30": -149.1, "2011-03-31": "5.80000", "2010-12-31": 204.3, "2010-09-30": 36.8, "2010-06-30": -21.2, "2010-03-31": "-15.60000", "2009-12-31": -37.7, "2009-09-30": -26.1, "2009-06-30": 55.2, "2009-03-31": "-34.00000", "2008-12-31": -41.6, "2008-09-30": -6.7, "2008-06-30": -28.1, "2008-03-31": "47.60000", "2007-12-31": -7.3, "2007-09-30": 42.1, "2007-06-30": 119.6, "2007-03-31": "25.00000", "2006-12-31": -31, "2006-09-30": 3, "2006-06-30": -4, "2006-03-31": "-1.00000", "2005-12-31": -50, "2005-09-30": 0, "2005-06-30": 0, "2005-03-31": "50.00000"}, "Debt Issuance/Retirement Net - Total": {"2020-09-30": 74.928, "2020-06-30": 60.328, "2020-03-31": "-166.11000", "2019-12-31": -45.934, "2019-09-30": -124.4661, "2019-06-30": 405.797, "2019-03-31": "566.37710", "2018-12-31": 41.0661, "2018-09-30": -10.8061, "2018-06-30": 104.51, "2018-03-31": "-159.42500", "2017-12-31": 153.821, "2017-09-30": -23.3031, "2017-06-30": 51.267, "2017-03-31": "118.85400", "2016-12-31": -262.205, "2016-09-30": 1360.31, "2016-06-30": -48.472, "2016-03-31": "168.31600", "2015-12-31": -356.6608, "2015-09-30": 222.072, "2015-06-30": -190.7, "2015-03-31": "75.92400", "2014-12-31": -272.1041, "2014-09-30": 623.695, "2014-06-30": 57.404, "2014-03-31": "97.53800", "2013-12-31": -73.0131, "2013-09-30": 166.629, "2013-06-30": -41.546, "2013-03-31": "162.12600", "2012-12-31": 50.67, "2012-09-30": 223.795, "2012-06-30": 239.95, "2012-03-31": "46.51100", "2011-12-31": -133.834, "2011-09-30": -34.663, "2011-06-30": 93.432, "2011-03-31": "74.33400", "2010-12-31": 16.032, "2010-09-30": 344.961, "2010-06-30": 40.347, "2010-03-31": "-27.77400", "2009-12-31": -4.972, "2009-09-30": -18.136, "2009-06-30": 158.663, "2009-03-31": "-223.29100", "2008-12-31": -198.673, "2008-09-30": -112.198, "2008-06-30": 144.577, "2008-03-31": "70.37600", "2007-12-31": 44, "2007-09-30": -27.411, "2007-06-30": 142.656, "2007-03-31": "35.95000", "2006-12-31": 14.384, "2006-09-30": -27.955, "2006-06-30": 75.607, "2006-03-31": "-50.71900", "2005-12-31": -43.644, "2005-09-30": 107.319, "2005-06-30": 48.308, "2005-03-31": "263.45400"}, "Net Common Equity Issued/Repurchased": {"2020-09-30": 100.984, "2020-06-30": -8.709, "2020-03-31": "1.95200", "2019-12-31": 1.462, "2019-09-30": 11.056, "2019-06-30": -7.982, "2019-03-31": "0.40500", "2018-12-31": 12.357, "2018-09-30": -11.378, "2018-06-30": 0.875, "2018-03-31": "0.57600", "2017-12-31": 9.558, "2017-09-30": -9.256, "2017-06-30": 9.379, "2017-03-31": "-8.94800", "2016-12-31": 2.186, "2016-09-30": 0.164, "2016-06-30": 0.131, "2016-03-31": "-2.18100", "2015-12-31": -0.001, "2015-09-30": -0.011, "2015-06-30": -0.006, "2015-03-31": "-24.35200", "2014-12-31": -5.705, "2014-09-30": 0.077, "2014-06-30": -2.763, "2014-03-31": "-16.84400", "2013-12-31": -11.214, "2013-09-30": 11.062, "2013-06-30": 0.448, "2013-03-31": "-27.75000", "2012-12-31": -0.163, "2012-09-30": 3.429, "2012-06-30": -11.534, "2012-03-31": "-1.32100", "2011-12-31": 0.158, "2011-09-30": 0.08, "2011-06-30": 1.915, "2011-03-31": "0.76000", "2010-12-31": -0.605, "2010-09-30": -5.795, "2010-06-30": -10.318, "2010-03-31": "0.06200", "2009-12-31": 1.294, "2009-09-30": -4.107, "2009-06-30": -2.452, "2009-03-31": "-0.41800", "2008-12-31": -5.564, "2008-09-30": -1.987, "2008-06-30": -0.743, "2008-03-31": "-30.32200", "2007-12-31": -6.893, "2007-09-30": -8.956, "2007-06-30": -5.009, "2007-03-31": "-13.39400", "2006-12-31": 0.778, "2006-09-30": 0.222, "2006-06-30": 0.746, "2006-03-31": "0.48300", "2005-12-31": 0.328, "2005-09-30": 0, "2005-06-30": 0, "2005-03-31": ""}, "Net Total Equity Issued/Repurchased": {"2020-09-30": 100.984, "2020-06-30": -8.709, "2020-03-31": "1.95200", "2019-12-31": 1.462, "2019-09-30": 11.056, "2019-06-30": -7.982, "2019-03-31": "0.40500", "2018-12-31": 12.357, "2018-09-30": -11.378, "2018-06-30": 0.875, "2018-03-31": "0.57600", "2017-12-31": 9.558, "2017-09-30": -9.256, "2017-06-30": 9.379, "2017-03-31": "-8.94800", "2016-12-31": 2.186, "2016-09-30": 0.164, "2016-06-30": 0.131, "2016-03-31": "-2.18100", "2015-12-31": -0.001, "2015-09-30": -0.011, "2015-06-30": -0.006, "2015-03-31": "-24.35200", "2014-12-31": -5.705, "2014-09-30": 0.077, "2014-06-30": -2.763, "2014-03-31": "-16.84400", "2013-12-31": -11.214, "2013-09-30": 11.062, "2013-06-30": 0.448, "2013-03-31": "-27.75000", "2012-12-31": -0.163, "2012-09-30": 3.429, "2012-06-30": -11.534, "2012-03-31": "-1.32100", "2011-12-31": 0.158, "2011-09-30": 0.08, "2011-06-30": 1.915, "2011-03-31": "0.76000", "2010-12-31": -0.605, "2010-09-30": -5.795, "2010-06-30": -10.318, "2010-03-31": "0.06200", "2009-12-31": 1.294, "2009-09-30": -4.107, "2009-06-30": -2.452, "2009-03-31": "-0.41800", "2008-12-31": -5.564, "2008-09-30": -1.987, "2008-06-30": -0.743, "2008-03-31": "-30.32200", "2007-12-31": -6.893, "2007-09-30": -8.956, "2007-06-30": -5.009, "2007-03-31": "-13.39400", "2006-12-31": 0.778, "2006-09-30": 0.222, "2006-06-30": 0.746, "2006-03-31": "0.48300", "2005-12-31": 0.328, "2005-09-30": 0, "2005-06-30": 0, "2005-03-31": ""}, "Total Common And Preferred Stock Dividends Paid": {"2020-09-30": 0, "2020-06-30": 0, "2020-03-31": "", "2019-12-31": 0, "2019-09-30": 0, "2019-06-30": 0, "2019-03-31": "", "2018-12-31": 0, "2018-09-30": 0, "2018-06-30": 0, "2018-03-31": "", "2017-12-31": 0, "2017-09-30": 0, "2017-06-30": 0, "2017-03-31": "", "2016-12-31": 0, "2016-09-30": 0, "2016-06-30": 0, "2016-03-31": "", "2015-12-31": 0, "2015-09-30": 0, "2015-06-30": 0, "2015-03-31": "", "2014-12-31": 0, "2014-09-30": 0, "2014-06-30": 0, "2014-03-31": "", "2013-12-31": 0, "2013-09-30": 0, "2013-06-30": 0, "2013-03-31": "", "2012-12-31": 0, "2012-09-30": 0, "2012-06-30": 0, "2012-03-31": "", "2011-12-31": 0, "2011-09-30": 0, "2011-06-30": 0, "2011-03-31": "", "2010-12-31": 0, "2010-09-30": 0, "2010-06-30": 0, "2010-03-31": "", "2009-12-31": 0, "2009-09-30": 0, "2009-06-30": 0, "2009-03-31": "", "2008-12-31": 0, "2008-09-30": 0, "2008-06-30": 0, "2008-03-31": "", "2007-12-31": 0, "2007-09-30": 0, "2007-06-30": 0, "2007-03-31": "", "2006-12-31": 0, "2006-09-30": 0, "2006-06-30": 0, "2006-03-31": "", "2005-12-31": 0, "2005-09-30": 0, "2005-06-30": 0, "2005-03-31": "-305.88700"}, "Financial Activities - Other": {"2020-09-30": 70.182, "2020-06-30": 2.513, "2020-03-31": "-93.80200", "2019-12-31": -43.46, "2019-09-30": 58.807, "2019-06-30": -1.567, "2019-03-31": "-70.72200", "2018-12-31": -75.193, "2018-09-30": 9.407, "2018-06-30": 19.027, "2018-03-31": "-33.74400", "2017-12-31": 18.897, "2017-09-30": 48.31, "2017-06-30": 9.816, "2017-03-31": "-19.01000", "2016-12-31": 4.038, "2016-09-30": -17.051, "2016-06-30": 10.845, "2016-03-31": "", "2015-12-31": -0.598, "2015-09-30": -45.376, "2015-06-30": 0.535, "2015-03-31": "-0.36400", "2014-12-31": 2.83, "2014-09-30": 22.46, "2014-06-30": 18.986, "2014-03-31": "1.13300", "2013-12-31": 11.934, "2013-09-30": -12.476, "2013-06-30": -1.311, "2013-03-31": "-5.64700", "2012-12-31": -2.321, "2012-09-30": -21.896, "2012-06-30": 0.2, "2012-03-31": "2.24400", "2011-12-31": 0.178, "2011-09-30": -0.031, "2011-06-30": -7.92, "2011-03-31": "3.00800", "2010-12-31": 0.069, "2010-09-30": -1.621, "2010-06-30": 0.399, "2010-03-31": "0.58200", "2009-12-31": -1.464, "2009-09-30": 0, "2009-06-30": 0, "2009-03-31": "", "2008-12-31": -2.252, "2008-09-30": 0.028, "2008-06-30": -1.444, "2008-03-31": "", "2007-12-31": 0.302, "2007-09-30": 0.406, "2007-06-30": -0.905, "2007-03-31": "0.03400", "2006-12-31": 0.693, "2006-09-30": 0.051, "2006-06-30": 0.089, "2006-03-31": "-0.52000", "2005-12-31": 0.06, "2005-09-30": 0, "2005-06-30": 0, "2005-03-31": "-1.70400"}, "Cash Flow From Financial Activities": {"2020-09-30": 246.094, "2020-06-30": 54.132, "2020-03-31": "-257.96000", "2019-12-31": -87.932, "2019-09-30": -54.603, "2019-06-30": 396.248, "2019-03-31": "496.06000", "2018-12-31": -21.77, "2018-09-30": -12.777, "2018-06-30": 124.412, "2018-03-31": "-192.59300", "2017-12-31": 182.276, "2017-09-30": 15.751, "2017-06-30": 70.462, "2017-03-31": "90.89600", "2016-12-31": -255.981, "2016-09-30": 1343.423, "2016-06-30": -37.496, "2016-03-31": "166.13500", "2015-12-31": -357.26, "2015-09-30": 176.685, "2015-06-30": -190.171, "2015-03-31": "51.20800", "2014-12-31": -274.979, "2014-09-30": 646.232, "2014-06-30": 73.627, "2014-03-31": "81.82700", "2013-12-31": -72.293, "2013-09-30": 165.215, "2013-06-30": -42.409, "2013-03-31": "128.72900", "2012-12-31": 48.186, "2012-09-30": 205.328, "2012-06-30": 228.616, "2012-03-31": "47.43400", "2011-12-31": -133.498, "2011-09-30": -34.614, "2011-06-30": 87.427, "2011-03-31": "78.10200", "2010-12-31": 15.496, "2010-09-30": 337.545, "2010-06-30": 30.428, "2010-03-31": "-27.13000", "2009-12-31": -5.142, "2009-09-30": -22.243, "2009-06-30": 156.211, "2009-03-31": "-223.70900", "2008-12-31": -206.489, "2008-09-30": -114.157, "2008-06-30": 142.39, "2008-03-31": "40.05400", "2007-12-31": 37.409, "2007-09-30": -35.961, "2007-06-30": 136.742, "2007-03-31": "22.59000", "2006-12-31": 15.855, "2006-09-30": -27.682, "2006-06-30": 76.442, "2006-03-31": "-50.75600", "2005-12-31": -43.256, "2005-09-30": 107.319, "2005-06-30": 48.308, "2005-03-31": "-44.13700"}, "Net Cash Flow": {"2020-09-30": 265.544, "2020-06-30": 423.3, "2020-03-31": "45.01200", "2019-12-31": 310.186, "2019-09-30": -228.992, "2019-06-30": 374.109, "2019-03-31": "-28.95300", "2018-12-31": -1.026, "2018-09-30": 220.264, "2018-06-30": -64.092, "2018-03-31": "-122.50000", "2017-12-31": 247.732, "2017-09-30": 33.083, "2017-06-30": 16.928, "2017-03-31": "11.30000", "2016-12-31": -339.914, "2016-09-30": 219.303, "2016-06-30": -197.475, "2016-03-31": "235.33300", "2015-12-31": -253.637, "2015-09-30": 349.294, "2015-06-30": -326.685, "2015-03-31": "226.25400", "2014-12-31": -291.943, "2014-09-30": 257.683, "2014-06-30": -35.749, "2014-03-31": "-6.71400", "2013-12-31": -29.685, "2013-09-30": 91.612, "2013-06-30": -50.161, "2013-03-31": "152.05800", "2012-12-31": -237.641, "2012-09-30": 227.301, "2012-06-30": 177.559, "2012-03-31": "4.65200", "2011-12-31": -16.286, "2011-09-30": -14.935, "2011-06-30": 21.15, "2011-03-31": "17.81700", "2010-12-31": -7.999, "2010-09-30": 12.836, "2010-06-30": 0.833, "2010-03-31": "-26.92900", "2009-12-31": 23.4, "2009-09-30": -8.414, "2009-06-30": 1.43, "2009-03-31": "-160.22900", "2008-12-31": 124.708, "2008-09-30": 10.829, "2008-06-30": -9.557, "2008-03-31": "14.11800", "2007-12-31": -2.982, "2007-09-30": 13.064, "2007-06-30": 12.829, "2007-03-31": "-14.95200", "2006-12-31": 11.882, "2006-09-30": 6.578, "2006-06-30": -2.509, "2006-03-31": "-25.88500", "2005-12-31": 13.771, "2005-09-30": 3.675, "2005-06-30": 6.287, "2005-03-31": "-10.54500"}, "Stock-Based Compensation": {"2020-09-30": 17.882, "2020-06-30": 14.219, "2020-03-31": "12.53300", "2019-12-31": 12.215, "2019-09-30": 8.735, "2019-06-30": 15.158, "2019-03-31": "9.70300", "2018-12-31": 9.23, "2018-09-30": 8.797, "2018-06-30": 6.905, "2018-03-31": "8.95500", "2017-12-31": 8.133, "2017-09-30": 8.483, "2017-06-30": 7.414, "2017-03-31": "6.45700", "2016-12-31": 5.43, "2016-09-30": 5.199, "2016-06-30": 4.87, "2016-03-31": "4.24300", "2015-12-31": 2.193, "2015-09-30": 3.067, "2015-06-30": 3.942, "2015-03-31": "3.21800", "2014-12-31": 3.701, "2014-09-30": 4.549, "2014-06-30": 3.117, "2014-03-31": "2.42300", "2013-12-31": 2.547, "2013-09-30": 2.494, "2013-06-30": 1.982, "2013-03-31": "2.40600", "2012-12-31": 2.21, "2012-09-30": 2.655, "2012-06-30": 2.727, "2012-03-31": "3.42400", "2011-12-31": 1.938, "2011-09-30": 2.855, "2011-06-30": 2.314, "2011-03-31": "2.26000", "2010-12-31": 2.014, "2010-09-30": 2.435, "2010-06-30": 1.431, "2010-03-31": "1.54500", "2009-12-31": 1.397, "2009-09-30": 1.477, "2009-06-30": 1.498, "2009-03-31": "1.36400", "2008-12-31": 1.302, "2008-09-30": 1.083, "2008-06-30": 1.423, "2008-03-31": "1.40800", "2007-12-31": 1.358, "2007-09-30": 1.004, "2007-06-30": 1.145, "2007-03-31": "1.00100", "2006-12-31": 1.87, "2006-09-30": 0.849, "2006-06-30": 0.846, "2006-03-31": "0.70700", "2005-12-31": 0.56, "2005-09-30": 0.403, "2005-06-30": 0.354, "2005-03-31": "5.67700"}, "Common Stock Dividends Paid": {"2020-09-30": 0, "2020-06-30": 0, "2020-03-31": "", "2019-12-31": 0, "2019-09-30": 0, "2019-06-30": 0, "2019-03-31": "", "2018-12-31": 0, "2018-09-30": 0, "2018-06-30": 0, "2018-03-31": "", "2017-12-31": 0, "2017-09-30": 0, "2017-06-30": 0, "2017-03-31": "", "2016-12-31": 0, "2016-09-30": 0, "2016-06-30": 0, "2016-03-31": "", "2015-12-31": 0, "2015-09-30": 0, "2015-06-30": 0, "2015-03-31": "", "2014-12-31": 0, "2014-09-30": 0, "2014-06-30": 0, "2014-03-31": "", "2013-12-31": 0, "2013-09-30": 0, "2013-06-30": 0, "2013-03-31": "", "2012-12-31": 0, "2012-09-30": 0, "2012-06-30": 0, "2012-03-31": "", "2011-12-31": 0, "2011-09-30": 0, "2011-06-30": 0, "2011-03-31": "", "2010-12-31": 0, "2010-09-30": 0, "2010-06-30": 0, "2010-03-31": "", "2009-12-31": 0, "2009-09-30": 0, "2009-06-30": 0, "2009-03-31": "", "2008-12-31": 0, "2008-09-30": 0, "2008-06-30": 0, "2008-03-31": "", "2007-12-31": 0, "2007-09-30": 0, "2007-06-30": 0, "2007-03-31": "", "2006-12-31": 0, "2006-09-30": 0, "2006-06-30": 0, "2006-03-31": "", "2005-12-31": 0, "2005-09-30": 0, "2005-06-30": 0, "2005-03-31": "-305.88700"}}, "financial ratios": {"Current Ratio": {"2019-12-31": "1.25980", "2018-12-31": "1.47010", "2017-12-31": "1.24470", "2016-12-31": "0.58520", "2015-12-31": "0.76980", "2014-12-31": "0.77950", "2013-12-31": "0.87240", "2012-12-31": "0.81770", "2011-12-31": "0.94180", "2010-12-31": "0.83570", "2009-12-31": "0.95890", "2008-12-31": "0.96010", "2007-12-31": "0.93440", "2006-12-31": "1.05120", "2005-12-31": "1.02040"}, "Long-term Debt / Capital": {"2019-12-31": "0.58110", "2018-12-31": "0.54300", "2017-12-31": "0.55440", "2016-12-31": "0.14600", "2015-12-31": "0.14750", "2014-12-31": "0.10210", "2013-12-31": "0.08610", "2012-12-31": "0.09570", "2011-12-31": "0.11570", "2010-12-31": "0.15190", "2009-12-31": "0.19620", "2008-12-31": "0.51220", "2007-12-31": "0.61000", "2006-12-31": "0.74960", "2005-12-31": "0.85220"}, "Debt/Equity Ratio": {"2019-12-31": "1.51560", "2018-12-31": "1.30880", "2017-12-31": "1.48760", "2016-12-31": "1.49570", "2015-12-31": "1.14020", "2014-12-31": "1.32150", "2013-12-31": "0.85250", "2012-12-31": "0.92420", "2011-12-31": "0.55680", "2010-12-31": "1.01420", "2009-12-31": "0.69670", "2008-12-31": "1.62890", "2007-12-31": "2.58050", "2006-12-31": "3.45940", "2005-12-31": "6.66400"}, "Gross Margin": {"2019-12-31": "61.72340", "2018-12-31": "63.29130", "2017-12-31": "58.81030", "2016-12-31": "54.68520", "2015-12-31": "73.45800", "2014-12-31": "75.43210", "2013-12-31": "77.16790", "2012-12-31": "74.86550", "2011-12-31": "77.40730", "2010-12-31": "77.52570", "2009-12-31": "79.87770", "2008-12-31": "78.60390", "2007-12-31": "84.94350", "2006-12-31": "84.48050", "2005-12-31": "85.41390"}, "Operating Margin": {"2019-12-31": "22.38460", "2018-12-31": "25.50100", "2017-12-31": "18.69510", "2016-12-31": "15.65700", "2015-12-31": "26.77080", "2014-12-31": "37.45360", "2013-12-31": "38.57190", "2012-12-31": "35.56430", "2011-12-31": "42.18660", "2010-12-31": "38.60320", "2009-12-31": "37.48380", "2008-12-31": "41.58920", "2007-12-31": "45.24820", "2006-12-31": "46.38780", "2005-12-31": "44.17840"}, "EBIT Margin": {"2019-12-31": "22.38460", "2018-12-31": "25.50100", "2017-12-31": "18.69510", "2016-12-31": "15.65700", "2015-12-31": "27.42930", "2014-12-31": "38.24080", "2013-12-31": "38.57190", "2012-12-31": "36.36500", "2011-12-31": "43.17250", "2010-12-31": "39.97860", "2009-12-31": "40.73660", "2008-12-31": "49.20720", "2007-12-31": "55.38900", "2006-12-31": "54.42740", "2005-12-31": "50.19450"}, "EBITDA Margin": {"2019-12-31": "36.14160", "2018-12-31": "38.88700", "2017-12-31": "35.01160", "2016-12-31": "29.64740", "2015-12-31": "37.15010", "2014-12-31": "46.84850", "2013-12-31": "47.01320", "2012-12-31": "44.43160", "2011-12-31": "51.87150", "2010-12-31": "48.04820", "2009-12-31": "47.90750", "2008-12-31": "54.51120", "2007-12-31": "60.06550", "2006-12-31": "58.57540", "2005-12-31": "54.79400"}, "Pre-Tax Profit Margin": {"2019-12-31": "12.56120", "2018-12-31": "15.98640", "2017-12-31": "13.96920", "2016-12-31": "4.83270", "2015-12-31": "21.63590", "2014-12-31": "36.89110", "2013-12-31": "33.22820", "2012-12-31": "33.08720", "2011-12-31": "37.71720", "2010-12-31": "37.16180", "2009-12-31": "71.46000", "2008-12-31": "50.43420", "2007-12-31": "48.53420", "2006-12-31": "39.99220", "2005-12-31": "11.54960"}, "Net Profit Margin": {"2019-12-31": "5.74380", "2018-12-31": "11.27500", "2017-12-31": "12.81960", "2016-12-31": "2.32090", "2015-12-31": "11.92370", "2014-12-31": "24.73080", "2013-12-31": "20.79660", "2012-12-31": "15.55350", "2011-12-31": "24.15980", "2010-12-31": "22.45590", "2009-12-31": "44.30760", "2008-12-31": "32.88340", "2007-12-31": "15.34450", "2006-12-31": "25.61710", "2005-12-31": "7.72920"}, "Asset Turnover": {"2019-12-31": "0.20770", "2018-12-31": "0.22050", "2017-12-31": "0.18670", "2016-12-31": "0.16880", "2015-12-31": "0.22210", "2014-12-31": "0.19850", "2013-12-31": "0.20900", "2012-12-31": "0.19900", "2011-12-31": "0.24280", "2010-12-31": "0.18610", "2009-12-31": "0.21020", "2008-12-31": "0.24080", "2007-12-31": "0.18830", "2006-12-31": "0.18780", "2005-12-31": "0.16660"}, "Inventory Turnover Ratio": {"2019-12-31": "", "2018-12-31": "", "2017-12-31": "", "2016-12-31": "", "2015-12-31": "", "2014-12-31": "", "2013-12-31": "", "2012-12-31": "", "2011-12-31": "", "2010-12-31": "", "2009-12-31": "", "2008-12-31": "", "2007-12-31": "", "2006-12-31": "", "2005-12-31": ""}, "Receiveable Turnover": {"2019-12-31": "0.62150", "2018-12-31": "0.55400", "2017-12-31": "0.47910", "2016-12-31": "0.46810", "2015-12-31": "0.53540", "2014-12-31": "0.43670", "2013-12-31": "0.41910", "2012-12-31": "0.40040", "2011-12-31": "0.41530", "2010-12-31": "0.33640", "2009-12-31": "0.37340", "2008-12-31": "0.54660", "2007-12-31": "0.31310", "2006-12-31": "0.36310", "2005-12-31": "0.36820"}, "Days Sales In Receivables": {"2019-12-31": "587.25980", "2018-12-31": "658.79090", "2017-12-31": "761.86080", "2016-12-31": "779.71520", "2015-12-31": "681.76320", "2014-12-31": "835.84340", "2013-12-31": "870.98880", "2012-12-31": "911.56140", "2011-12-31": "878.82960", "2010-12-31": "1084.96300", "2009-12-31": "977.51440", "2008-12-31": "667.75920", "2007-12-31": "1165.81000", "2006-12-31": "1005.29900", "2005-12-31": "991.29700"}, "ROE - Return On Equity": {"2019-12-31": "8.01920", "2018-12-31": "9.45340", "2017-12-31": "9.75190", "2016-12-31": "1.35070", "2015-12-31": "10.00400", "2014-12-31": "18.55940", "2013-12-31": "16.41740", "2012-12-31": "11.82360", "2011-12-31": "18.83820", "2010-12-31": "15.67580", "2009-12-31": "31.64600", "2008-12-31": "43.31740", "2007-12-31": "25.25080", "2006-12-31": "40.74170", "2005-12-31": "18.17800"}, "Return On Tangible Equity": {"2019-12-31": "-7.46700", "2018-12-31": "-15.86100", "2017-12-31": "-11.35410", "2016-12-31": "-1.27260", "2015-12-31": "-22.46570", "2014-12-31": "-37.25720", "2013-12-31": "-120.23620", "2012-12-31": "-35.55410", "2011-12-31": "266.41790", "2010-12-31": "-85.26290", "2009-12-31": "153.01060", "2008-12-31": "-211.01000", "2007-12-31": "-46.44990", "2006-12-31": "-80.96040", "2005-12-31": "-10.80280"}, "ROA - Return On Assets": {"2019-12-31": "1.87140", "2018-12-31": "2.50750", "2017-12-31": "2.37660", "2016-12-31": "0.33910", "2015-12-31": "2.84860", "2014-12-31": "4.85660", "2013-12-31": "4.32070", "2012-12-31": "3.08790", "2011-12-31": "5.86560", "2010-12-31": "4.17690", "2009-12-31": "9.31270", "2008-12-31": "7.91880", "2007-12-31": "2.88930", "2006-12-31": "4.81030", "2005-12-31": "1.28790"}, "ROI - Return On Investment": {"2019-12-31": "3.35910", "2018-12-31": "4.32020", "2017-12-31": "4.34590", "2016-12-31": "1.15350", "2015-12-31": "8.52820", "2014-12-31": "16.66350", "2013-12-31": "15.00450", "2012-12-31": "10.69220", "2011-12-31": "16.65950", "2010-12-31": "13.29420", "2009-12-31": "25.43560", "2008-12-31": "21.13150", "2007-12-31": "9.84720", "2006-12-31": "10.20300", "2005-12-31": "2.68620"}, "Book Value Per Share": {"2019-12-31": "44.70170", "2018-12-31": "41.64080", "2017-12-31": "37.88990", "2016-12-31": "35.14730", "2015-12-31": "28.27860", "2014-12-31": "27.70710", "2013-12-31": "23.16920", "2012-12-31": "21.02220", "2011-12-31": "18.29780", "2010-12-31": "14.54350", "2009-12-31": "11.55400", "2008-12-31": "7.70480", "2007-12-31": "5.15480", "2006-12-31": "4.52950", "2005-12-31": "2.55190"}, "Operating Cash Flow Per Share": {"2019-12-31": 5.9666, "2018-12-31": 6.0432, "2017-12-31": 6.5926, "2016-12-31": -14.9098, "2015-12-31": 3.8587, "2014-12-31": 6.5888, "2013-12-31": -0.8255, "2012-12-31": 0.5249, "2011-12-31": 1.5823, "2010-12-31": 0.5724, "2009-12-31": -9.3675, "2008-12-31": 10.7847, "2007-12-31": -3.7145, "2006-12-31": 2.4598, "2005-12-31": -1.0051}, "Free Cash Flow Per Share": {"2019-12-31": 5.6167, "2018-12-31": 5.8822, "2017-12-31": 6.264, "2016-12-31": -14.7857, "2015-12-31": 3.7147, "2014-12-31": 6.1072, "2013-12-31": -1.1173, "2012-12-31": 0.4525, "2011-12-31": 1.6786, "2010-12-31": 0.2847, "2009-12-31": -9.4159, "2008-12-31": 10.7876, "2007-12-31": -3.8223, "2006-12-31": 2.4271, "2005-12-31": -1.2725}}, "financial ratios, quarterly": {"Current Ratio": {"2020-09-30": "1.50840", "2020-06-30": "1.37500", "2020-03-31": "1.33230", "2019-12-31": "1.25980", "2019-09-30": "1.30230", "2019-06-30": "1.41840", "2019-03-31": "1.39320", "2018-12-31": "1.47010", "2018-09-30": "1.49620", "2018-06-30": "1.44010", "2018-03-31": "1.45160", "2017-12-31": "1.24470", "2017-09-30": "0.68770", "2017-06-30": "0.65520", "2017-03-31": "0.61600", "2016-12-31": "0.58520", "2016-09-30": "0.62100", "2016-06-30": "0.82250", "2016-03-31": "0.80550", "2015-12-31": "0.76980", "2015-09-30": "0.81340", "2015-06-30": "0.81940", "2015-03-31": "0.79340", "2014-12-31": "0.77950", "2014-09-30": "0.78920", "2014-06-30": "0.92730", "2014-03-31": "0.89510", "2013-12-31": "0.87240", "2013-09-30": "0.87670", "2013-06-30": "0.86550", "2013-03-31": "0.85380", "2012-12-31": "0.81770", "2012-09-30": "0.96760", "2012-06-30": "0.94840", "2012-03-31": "0.97360", "2011-12-31": "0.94180", "2011-09-30": "0.92320", "2011-06-30": "0.90070", "2011-03-31": "0.87540", "2010-12-31": "0.83570", "2010-09-30": "0.81840", "2010-06-30": "1.01420", "2010-03-31": "0.99460", "2009-12-31": "0.95890", "2009-09-30": "0.95320", "2009-06-30": "0.92900", "2009-03-31": "0.96550", "2008-12-31": "0.96010", "2008-09-30": "0.93700", "2008-06-30": "0.93950", "2008-03-31": "0.91490", "2007-12-31": "0.93440", "2007-09-30": "0.92240", "2007-06-30": "0.94370", "2007-03-31": "1.04490", "2006-12-31": "1.05120", "2006-09-30": "1.03810", "2006-06-30": "1.02920", "2006-03-31": "1.03570", "2005-12-31": "1.02040", "2005-09-30": "0.98830", "2005-06-30": "0.97440", "2005-03-31": "0.98020"}, "Long-term Debt / Capital": {"2020-09-30": "0.57860", "2020-06-30": "0.57170", "2020-03-31": "0.58740", "2019-12-31": "0.58110", "2019-09-30": "0.59320", "2019-06-30": "0.60000", "2019-03-31": "0.60730", "2018-12-31": "0.54300", "2018-09-30": "0.53650", "2018-06-30": "0.54250", "2018-03-31": "0.54640", "2017-12-31": "0.55440", "2017-09-30": "0.16690", "2017-06-30": "0.15740", "2017-03-31": "0.13780", "2016-12-31": "0.14600", "2016-09-30": "0.13730", "2016-06-30": "0.14170", "2016-03-31": "0.13930", "2015-12-31": "0.14750", "2015-09-30": "0.15050", "2015-06-30": "0.15860", "2015-03-31": "0.10320", "2014-12-31": "0.10210", "2014-09-30": "0.10710", "2014-06-30": "0.09440", "2014-03-31": "0.07670", "2013-12-31": "0.08610", "2013-09-30": "0.08290", "2013-06-30": "0.09060", "2013-03-31": "0.09510", "2012-12-31": "0.09570", "2012-09-30": "0.09940", "2012-06-30": "0.10480", "2012-03-31": "0.11070", "2011-12-31": "0.11570", "2011-09-30": "0.12570", "2011-06-30": "0.13070", "2011-03-31": "0.14620", "2010-12-31": "0.15190", "2010-09-30": "0.16360", "2010-06-30": "0.17400", "2010-03-31": "0.18590", "2009-12-31": "0.19620", "2009-09-30": "0.20510", "2009-06-30": "0.21640", "2009-03-31": "0.50260", "2008-12-31": "0.51220", "2008-09-30": "0.56950", "2008-06-30": "0.65140", "2008-03-31": "0.62860", "2007-12-31": "0.61000", "2007-09-30": "0.65860", "2007-06-30": "0.67780", "2007-03-31": "0.74970", "2006-12-31": "0.74960", "2006-09-30": "0.77630", "2006-06-30": "0.85220", "2006-03-31": "0.87110", "2005-12-31": "0.85220", "2005-09-30": "0.93340", "2005-06-30": "0.92700", "2005-03-31": "0.95160"}, "Debt/Equity Ratio": {"2020-09-30": "1.43370", "2020-06-30": "1.39510", "2020-03-31": "1.50220", "2019-12-31": "1.51560", "2019-09-30": "1.56440", "2019-06-30": "1.59390", "2019-03-31": "1.64770", "2018-12-31": "1.30880", "2018-09-30": "1.28690", "2018-06-30": "1.39770", "2018-03-31": "1.37440", "2017-12-31": "1.48760", "2017-09-30": "1.51820", "2017-06-30": "1.53900", "2017-03-31": "1.57440", "2016-12-31": "1.49570", "2016-09-30": "1.54080", "2016-06-30": "1.15280", "2016-03-31": "1.10410", "2015-12-31": "1.14020", "2015-09-30": "1.21680", "2015-06-30": "1.26530", "2015-03-31": "1.27270", "2014-12-31": "1.32150", "2014-09-30": "1.14660", "2014-06-30": "0.78940", "2014-03-31": "0.81020", "2013-12-31": "0.85250", "2013-09-30": "0.87140", "2013-06-30": "0.93650", "2013-03-31": "0.94700", "2012-12-31": "0.92420", "2012-09-30": "0.49300", "2012-06-30": "0.54080", "2012-03-31": "0.57510", "2011-12-31": "0.55680", "2011-09-30": "0.79340", "2011-06-30": "0.77000", "2011-03-31": "0.87750", "2010-12-31": "1.01420", "2010-09-30": "1.12490", "2010-06-30": "0.44590", "2010-03-31": "0.62900", "2009-12-31": "0.69670", "2009-09-30": "0.73910", "2009-06-30": "0.86580", "2009-03-31": "1.45560", "2008-12-31": "1.62890", "2008-09-30": "2.34640", "2008-06-30": "3.63730", "2008-03-31": "3.51070", "2007-12-31": "2.58050", "2007-09-30": "2.92360", "2007-06-30": "3.08500", "2007-03-31": "3.77410", "2006-12-31": "3.45940", "2006-09-30": "3.92610", "2006-06-30": "6.34810", "2006-03-31": "7.92030", "2005-12-31": "6.66400", "2005-09-30": "15.22340", "2005-06-30": "13.91540", "2005-03-31": "21.91970"}, "Gross Margin": {"2020-09-30": "58.94650", "2020-06-30": "53.35420", "2020-03-31": "56.95130", "2019-12-31": "59.07580", "2019-09-30": "63.97990", "2019-06-30": "63.61010", "2019-03-31": "59.87360", "2018-12-31": "58.75460", "2018-09-30": "64.67560", "2018-06-30": "66.14330", "2018-03-31": "63.67720", "2017-12-31": "59.14510", "2017-09-30": "58.39320", "2017-06-30": "57.71840", "2017-03-31": "60.03460", "2016-12-31": "13.35990", "2016-09-30": "70.96460", "2016-06-30": "70.04440", "2016-03-31": "71.65560", "2015-12-31": "69.90770", "2015-09-30": "73.60750", "2015-06-30": "74.88310", "2015-03-31": "75.51770", "2014-12-31": "76.93850", "2014-09-30": "74.57260", "2014-06-30": "76.28700", "2014-03-31": "73.78120", "2013-12-31": "79.94060", "2013-09-30": "75.95980", "2013-06-30": "75.72480", "2013-03-31": "77.06660", "2012-12-31": "74.75950", "2012-09-30": "73.29700", "2012-06-30": "75.28750", "2012-03-31": "76.33420", "2011-12-31": "79.42300", "2011-09-30": "75.45860", "2011-06-30": "77.35650", "2011-03-31": "77.58430", "2010-12-31": "78.44570", "2010-09-30": "74.27690", "2010-06-30": "80.00980", "2010-03-31": "77.43960", "2009-12-31": "80.74990", "2009-09-30": "79.05110", "2009-06-30": "82.65170", "2009-03-31": "76.70300", "2008-12-31": "70.15540", "2008-09-30": "82.54050", "2008-06-30": "80.38890", "2008-03-31": "78.72850", "2007-12-31": "82.33480", "2007-09-30": "88.04930", "2007-06-30": "88.08110", "2007-03-31": "80.69120", "2006-12-31": "80.86810", "2006-09-30": "85.02430", "2006-06-30": "87.76850", "2006-03-31": "83.89030", "2005-12-31": "88.33220", "2005-09-30": "86.33430", "2005-06-30": "85.21050", "2005-03-31": "80.84750"}, "Operating Margin": {"2020-09-30": "0.48280", "2020-06-30": "8.29250", "2020-03-31": "17.33440", "2019-12-31": "23.60170", "2019-09-30": "25.72190", "2019-06-30": "21.44310", "2019-03-31": "18.05170", "2018-12-31": "24.60440", "2018-09-30": "26.52860", "2018-06-30": "27.08320", "2018-03-31": "23.68710", "2017-12-31": "18.63370", "2017-09-30": "19.66750", "2017-06-30": "15.65760", "2017-03-31": "20.85140", "2016-12-31": "3.92990", "2016-09-30": "18.96330", "2016-06-30": "22.07230", "2016-03-31": "19.97150", "2015-12-31": "23.46200", "2015-09-30": "29.96810", "2015-06-30": "29.44870", "2015-03-31": "23.84750", "2014-12-31": "29.18950", "2014-09-30": "46.15680", "2014-06-30": "39.84950", "2014-03-31": "33.79890", "2013-12-31": "39.07940", "2013-09-30": "40.66990", "2013-06-30": "37.62570", "2013-03-31": "36.60280", "2012-12-31": "29.28970", "2012-09-30": "31.85560", "2012-06-30": "41.08090", "2012-03-31": "41.36610", "2011-12-31": "43.43160", "2011-09-30": "42.95820", "2011-06-30": "43.30300", "2011-03-31": "38.44780", "2010-12-31": "37.40510", "2010-09-30": "36.10930", "2010-06-30": "43.03280", "2010-03-31": "38.39540", "2009-12-31": "36.27380", "2009-09-30": "42.34750", "2009-06-30": "41.56920", "2009-03-31": "28.21100", "2008-12-31": "25.20280", "2008-09-30": "50.12580", "2008-06-30": "45.80090", "2008-03-31": "39.88120", "2007-12-31": "43.60340", "2007-09-30": "49.05990", "2007-06-30": "49.60510", "2007-03-31": "37.45790", "2006-12-31": "40.35140", "2006-09-30": "49.10720", "2006-06-30": "50.56460", "2006-03-31": "44.72140", "2005-12-31": "48.40510", "2005-09-30": "50.55270", "2005-06-30": "45.41360", "2005-03-31": "29.37630"}, "EBIT Margin": {"2020-09-30": "0.48280", "2020-06-30": "8.29250", "2020-03-31": "17.33440", "2019-12-31": "23.60170", "2019-09-30": "25.72190", "2019-06-30": "21.44310", "2019-03-31": "18.05170", "2018-12-31": "19.41130", "2018-09-30": "29.18440", "2018-06-30": "29.65280", "2018-03-31": "23.68710", "2017-12-31": "18.63370", "2017-09-30": "19.66750", "2017-06-30": "15.65760", "2017-03-31": "20.85140", "2016-12-31": "2.00270", "2016-09-30": "19.86650", "2016-06-30": "22.71560", "2016-03-31": "20.64460", "2015-12-31": "24.03060", "2015-09-30": "30.62410", "2015-06-30": "30.08380", "2015-03-31": "24.62810", "2014-12-31": "29.98720", "2014-09-30": "46.99420", "2014-06-30": "40.64270", "2014-03-31": "34.50630", "2013-12-31": "37.32110", "2013-09-30": "41.17950", "2013-06-30": "38.23260", "2013-03-31": "37.29640", "2012-12-31": "30.21280", "2012-09-30": "32.62780", "2012-06-30": "41.78380", "2012-03-31": "42.15900", "2011-12-31": "45.38100", "2011-09-30": "43.91220", "2011-06-30": "43.30300", "2011-03-31": "39.51200", "2010-12-31": "38.48790", "2010-09-30": "37.36140", "2010-06-30": "44.59560", "2010-03-31": "40.11520", "2009-12-31": "38.20990", "2009-09-30": "44.61360", "2009-06-30": "44.86040", "2009-03-31": "34.25210", "2008-12-31": "27.72520", "2008-09-30": "58.95370", "2008-06-30": "54.14160", "2008-03-31": "49.35770", "2007-12-31": "73.79390", "2007-09-30": "38.61180", "2007-06-30": "60.01070", "2007-03-31": "47.09420", "2006-12-31": "48.62630", "2006-09-30": "57.77960", "2006-06-30": "58.49750", "2006-03-31": "51.84880", "2005-12-31": "56.05270", "2005-09-30": "56.69410", "2005-06-30": "50.98320", "2005-03-31": "33.70750"}, "EBITDA Margin": {"2020-09-30": "", "2020-06-30": "", "2020-03-31": "", "2019-12-31": "", "2019-09-30": "", "2019-06-30": "", "2019-03-31": "", "2018-12-31": "", "2018-09-30": "", "2018-06-30": "", "2018-03-31": "", "2017-12-31": "", "2017-09-30": "", "2017-06-30": "", "2017-03-31": "", "2016-12-31": "", "2016-09-30": "", "2016-06-30": "", "2016-03-31": "", "2015-12-31": "", "2015-09-30": "", "2015-06-30": "", "2015-03-31": "", "2014-12-31": "", "2014-09-30": "", "2014-06-30": "", "2014-03-31": "", "2013-12-31": "", "2013-09-30": "", "2013-06-30": "", "2013-03-31": "", "2012-12-31": "", "2012-09-30": "", "2012-06-30": "", "2012-03-31": "", "2011-12-31": "", "2011-09-30": "", "2011-06-30": "", "2011-03-31": "", "2010-12-31": "", "2010-09-30": "", "2010-06-30": "", "2010-03-31": "", "2009-12-31": "", "2009-09-30": "", "2009-06-30": "", "2009-03-31": "", "2008-12-31": "", "2008-09-30": "", "2008-06-30": "", "2008-03-31": "", "2007-12-31": "", "2007-09-30": "", "2007-06-30": "", "2007-03-31": "", "2006-12-31": "", "2006-09-30": "", "2006-06-30": "", "2006-03-31": "", "2005-12-31": "", "2005-09-30": "", "2005-06-30": "", "2005-03-31": ""}, "Pre-Tax Profit Margin": {"2020-09-30": "-9.45130", "2020-06-30": "-1.83070", "2020-03-31": "-4.16420", "2019-12-31": "20.14750", "2019-09-30": "13.38890", "2019-06-30": "10.01520", "2019-03-31": "5.76780", "2018-12-31": "10.33560", "2018-09-30": "20.15150", "2018-06-30": "13.72470", "2018-03-31": "19.89110", "2017-12-31": "15.51010", "2017-09-30": "16.18200", "2017-06-30": "8.98200", "2017-03-31": "14.96820", "2016-12-31": "-10.22790", "2016-09-30": "8.78110", "2016-06-30": "7.00790", "2016-03-31": "17.67800", "2015-12-31": "16.48120", "2015-09-30": "32.06980", "2015-06-30": "20.05170", "2015-03-31": "17.06750", "2014-12-31": "37.43110", "2014-09-30": "44.36380", "2014-06-30": "33.10330", "2014-03-31": "31.33940", "2013-12-31": "30.66440", "2013-09-30": "36.54980", "2013-06-30": "37.74740", "2013-03-31": "27.33510", "2012-12-31": "25.76830", "2012-09-30": "21.82370", "2012-06-30": "59.23010", "2012-03-31": "26.29570", "2011-12-31": "36.70730", "2011-09-30": "48.96430", "2011-06-30": "45.20570", "2011-03-31": "15.85980", "2010-12-31": "25.76500", "2010-09-30": "37.64880", "2010-06-30": "52.55870", "2010-03-31": "35.40660", "2009-12-31": "24.70790", "2009-09-30": "45.04590", "2009-06-30": "190.93030", "2009-03-31": "25.38320", "2008-12-31": "137.19450", "2008-09-30": "99.76040", "2008-06-30": "-35.42320", "2008-03-31": "25.16840", "2007-12-31": "8.37330", "2007-09-30": "40.06980", "2007-06-30": "124.85200", "2007-03-31": "18.21590", "2006-12-31": "43.47190", "2006-09-30": "67.36060", "2006-06-30": "18.82390", "2006-03-31": "27.38480", "2005-12-31": "64.71710", "2005-09-30": "-12.04840", "2005-06-30": "42.83990", "2005-03-31": "-57.95370"}, "Net Profit Margin": {"2020-09-30": "-17.23040", "2020-06-30": "20.93380", "2020-03-31": "-3.76580", "2019-12-31": "12.37280", "2019-09-30": "3.17830", "2019-06-30": "3.12510", "2019-03-31": "4.22490", "2018-12-31": "5.57640", "2018-09-30": "14.65120", "2018-06-30": "10.36250", "2018-03-31": "14.67960", "2017-12-31": "24.17000", "2017-09-30": "10.48480", "2017-06-30": "5.62390", "2017-03-31": "10.09110", "2016-12-31": "-11.18060", "2016-09-30": "6.84470", "2016-06-30": "5.37200", "2016-03-31": "11.21070", "2015-12-31": "9.82920", "2015-09-30": "14.22920", "2015-06-30": "12.39960", "2015-03-31": "11.04630", "2014-12-31": "22.60550", "2014-09-30": "33.51270", "2014-06-30": "21.49660", "2014-03-31": "20.07050", "2013-12-31": "18.90910", "2013-09-30": "22.88890", "2013-06-30": "23.67730", "2013-03-31": "17.34840", "2012-12-31": "17.19130", "2012-09-30": "8.88260", "2012-06-30": "19.81850", "2012-03-31": "16.58270", "2011-12-31": "23.45030", "2011-09-30": "31.67020", "2011-06-30": "28.74950", "2011-03-31": "10.08830", "2010-12-31": "16.10850", "2010-09-30": "20.52400", "2010-06-30": "32.84960", "2010-03-31": "22.12870", "2009-12-31": "14.61290", "2009-09-30": "27.22070", "2009-06-30": "119.66610", "2009-03-31": "16.02530", "2008-12-31": "86.35680", "2008-09-30": "66.65750", "2008-06-30": "-21.91970", "2008-03-31": "15.63060", "2007-12-31": "5.09810", "2007-09-30": "25.39930", "2007-06-30": "19.02230", "2007-03-31": "11.60790", "2006-12-31": "26.79490", "2006-09-30": "43.22300", "2006-06-30": "12.94050", "2006-03-31": "17.55930", "2005-12-31": "43.96900", "2005-09-30": "-9.17720", "2005-06-30": "26.14510", "2005-03-31": "-35.38750"}, "Asset Turnover": {"2020-09-30": "0.04600", "2020-06-30": "0.04390", "2020-03-31": "0.05610", "2019-12-31": "0.05300", "2019-09-30": "0.05390", "2019-06-30": "0.05150", "2019-03-31": "0.04800", "2018-12-31": "0.05630", "2018-09-30": "0.05400", "2018-06-30": "0.05330", "2018-03-31": "0.05240", "2017-12-31": "0.04920", "2017-09-30": "0.04950", "2017-06-30": "0.04790", "2017-03-31": "0.04720", "2016-12-31": "0.04750", "2016-09-30": "0.04540", "2016-06-30": "0.05490", "2016-03-31": "0.04970", "2015-12-31": "0.05530", "2015-09-30": "0.05200", "2015-06-30": "0.05110", "2015-03-31": "0.04760", "2014-12-31": "0.05140", "2014-09-30": "0.04850", "2014-06-30": "0.05190", "2014-03-31": "0.04920", "2013-12-31": "0.05310", "2013-09-30": "0.05240", "2013-06-30": "0.05170", "2013-03-31": "0.04750", "2012-12-31": "0.05400", "2012-09-30": "0.05260", "2012-06-30": "0.05640", "2012-03-31": "0.05570", "2011-12-31": "0.06140", "2011-09-30": "0.06140", "2011-06-30": "0.05510", "2011-03-31": "0.05010", "2010-12-31": "0.05480", "2010-09-30": "0.04820", "2010-06-30": "0.05580", "2010-03-31": "0.05360", "2009-12-31": "0.05530", "2009-09-30": "0.05520", "2009-06-30": "0.04970", "2009-03-31": "0.04770", "2008-12-31": "0.04680", "2008-09-30": "0.05060", "2008-06-30": "0.04720", "2008-03-31": "0.04630", "2007-12-31": "0.05080", "2007-09-30": "0.04720", "2007-06-30": "0.04580", "2007-03-31": "0.04370", "2006-12-31": "0.04560", "2006-09-30": "0.05030", "2006-06-30": "0.04730", "2006-03-31": "0.04460", "2005-12-31": "0.04450", "2005-09-30": "0.04390", "2005-06-30": "0.04320", "2005-03-31": "0.04220"}, "Inventory Turnover Ratio": {"2020-09-30": "", "2020-06-30": "", "2020-03-31": "", "2019-12-31": "", "2019-09-30": "", "2019-06-30": "", "2019-03-31": "", "2018-12-31": "", "2018-09-30": "", "2018-06-30": "", "2018-03-31": "", "2017-12-31": "", "2017-09-30": "", "2017-06-30": "", "2017-03-31": "", "2016-12-31": "", "2016-09-30": "", "2016-06-30": "", "2016-03-31": "", "2015-12-31": "", "2015-09-30": "", "2015-06-30": "", "2015-03-31": "", "2014-12-31": "", "2014-09-30": "", "2014-06-30": "", "2014-03-31": "", "2013-12-31": "", "2013-09-30": "", "2013-06-30": "", "2013-03-31": "", "2012-12-31": "", "2012-09-30": "", "2012-06-30": "", "2012-03-31": "", "2011-12-31": "", "2011-09-30": "", "2011-06-30": "", "2011-03-31": "", "2010-12-31": "", "2010-09-30": "", "2010-06-30": "", "2010-03-31": "", "2009-12-31": "", "2009-09-30": "", "2009-06-30": "", "2009-03-31": "", "2008-12-31": "", "2008-09-30": "", "2008-06-30": "", "2008-03-31": "", "2007-12-31": "", "2007-09-30": "", "2007-06-30": "", "2007-03-31": "", "2006-12-31": "", "2006-09-30": "", "2006-06-30": "", "2006-03-31": "", "2005-12-31": "", "2005-09-30": "", "2005-06-30": "", "2005-03-31": ""}, "Receiveable Turnover": {"2020-09-30": "0.16990", "2020-06-30": "0.17080", "2020-03-31": "0.19700", "2019-12-31": "0.15870", "2019-09-30": "0.13940", "2019-06-30": "0.13250", "2019-03-31": "0.12880", "2018-12-31": "0.14150", "2018-09-30": "0.11830", "2018-06-30": "0.11390", "2018-03-31": "0.12040", "2017-12-31": "0.12640", "2017-09-30": "0.11740", "2017-06-30": "0.11750", "2017-03-31": "0.12360", "2016-12-31": "0.13170", "2016-09-30": "0.13310", "2016-06-30": "0.11790", "2016-03-31": "0.12400", "2015-12-31": "0.13320", "2015-09-30": "0.12000", "2015-06-30": "0.10290", "2015-03-31": "0.11150", "2014-12-31": "0.11320", "2014-09-30": "0.10920", "2014-06-30": "0.09140", "2014-03-31": "0.09190", "2013-12-31": "0.10650", "2013-09-30": "0.10010", "2013-06-30": "0.09730", "2013-03-31": "0.09280", "2012-12-31": "0.10860", "2012-09-30": "0.09870", "2012-06-30": "0.09990", "2012-03-31": "0.09010", "2011-12-31": "0.10500", "2011-09-30": "0.09990", "2011-06-30": "0.09070", "2011-03-31": "0.08470", "2010-12-31": "0.09900", "2010-09-30": "0.08740", "2010-06-30": "0.08910", "2010-03-31": "0.08840", "2009-12-31": "0.09830", "2009-09-30": "0.09420", "2009-06-30": "0.08580", "2009-03-31": "0.09770", "2008-12-31": "0.10620", "2008-09-30": "0.07900", "2008-06-30": "0.07030", "2008-03-31": "0.07430", "2007-12-31": "0.08450", "2007-09-30": "0.08230", "2007-06-30": "0.07580", "2007-03-31": "0.07880", "2006-12-31": "0.08820", "2006-09-30": "0.09490", "2006-06-30": "0.08550", "2006-03-31": "0.08890", "2005-12-31": "0.09830", "2005-09-30": "0.08400", "2005-06-30": "0.09440", "2005-03-31": "0.10090"}, "Days Sales In Receivables": {"2020-09-30": "529.77020", "2020-06-30": "526.99730", "2020-03-31": "456.86430", "2019-12-31": "567.20790", "2019-09-30": "645.78360", "2019-06-30": "679.04000", "2019-03-31": "699.02110", "2018-12-31": "636.06820", "2018-09-30": "760.46870", "2018-06-30": "790.20520", "2018-03-31": "747.58300", "2017-12-31": "712.20320", "2017-09-30": "766.41750", "2017-06-30": "765.88940", "2017-03-31": "728.32050", "2016-12-31": "683.33230", "2016-09-30": "676.07770", "2016-06-30": "763.66690", "2016-03-31": "725.61080", "2015-12-31": "675.64080", "2015-09-30": "749.85220", "2015-06-30": "874.67050", "2015-03-31": "807.16540", "2014-12-31": "795.39590", "2014-09-30": "824.08670", "2014-06-30": "984.77540", "2014-03-31": "979.05630", "2013-12-31": "845.30920", "2013-09-30": "899.23130", "2013-06-30": "924.75680", "2013-03-31": "969.52260", "2012-12-31": "828.79520", "2012-09-30": "911.75780", "2012-06-30": "901.04720", "2012-03-31": "999.25370", "2011-12-31": "857.07760", "2011-09-30": "900.47940", "2011-06-30": "992.17940", "2011-03-31": "1063.17000", "2010-12-31": "909.02540", "2010-09-30": "1029.58900", "2010-06-30": "1010.31800", "2010-03-31": "1018.62100", "2009-12-31": "915.32350", "2009-09-30": "955.75980", "2009-06-30": "1048.83000", "2009-03-31": "920.75700", "2008-12-31": "847.13870", "2008-09-30": "1139.05000", "2008-06-30": "1280.71800", "2008-03-31": "1210.82800", "2007-12-31": "1065.53100", "2007-09-30": "1093.38200", "2007-06-30": "1187.39500", "2007-03-31": "1142.55600", "2006-12-31": "1020.33500", "2006-09-30": "947.88960", "2006-06-30": "1052.69100", "2006-03-31": "1012.01100", "2005-12-31": "915.62120", "2005-09-30": "1071.95900", "2005-06-30": "953.00500", "2005-03-31": "891.95040"}, "ROE - Return On Equity": {"2020-09-30": "-2.75240", "2020-06-30": "0.67370", "2020-03-31": "-0.65370", "2019-12-31": "3.34550", "2019-09-30": "2.29200", "2019-06-30": "1.72770", "2019-03-31": "0.89210", "2018-12-31": "1.22140", "2018-09-30": "3.06090", "2018-06-30": "2.15210", "2018-03-31": "2.97540", "2017-12-31": "4.87030", "2017-09-30": "2.07350", "2017-06-30": "1.05340", "2017-03-31": "1.87680", "2016-12-31": "-2.25790", "2016-09-30": "1.26480", "2016-06-30": "1.04790", "2016-03-31": "2.05260", "2015-12-31": "1.95290", "2015-09-30": "3.91610", "2015-06-30": "2.42660", "2015-03-31": "1.90750", "2014-12-31": "4.38320", "2014-09-30": "6.99490", "2014-06-30": "4.33280", "2014-03-31": "3.85100", "2013-12-31": "3.75190", "2013-09-30": "4.96420", "2013-06-30": "5.08150", "2013-03-31": "3.45570", "2012-12-31": "3.52770", "2012-09-30": "1.82190", "2012-06-30": "4.00760", "2012-03-31": "3.11920", "2011-12-31": "4.62310", "2011-09-30": "7.28470", "2011-06-30": "6.35630", "2011-03-31": "2.07130", "2010-12-31": "3.30370", "2010-09-30": "3.93750", "2010-06-30": "6.09140", "2010-03-31": "3.93290", "2009-12-31": "2.74840", "2009-09-30": "5.45640", "2009-06-30": "22.90230", "2009-03-31": "3.57810", "2008-12-31": "22.11040", "2008-09-30": "30.38380", "2008-06-30": "-14.67640", "2008-03-31": "7.69630", "2007-12-31": "2.26330", "2007-09-30": "10.70780", "2007-06-30": "8.44710", "2007-03-31": "4.66070", "2006-12-31": "10.35290", "2006-09-30": "21.38720", "2006-06-30": "10.03400", "2006-03-31": "13.08150", "2005-12-31": "27.60570", "2005-09-30": "-14.90180", "2005-06-30": "32.16280", "2005-03-31": "-59.29390"}, "Return On Tangible Equity": {"2020-09-30": "3.24460", "2020-06-30": "-0.69270", "2020-03-31": "0.59270", "2019-12-31": "-3.11520", "2019-09-30": "-1.92970", "2019-06-30": "-1.59520", "2019-03-31": "-0.85460", "2018-12-31": "-2.04920", "2018-09-30": "-5.34620", "2018-06-30": "-3.33930", "2018-03-31": "-4.29440", "2017-12-31": "-5.67040", "2017-09-30": "-2.53350", "2017-06-30": "-1.17130", "2017-03-31": "-1.91250", "2016-12-31": "2.12730", "2016-09-30": "-1.18790", "2016-06-30": "-2.76390", "2016-03-31": "-5.11760", "2015-12-31": "-4.38540", "2015-09-30": "-9.39850", "2015-06-30": "-5.70140", "2015-03-31": "-3.94860", "2014-12-31": "-8.79920", "2014-09-30": "-14.44290", "2014-06-30": "-106.57380", "2014-03-31": "-38.52440", "2013-12-31": "-27.47800", "2013-09-30": "-28.89350", "2013-06-30": "-20.59340", "2013-03-31": "-11.39290", "2012-12-31": "-10.60790", "2012-09-30": "21.11890", "2012-06-30": "38.77670", "2012-03-31": "27.48330", "2011-12-31": "65.38130", "2011-09-30": "477.41580", "2011-06-30": "-98.87290", "2011-03-31": "-12.97610", "2010-12-31": "-17.96940", "2010-09-30": "-15.79420", "2010-06-30": "20.55950", "2010-03-31": "15.05550", "2009-12-31": "13.28860", "2009-09-30": "30.40910", "2009-06-30": "171.24540", "2009-03-31": "-23.30970", "2008-12-31": "-107.70530", "2008-09-30": "-61.06320", "2008-06-30": "13.41160", "2008-03-31": "-9.06130", "2007-12-31": "-4.16340", "2007-09-30": "-20.67400", "2007-06-30": "-20.02280", "2007-03-31": "-8.64790", "2006-12-31": "-20.57300", "2006-09-30": "-30.15270", "2006-06-30": "-25.11600", "2006-03-31": "-22.38480", "2005-12-31": "-16.40540", "2005-09-30": "6.61200", "2005-06-30": "-16.93890", "2005-03-31": "17.78100"}, "ROA - Return On Assets": {"2020-09-30": "-0.69420", "2020-06-30": "0.16940", "2020-03-31": "-0.15940", "2019-12-31": "0.78070", "2019-09-30": "0.49700", "2019-06-30": "0.37150", "2019-03-31": "0.20370", "2018-12-31": "0.32400", "2018-09-30": "0.79060", "2018-06-30": "0.55470", "2018-03-31": "0.77970", "2017-12-31": "1.18690", "2017-09-30": "0.51760", "2017-06-30": "0.26230", "2017-03-31": "0.47080", "2016-12-31": "-0.56690", "2016-09-30": "0.30320", "2016-06-30": "0.27950", "2016-03-31": "0.56040", "2015-12-31": "0.55610", "2015-09-30": "0.96080", "2015-06-30": "0.63160", "2015-03-31": "0.47100", "2014-12-31": "1.14700", "2014-09-30": "1.61260", "2014-06-30": "1.10250", "2014-03-31": "0.97500", "2013-12-31": "0.98740", "2013-09-30": "1.19700", "2013-06-30": "1.21930", "2013-03-31": "0.82110", "2012-12-31": "0.92130", "2012-09-30": "0.46640", "2012-06-30": "1.11700", "2012-03-31": "0.92420", "2011-12-31": "1.43950", "2011-09-30": "1.94420", "2011-06-30": "1.58450", "2011-03-31": "0.50540", "2010-12-31": "0.88030", "2010-09-30": "0.99010", "2010-06-30": "1.83260", "2010-03-31": "1.18570", "2009-12-31": "0.80880", "2009-09-30": "1.50160", "2009-06-30": "5.94470", "2009-03-31": "0.76510", "2008-12-31": "4.04200", "2008-09-30": "3.37250", "2008-06-30": "-1.03520", "2008-03-31": "0.72410", "2007-12-31": "0.25900", "2007-09-30": "1.19980", "2007-06-30": "0.87030", "2007-03-31": "0.50720", "2006-12-31": "1.22240", "2006-09-30": "2.17420", "2006-06-30": "0.61270", "2006-03-31": "0.78340", "2005-12-31": "1.95590", "2005-09-30": "-0.40290", "2005-06-30": "1.12870", "2005-03-31": "-1.49210"}, "ROI - Return On Investment": {"2020-09-30": "-1.15980", "2020-06-30": "0.28850", "2020-03-31": "-0.26970", "2019-12-31": "1.40140", "2019-09-30": "0.93240", "2019-06-30": "0.69120", "2019-03-31": "0.35030", "2018-12-31": "0.55820", "2018-09-30": "1.41860", "2018-06-30": "0.98460", "2018-03-31": "1.34970", "2017-12-31": "2.17040", "2017-09-30": "1.72750", "2017-06-30": "0.88760", "2017-03-31": "1.61810", "2016-12-31": "-1.92830", "2016-09-30": "1.09120", "2016-06-30": "0.89940", "2016-03-31": "1.76660", "2015-12-31": "1.66480", "2015-09-30": "3.32690", "2015-06-30": "2.04160", "2015-03-31": "1.71070", "2014-12-31": "3.93550", "2014-09-30": "6.24550", "2014-06-30": "3.92360", "2014-03-31": "3.55580", "2013-12-31": "3.42900", "2013-09-30": "4.55280", "2013-06-30": "4.62090", "2013-03-31": "3.12710", "2012-12-31": "3.19010", "2012-09-30": "1.64080", "2012-06-30": "3.58750", "2012-03-31": "2.77380", "2011-12-31": "4.08840", "2011-09-30": "6.36880", "2011-06-30": "5.52530", "2011-03-31": "1.76850", "2010-12-31": "2.80180", "2010-09-30": "3.29330", "2010-06-30": "5.03170", "2010-03-31": "3.20160", "2009-12-31": "2.20900", "2009-09-30": "4.33750", "2009-06-30": "17.94680", "2009-03-31": "1.77990", "2008-12-31": "10.78610", "2008-09-30": "13.07950", "2008-06-30": "-5.11670", "2008-03-31": "2.85830", "2007-12-31": "0.88260", "2007-09-30": "3.65520", "2007-06-30": "2.72150", "2007-03-31": "1.16640", "2006-12-31": "2.59270", "2006-09-30": "4.78410", "2006-06-30": "1.48340", "2006-03-31": "1.68580", "2005-12-31": "4.07940", "2005-09-30": "-0.99220", "2005-06-30": "2.34750", "2005-03-31": "-2.86980"}, "Book Value Per Share": {"2020-09-30": "47.52740", "2020-06-30": "45.68260", "2020-03-31": "43.15880", "2019-12-31": "44.70170", "2019-09-30": "42.78150", "2019-06-30": "42.60310", "2019-03-31": "42.01290", "2018-12-31": "41.64080", "2018-09-30": "42.90620", "2018-06-30": "41.59110", "2018-03-31": "41.09840", "2017-12-31": "37.88990", "2017-09-30": "38.04560", "2017-06-30": "36.80860", "2017-03-31": "36.11320", "2016-12-31": "35.14730", "2016-09-30": "35.43900", "2016-06-30": "29.28710", "2016-03-31": "29.15710", "2015-12-31": "28.27860", "2015-09-30": "27.53700", "2015-06-30": "28.07990", "2015-03-31": "27.11450", "2014-12-31": "27.70710", "2014-09-30": "27.16150", "2014-06-30": "25.44600", "2014-03-31": "24.09920", "2013-12-31": "23.16920", "2013-09-30": "22.62240", "2013-06-30": "21.23500", "2013-03-31": "21.25870", "2012-12-31": "21.02220", "2012-09-30": "20.20190", "2012-06-30": "19.52180", "2012-03-31": "19.12610", "2011-12-31": "18.29780", "2011-09-30": "17.03790", "2011-06-30": "16.52750", "2011-03-31": "15.11630", "2010-12-31": "14.54350", "2010-09-30": "13.61580", "2010-06-30": "12.77260", "2010-03-31": "12.14390", "2009-12-31": "11.55400", "2009-09-30": "11.22900", "2009-06-30": "10.62910", "2009-03-31": "7.99910", "2008-12-31": "7.70480", "2008-09-30": "6.14600", "2008-06-30": "4.28100", "2008-03-31": "4.86520", "2007-12-31": "5.15480", "2007-09-30": "5.22980", "2007-06-30": "4.84390", "2007-03-31": "4.41050", "2006-12-31": "4.52950", "2006-09-30": "3.98930", "2006-06-30": "2.42400", "2006-03-31": "2.15300", "2005-12-31": "2.55190", "2005-09-30": "1.03250", "2005-06-30": "1.15920", "2005-03-31": "0.77530"}, "Operating Cash Flow Per Share": {"2020-09-30": 0.953, "2020-06-30": 8.7457, "2020-03-31": "7.83640", "2019-12-31": 10.467, "2019-09-30": 2.8701, "2019-06-30": 0.2054, "2019-03-31": "1.60910", "2018-12-31": 4.8818, "2018-09-30": 5.8341, "2018-06-30": -3.5518, "2018-03-31": "2.02090", "2017-12-31": 4.1753, "2017-09-30": 1.0975, "2017-06-30": -0.7176, "2017-03-31": "-1.41340", "2016-12-31": -1.5644, "2016-09-30": -0.4252, "2016-06-30": -3.6855, "2016-03-31": "2.22430", "2015-12-31": 5.0793, "2015-09-30": 5.0133, "2015-06-30": -3.0402, "2015-03-31": "4.40660", "2014-12-31": 7.668, "2014-09-30": 4.3836, "2014-06-30": -2.4649, "2014-03-31": "-1.98640", "2013-12-31": 1.6586, "2013-09-30": -1.477, "2013-06-30": 0.1009, "2013-03-31": "0.72900", "2012-12-31": 2.486, "2012-09-30": 0.6444, "2012-06-30": -0.316, "2012-03-31": "-0.97740", "2011-12-31": 3.2241, "2011-09-30": 0.881, "2011-06-30": -1.6475, "2011-03-31": "-1.14550", "2010-12-31": -0.3932, "2010-09-30": 0.5544, "2010-06-30": -0.5929, "2010-03-31": "0.16150", "2009-12-31": 0.8385, "2009-09-30": 0.4409, "2009-06-30": -3.8446, "2009-03-31": "1.72260", "2008-12-31": 8.415, "2008-09-30": 3.6342, "2008-06-30": -3.7615, "2008-03-31": "0.23720", "2007-12-31": -0.8147, "2007-09-30": 2.2858, "2007-06-30": -2.9076, "2007-03-31": "-0.82330", "2006-12-31": 2.0296, "2006-09-30": 0.9481, "2006-06-30": -1.8386, "2006-03-31": "0.31560", "2005-12-31": 1.5205, "2005-09-30": -2.4663, "2005-06-30": -0.9898, "2005-03-31": "0.93050"}, "Free Cash Flow Per Share": {"2020-09-30": 0.5494, "2020-06-30": 8.2747, "2020-03-31": "7.36040", "2019-12-31": 9.9224, "2019-09-30": 2.1673, "2019-06-30": -0.2457, "2019-03-31": "0.95760", "2018-12-31": 4.1064, "2018-09-30": 5.4045, "2018-06-30": -4.0069, "2018-03-31": "1.68090", "2017-12-31": 3.6377, "2017-09-30": 0.6664, "2017-06-30": -1.0849, "2017-03-31": "-1.91650", "2016-12-31": -2.0248, "2016-09-30": -0.5555, "2016-06-30": -4.0778, "2016-03-31": "1.69680", "2015-12-31": 4.6588, "2015-09-30": 4.5132, "2015-06-30": -3.4443, "2015-03-31": "4.09670", "2014-12-31": 7.1888, "2014-09-30": 3.9526, "2014-06-30": -2.7546, "2014-03-31": "-2.27710", "2013-12-31": 1.4203, "2013-09-30": -1.9143, "2013-06-30": -0.0906, "2013-03-31": "0.58710", "2012-12-31": 2.3277, "2012-09-30": 0.4932, "2012-06-30": -0.5967, "2012-03-31": "-1.10440", "2011-12-31": 3.0892, "2011-09-30": 0.6899, "2011-06-30": -1.8011, "2011-03-31": "-1.31070", "2010-12-31": -0.6088, "2010-09-30": 0.3727, "2010-06-30": -0.7664, "2010-03-31": "-0.00880", "2009-12-31": 0.7187, "2009-09-30": 0.3326, "2009-06-30": -3.9604, "2009-03-31": "1.61310", "2008-12-31": 8.3206, "2008-09-30": 3.5465, "2008-06-30": -3.8788, "2008-03-31": "0.13160", "2007-12-31": -0.9187, "2007-09-30": 2.1917, "2007-06-30": -3.02, "2007-03-31": "-0.92070", "2006-12-31": 1.9398, "2006-09-30": 0.8891, "2006-06-30": -1.9252, "2006-03-31": "0.25090", "2005-12-31": 1.4465, "2005-09-30": -2.5375, "2005-06-30": -1.0441, "2005-03-31": "0.86260"}}, "revenue": {"WEX Annual Revenue (Millions of US $)": {"2019": "$1,724", "2018": "$1,493", "2017": "$1,249", "2016": "$1,012", "2015": "$855", "2014": "$818", "2013": "$717", "2012": "$623", "2011": "$553", "2010": "$390", "2009": "$315", "2008": "$388", "2007": "$336", "2006": "$291", "2005": "$241"}, "WEX Quarterly Revenue (Millions of US $)": {"2020-09-30": "$382", "2020-06-30": "$347", "2020-03-31": "$432", "2019-12-31": "$440", "2019-09-30": "$460", "2019-06-30": "$442", "2019-03-31": "$382", "2018-12-31": "$381", "2018-09-30": "$387", "2018-06-30": "$371", "2018-03-31": "$354", "2017-12-31": "$329", "2017-09-30": "$324", "2017-06-30": "$304", "2017-03-31": "$291", "2016-12-31": "$285", "2016-09-30": "$288", "2016-06-30": "$234", "2016-03-31": "$206", "2015-12-31": "$213", "2015-09-30": "$226", "2015-06-30": "$214", "2015-03-31": "$202", "2014-12-31": "$212", "2014-09-30": "$222", "2014-06-30": "$202", "2014-03-31": "$182", "2013-12-31": "$182", "2013-09-30": "$192", "2013-06-30": "$178", "2013-03-31": "$165", "2012-12-31": "$169", "2012-09-30": "$161", "2012-06-30": "$153", "2012-03-31": "$140", "2011-12-31": "$140", "2011-09-30": "$152", "2011-06-30": "$141", "2011-03-31": "$120", "2010-12-31": "$115", "2010-09-30": "$100", "2010-06-30": "$91", "2010-03-31": "$84", "2009-12-31": "$83", "2009-09-30": "$86", "2009-06-30": "$78", "2009-03-31": "$68", "2008-12-31": "$75", "2008-09-30": "$109", "2008-06-30": "$111", "2008-03-31": "$93", "2007-12-31": "$91", "2007-09-30": "$88", "2007-06-30": "$86", "2007-03-31": "$72", "2006-12-31": "$71", "2006-09-30": "$80", "2006-06-30": "$76", "2006-03-31": "$65", "2005-12-31": "$64", "2005-09-30": "$67", "2005-06-30": "$57", "2005-03-31": "$52"}}, "gross-profit": {"WEX Annual Gross Profit (Millions of US $)": {"2019": "$1,064", "2018": "$945", "2017": "$734", "2016": "$554", "2015": "$628", "2014": "$617", "2013": "$554", "2012": "$467", "2011": "$428", "2010": "$303", "2009": "$252", "2008": "$305", "2007": "$286", "2006": "$246", "2005": "$206"}, "WEX Quarterly Gross Profit (Millions of US $)": {"2020-09-30": "$225", "2020-06-30": "$185", "2020-03-31": "$246", "2019-12-31": "$260", "2019-09-30": "$294", "2019-06-30": "$281", "2019-03-31": "$229", "2018-12-31": "$224", "2018-09-30": "$250", "2018-06-30": "$245", "2018-03-31": "$225", "2017-12-31": "$195", "2017-09-30": "$189", "2017-06-30": "$175", "2017-03-31": "$175", "2016-12-31": "$38", "2016-09-30": "$204", "2016-06-30": "$164", "2016-03-31": "$148", "2015-12-31": "$149", "2015-09-30": "$166", "2015-06-30": "$160", "2015-03-31": "$153", "2014-12-31": "$163", "2014-09-30": "$166", "2014-06-30": "$154", "2014-03-31": "$134", "2013-12-31": "$146", "2013-09-30": "$145", "2013-06-30": "$135", "2013-03-31": "$127", "2012-12-31": "$126", "2012-09-30": "$118", "2012-06-30": "$115", "2012-03-31": "$107", "2011-12-31": "$111", "2011-09-30": "$115", "2011-06-30": "$109", "2011-03-31": "$93", "2010-12-31": "$90", "2010-09-30": "$74", "2010-06-30": "$73", "2010-03-31": "$65", "2009-12-31": "$67", "2009-09-30": "$68", "2009-06-30": "$64", "2009-03-31": "$53", "2008-12-31": "$53", "2008-09-30": "$90", "2008-06-30": "$89", "2008-03-31": "$73", "2007-12-31": "$75", "2007-09-30": "$77", "2007-06-30": "$76", "2007-03-31": "$58", "2006-12-31": "$57", "2006-09-30": "$68", "2006-06-30": "$67", "2006-03-31": "$54", "2005-12-31": "$57", "2005-09-30": "$58", "2005-06-30": "$49", "2005-03-31": "$42"}}, "operating-income": {"WEX Annual Operating Income (Millions of US $)": {"2019": "$386", "2018": "$381", "2017": "$233", "2016": "$159", "2015": "$229", "2014": "$306", "2013": "$277", "2012": "$222", "2011": "$233", "2010": "$151", "2009": "$118", "2008": "$161", "2007": "$152", "2006": "$135", "2005": "$107"}, "WEX Quarterly Operating Income (Millions of US $)": {"2020-09-30": "$2", "2020-06-30": "$29", "2020-03-31": "$75", "2019-12-31": "$104", "2019-09-30": "$118", "2019-06-30": "$95", "2019-03-31": "$69", "2018-12-31": "$94", "2018-09-30": "$103", "2018-06-30": "$100", "2018-03-31": "$84", "2017-12-31": "$61", "2017-09-30": "$64", "2017-06-30": "$48", "2017-03-31": "$61", "2016-12-31": "$11", "2016-09-30": "$55", "2016-06-30": "$52", "2016-03-31": "$41", "2015-12-31": "$50", "2015-09-30": "$68", "2015-06-30": "$63", "2015-03-31": "$48", "2014-12-31": "$62", "2014-09-30": "$103", "2014-06-30": "$80", "2014-03-31": "$62", "2013-12-31": "$71", "2013-09-30": "$78", "2013-06-30": "$67", "2013-03-31": "$61", "2012-12-31": "$49", "2012-09-30": "$51", "2012-06-30": "$63", "2012-03-31": "$58", "2011-12-31": "$61", "2011-09-30": "$65", "2011-06-30": "$61", "2011-03-31": "$46", "2010-12-31": "$43", "2010-09-30": "$36", "2010-06-30": "$39", "2010-03-31": "$32", "2009-12-31": "$30", "2009-09-30": "$36", "2009-06-30": "$32", "2009-03-31": "$19", "2008-12-31": "$19", "2008-09-30": "$54", "2008-06-30": "$51", "2008-03-31": "$37", "2007-12-31": "$40", "2007-09-30": "$43", "2007-06-30": "$43", "2007-03-31": "$27", "2006-12-31": "$29", "2006-09-30": "$39", "2006-06-30": "$39", "2006-03-31": "$29", "2005-12-31": "$31", "2005-09-30": "$34", "2005-06-30": "$26", "2005-03-31": "$15"}}, "ebitda": {"WEX Annual EBITDA (Millions of US $)": {"2019": "$623", "2018": "$580", "2017": "$437", "2016": "$300", "2015": "$317", "2014": "$383", "2013": "$337", "2012": "$277", "2011": "$287", "2010": "$188", "2009": "$151", "2008": "$212", "2007": "$202", "2006": "$171", "2005": "$132"}, "WEX Quarterly EBITDA (Millions of US $)": {"2020-09-30": "$67", "2020-06-30": "$93", "2020-03-31": "$140", "2019-12-31": "$168", "2019-09-30": "$181", "2019-06-30": "$154", "2019-03-31": "$121", "2018-12-31": "$145", "2018-09-30": "$161", "2018-06-30": "$161", "2018-03-31": "$134", "2017-12-31": "$115", "2017-09-30": "$115", "2017-06-30": "$98", "2017-03-31": "$110", "2016-12-31": "$61", "2016-09-30": "$103", "2016-06-30": "$76", "2016-03-31": "$65", "2015-12-31": "$71", "2015-09-30": "$88", "2015-06-30": "$86", "2015-03-31": "$72", "2014-12-31": "$82", "2014-09-30": "$125", "2014-06-30": "$98", "2014-03-31": "$78", "2013-12-31": "$87", "2013-09-30": "$94", "2013-06-30": "$83", "2013-03-31": "$77", "2012-12-31": "$66", "2012-09-30": "$65", "2012-06-30": "$76", "2012-03-31": "$71", "2011-12-31": "$76", "2011-09-30": "$79", "2011-06-30": "$72", "2011-03-31": "$60", "2010-12-31": "$57", "2010-09-30": "$45", "2010-06-30": "$47", "2010-03-31": "$40", "2009-12-31": "$38", "2009-09-30": "$44", "2009-06-30": "$40", "2009-03-31": "$29", "2008-12-31": "$27", "2008-09-30": "$69", "2008-06-30": "$65", "2008-03-31": "$50", "2007-12-31": "$71", "2007-09-30": "$38", "2007-06-30": "$55", "2007-03-31": "$38", "2006-12-31": "$38", "2006-09-30": "$49", "2006-06-30": "$48", "2006-03-31": "$36", "2005-12-31": "$39", "2005-09-30": "$41", "2005-06-30": "$33", "2005-03-31": "$20"}}, "net-income": {"WEX Annual Net Income (Millions of US $)": {"2019": "$99", "2018": "$168", "2017": "$160", "2016": "$23", "2015": "$102", "2014": "$202", "2013": "$149", "2012": "$97", "2011": "$134", "2010": "$88", "2009": "$140", "2008": "$128", "2007": "$52", "2006": "$75", "2005": "$19"}, "WEX Quarterly Net Income (Millions of US $)": {"2020-09-30": "$-66", "2020-06-30": "$73", "2020-03-31": "$-16", "2019-12-31": "$54", "2019-09-30": "$15", "2019-06-30": "$14", "2019-03-31": "$16", "2018-12-31": "$21", "2018-09-30": "$57", "2018-06-30": "$38", "2018-03-31": "$52", "2017-12-31": "$80", "2017-09-30": "$34", "2017-06-30": "$17", "2017-03-31": "$29", "2016-12-31": "$-32", "2016-09-30": "$20", "2016-06-30": "$13", "2016-03-31": "$23", "2015-12-31": "$21", "2015-09-30": "$32", "2015-06-30": "$26", "2015-03-31": "$22", "2014-12-31": "$48", "2014-09-30": "$74", "2014-06-30": "$43", "2014-03-31": "$37", "2013-12-31": "$34", "2013-09-30": "$44", "2013-06-30": "$42", "2013-03-31": "$29", "2012-12-31": "$29", "2012-09-30": "$14", "2012-06-30": "$30", "2012-03-31": "$23", "2011-12-31": "$33", "2011-09-30": "$48", "2011-06-30": "$41", "2011-03-31": "$12", "2010-12-31": "$19", "2010-09-30": "$21", "2010-06-30": "$30", "2010-03-31": "$19", "2009-12-31": "$12", "2009-09-30": "$23", "2009-06-30": "$93", "2009-03-31": "$11", "2008-12-31": "$65", "2008-09-30": "$72", "2008-06-30": "$-24", "2008-03-31": "$15", "2007-12-31": "$5", "2007-09-30": "$22", "2007-06-30": "$16", "2007-03-31": "$8", "2006-12-31": "$19", "2006-09-30": "$34", "2006-06-30": "$10", "2006-03-31": "$11", "2005-12-31": "$28", "2005-09-30": "$-6", "2005-06-30": "$15", "2005-03-31": "$-18"}}, "eps-earnings-per-share-diluted": {"WEX Annual EPS": {"2019": "$2.26", "2018": "$3.86", "2017": "$3.71", "2016": "$0.57", "2015": "$2.62", "2014": "$5.18", "2013": "$3.82", "2012": "$2.48", "2011": "$3.43", "2010": "$2.25", "2009": "$3.55", "2008": "$3.22", "2007": "$1.27", "2006": "$1.81", "2005": "$0.46"}, "WEX Quarterly EPS": {"2020-09-30": "$-1.49", "2020-06-30": "$1.66", "2020-03-31": "$-0.37", "2019-12-31": "$1.24", "2019-09-30": "$0.33", "2019-06-30": "$0.32", "2019-03-31": "$0.37", "2018-12-31": "$0.48", "2018-09-30": "$1.30", "2018-06-30": "$0.88", "2018-03-31": "$1.20", "2017-12-31": "$1.84", "2017-09-30": "$0.79", "2017-06-30": "$0.40", "2017-03-31": "$0.68", "2016-12-31": "$-0.80", "2016-09-30": "$0.46", "2016-06-30": "$0.32", "2016-03-31": "$0.59", "2015-12-31": "$0.54", "2015-09-30": "$0.83", "2015-06-30": "$0.68", "2015-03-31": "$0.57", "2014-12-31": "$1.23", "2014-09-30": "$1.91", "2014-06-30": "$1.11", "2014-03-31": "$0.93", "2013-12-31": "$0.89", "2013-09-30": "$1.12", "2013-06-30": "$1.08", "2013-03-31": "$0.73", "2012-12-31": "$0.74", "2012-09-30": "$0.37", "2012-06-30": "$0.78", "2012-03-31": "$0.59", "2011-12-31": "$0.85", "2011-09-30": "$1.23", "2011-06-30": "$1.04", "2011-03-31": "$0.31", "2010-12-31": "$0.47", "2010-09-30": "$0.53", "2010-06-30": "$0.77", "2010-03-31": "$0.48", "2009-12-31": "$0.31", "2009-09-30": "$0.60", "2009-06-30": "$2.36", "2009-03-31": "$0.28", "2008-12-31": "$1.67", "2008-09-30": "$1.82", "2008-06-30": "$-0.63", "2008-03-31": "$0.36", "2007-12-31": "$0.12", "2007-09-30": "$0.55", "2007-06-30": "$0.40", "2007-03-31": "$0.20", "2006-12-31": "$0.46", "2006-09-30": "$0.83", "2006-06-30": "$0.24", "2006-03-31": "$0.28", "2005-12-31": "$0.70", "2005-09-30": "$-0.15", "2005-06-30": "$0.37", "2005-03-31": "$-0.46"}}, "shares-outstanding": {"WEX Annual Shares Outstanding (Millions of Shares)": {"2019": "44", "2018": "44", "2017": "43", "2016": "41", "2015": "39", "2014": "39", "2013": "39", "2012": "39", "2011": "39", "2010": "39", "2009": "39", "2008": "40", "2007": "41", "2006": "42", "2005": "41"}, "WEX Quarterly Shares Outstanding (Millions of Shares)": {"2020-09-30": "44", "2020-06-30": "44", "2020-03-31": "43", "2019-12-31": "44", "2019-09-30": "44", "2019-06-30": "44", "2019-03-31": "44", "2018-12-31": "44", "2018-09-30": "44", "2018-06-30": "44", "2018-03-31": "43", "2017-12-31": "43", "2017-09-30": "43", "2017-06-30": "43", "2017-03-31": "43", "2016-12-31": "41", "2016-09-30": "43", "2016-06-30": "39", "2016-03-31": "39", "2015-12-31": "39", "2015-09-30": "39", "2015-06-30": "39", "2015-03-31": "39", "2014-12-31": "39", "2014-09-30": "39", "2014-06-30": "39", "2014-03-31": "39", "2013-12-31": "39", "2013-09-30": "39", "2013-06-30": "39", "2013-03-31": "39", "2012-12-31": "39", "2012-09-30": "39", "2012-06-30": "39", "2012-03-31": "39", "2011-12-31": "39", "2011-09-30": "39", "2011-06-30": "39", "2011-03-31": "39", "2010-12-31": "39", "2010-09-30": "39", "2010-06-30": "39", "2010-03-31": "39", "2009-12-31": "39", "2009-09-30": "39", "2009-06-30": "40", "2009-03-31": "39", "2008-12-31": "40", "2008-09-30": "40", "2008-06-30": "39", "2008-03-31": "40", "2007-12-31": "41", "2007-09-30": "41", "2007-06-30": "41", "2007-03-31": "41", "2006-12-31": "42", "2006-09-30": "42", "2006-06-30": "41", "2006-03-31": "41", "2005-12-31": "41", "2005-09-30": "40", "2005-06-30": "41", "2005-03-31": "40"}}, "total-assets": {"WEX Annual Total Assets (Millions of US $)": {"2019": "$8,298", "2018": "$6,771", "2017": "$6,689", "2016": "$5,997", "2015": "$3,848", "2014": "$4,119", "2013": "$3,432", "2012": "$3,132", "2011": "$2,278", "2010": "$2,098", "2009": "$1,500", "2008": "$1,612", "2007": "$1,785", "2006": "$1,551", "2005": "$1,448"}, "WEX Quarterly Total Assets (Millions of US $)": {"2020-09-30": "$8,314", "2020-06-30": "$7,907", "2020-03-31": "$7,698", "2019-12-31": "$8,298", "2019-09-30": "$8,541", "2019-06-30": "$8,573", "2019-03-31": "$7,955", "2018-12-31": "$6,771", "2018-09-30": "$7,160", "2018-06-30": "$6,952", "2018-03-31": "$6,756", "2017-12-31": "$6,689", "2017-09-30": "$6,541", "2017-06-30": "$6,344", "2017-03-31": "$6,176", "2016-12-31": "$5,997", "2016-09-30": "$6,334", "2016-06-30": "$4,262", "2016-03-31": "$4,144", "2015-12-31": "$3,848", "2015-09-30": "$4,349", "2015-06-30": "$4,180", "2015-03-31": "$4,253", "2014-12-31": "$4,119", "2014-09-30": "$4,580", "2014-06-30": "$3,887", "2014-03-31": "$3,700", "2013-12-31": "$3,432", "2013-09-30": "$3,657", "2013-06-30": "$3,449", "2013-03-31": "$3,480", "2012-12-31": "$3,132", "2012-09-30": "$3,062", "2012-06-30": "$2,716", "2012-03-31": "$2,514", "2011-12-31": "$2,278", "2011-09-30": "$2,474", "2011-06-30": "$2,563", "2011-03-31": "$2,397", "2010-12-31": "$2,098", "2010-09-30": "$2,078", "2010-06-30": "$1,639", "2010-03-31": "$1,565", "2009-12-31": "$1,500", "2009-09-30": "$1,556", "2009-06-30": "$1,568", "2009-03-31": "$1,435", "2008-12-31": "$1,612", "2008-09-30": "$2,145", "2008-06-30": "$2,355", "2008-03-31": "$2,006", "2007-12-31": "$1,785", "2007-09-30": "$1,856", "2007-06-30": "$1,879", "2007-03-31": "$1,644", "2006-12-31": "$1,551", "2006-09-30": "$1,584", "2006-06-30": "$1,609", "2006-03-31": "$1,449", "2005-12-31": "$1,448", "2005-09-30": "$1,535", "2005-06-30": "$1,328", "2005-03-31": "$1,238"}}, "cash-on-hand": {"WEX Annual Cash on Hand (Millions of US $)": {"2019": "$981", "2018": "$555", "2017": "$522", "2016": "$214", "2015": "$304", "2014": "$345", "2013": "$377", "2012": "$214", "2011": "$43", "2010": "$27", "2009": "$56", "2008": "$245", "2007": "$53", "2006": "$43", "2005": "$66"}, "WEX Quarterly Cash on Hand (Millions of US $)": {"2020-09-30": "$1,715", "2020-06-30": "$1,450", "2020-03-31": "$1,026", "2019-12-31": "$981", "2019-09-30": "$671", "2019-06-30": "$900", "2019-03-31": "$526", "2018-12-31": "$555", "2018-09-30": "$556", "2018-06-30": "$336", "2018-03-31": "$400", "2017-12-31": "$522", "2017-09-30": "$275", "2017-06-30": "$243", "2017-03-31": "$227", "2016-12-31": "$214", "2016-09-30": "$561", "2016-06-30": "$342", "2016-03-31": "$535", "2015-12-31": "$304", "2015-09-30": "$566", "2015-06-30": "$220", "2015-03-31": "$562", "2014-12-31": "$345", "2014-09-30": "$602", "2014-06-30": "$338", "2014-03-31": "$371", "2013-12-31": "$377", "2013-09-30": "$408", "2013-06-30": "$319", "2013-03-31": "$366", "2012-12-31": "$214", "2012-09-30": "$452", "2012-06-30": "$236", "2012-03-31": "$47", "2011-12-31": "$43", "2011-09-30": "$62", "2011-06-30": "$68", "2011-03-31": "$47", "2010-12-31": "$27", "2010-09-30": "$35", "2010-06-30": "$29", "2010-03-31": "$25", "2009-12-31": "$56", "2009-09-30": "$47", "2009-06-30": "$56", "2009-03-31": "$78", "2008-12-31": "$245", "2008-09-30": "$71", "2008-06-30": "$58", "2008-03-31": "$66", "2007-12-31": "$53", "2007-09-30": "$54", "2007-06-30": "$40", "2007-03-31": "$28", "2006-12-31": "$43", "2006-09-30": "$31", "2006-06-30": "$23", "2006-03-31": "$25", "2005-12-31": "$66", "2005-09-30": "$31", "2005-06-30": "$28", "2005-03-31": "$21"}}, "long-term-debt": {"WEX Annual Long Term Debt (Millions of US $)": {"2019": "$2,687", "2018": "$2,134", "2017": "$2,028", "2016": "$257", "2015": "$190", "2014": "$123", "2013": "$85", "2012": "$87", "2011": "$93", "2010": "$100", "2009": "$108", "2008": "$309", "2007": "$320", "2006": "$548", "2005": "$592"}, "WEX Quarterly Long Term Debt (Millions of US $)": {"2020-09-30": "$2,879", "2020-06-30": "$2,654", "2020-03-31": "$2,672", "2019-12-31": "$2,687", "2019-09-30": "$2,701", "2019-06-30": "$2,765", "2019-03-31": "$2,809", "2018-12-31": "$2,134", "2018-09-30": "$2,141", "2018-06-30": "$2,125", "2018-03-31": "$2,132", "2017-12-31": "$2,028", "2017-09-30": "$327", "2017-06-30": "$295", "2017-03-31": "$248", "2016-12-31": "$257", "2016-09-30": "$242", "2016-06-30": "$188", "2016-03-31": "$183", "2015-12-31": "$190", "2015-09-30": "$189", "2015-06-30": "$205", "2015-03-31": "$121", "2014-12-31": "$123", "2014-09-30": "$127", "2014-06-30": "$103", "2014-03-31": "$78", "2013-12-31": "$85", "2013-09-30": "$80", "2013-06-30": "$82", "2013-03-31": "$87", "2012-12-31": "$87", "2012-09-30": "$87", "2012-06-30": "$89", "2012-03-31": "$93", "2011-12-31": "$93", "2011-09-30": "$95", "2011-06-30": "$96", "2011-03-31": "$100", "2010-12-31": "$100", "2010-09-30": "$102", "2010-06-30": "$104", "2010-03-31": "$108", "2009-12-31": "$108", "2009-09-30": "$110", "2009-06-30": "$112", "2009-03-31": "$310", "2008-12-31": "$309", "2008-09-30": "$315", "2008-06-30": "$310", "2008-03-31": "$320", "2007-12-31": "$320", "2007-09-30": "$401", "2007-06-30": "$407", "2007-03-31": "$536", "2006-12-31": "$548", "2006-09-30": "$559", "2006-06-30": "$566", "2006-03-31": "$586", "2005-12-31": "$592", "2005-09-30": "$582", "2005-06-30": "$592", "2005-03-31": "$613"}}, "total-liabilities": {"WEX Annual Total Liabilities (Millions of US $)": {"2019": "$6,362", "2018": "$4,975", "2017": "$5,059", "2016": "$4,491", "2015": "$2,752", "2014": "$3,041", "2013": "$2,529", "2012": "$2,314", "2011": "$1,569", "2010": "$1,539", "2009": "$1,058", "2008": "$1,317", "2007": "$1,581", "2006": "$1,368", "2005": "$1,346"}, "WEX Quarterly Total Liabilities (Millions of US $)": {"2020-09-30": "$6,217", "2020-06-30": "$5,919", "2020-03-31": "$5,821", "2019-12-31": "$6,362", "2019-09-30": "$6,689", "2019-06-30": "$6,730", "2019-03-31": "$6,138", "2018-12-31": "$4,975", "2018-09-30": "$5,310", "2018-06-30": "$5,160", "2018-03-31": "$4,985", "2017-12-31": "$5,059", "2017-09-30": "$4,908", "2017-06-30": "$4,764", "2017-03-31": "$4,627", "2016-12-31": "$4,491", "2016-09-30": "$4,815", "2016-06-30": "$3,126", "2016-03-31": "$3,012", "2015-12-31": "$2,752", "2015-09-30": "$3,282", "2015-06-30": "$3,092", "2015-03-31": "$3,203", "2014-12-31": "$3,041", "2014-09-30": "$3,524", "2014-06-30": "$2,898", "2014-03-31": "$2,764", "2013-12-31": "$2,529", "2013-09-30": "$2,776", "2013-06-30": "$2,621", "2013-03-31": "$2,653", "2012-12-31": "$2,314", "2012-09-30": "$2,278", "2012-06-30": "$1,959", "2012-03-31": "$1,769", "2011-12-31": "$1,569", "2011-09-30": "$1,814", "2011-06-30": "$1,924", "2011-03-31": "$1,812", "2010-12-31": "$1,539", "2010-09-30": "$1,555", "2010-06-30": "$1,146", "2010-03-31": "$1,093", "2009-12-31": "$1,058", "2009-09-30": "$1,128", "2009-06-30": "$1,161", "2009-03-31": "$1,128", "2008-12-31": "$1,317", "2008-09-30": "$1,907", "2008-06-30": "$2,189", "2008-03-31": "$1,818", "2007-12-31": "$1,581", "2007-09-30": "$1,648", "2007-06-30": "$1,685", "2007-03-31": "$1,465", "2006-12-31": "$1,368", "2006-09-30": "$1,423", "2006-06-30": "$1,510", "2006-03-31": "$1,362", "2005-12-31": "$1,346", "2005-09-30": "$1,494", "2005-06-30": "$1,281", "2005-03-31": "$1,207"}}, "total-share-holder-equity": {"WEX Annual Share Holder Equity (Millions of US $)": {"2019": "$1,937", "2018": "$1,796", "2017": "$1,630", "2016": "$1,506", "2015": "$1,096", "2014": "$1,078", "2013": "$903", "2012": "$818", "2011": "$709", "2010": "$559", "2009": "$441", "2008": "$295", "2007": "$204", "2006": "$183", "2005": "$103"}, "WEX Quarterly Share Holder Equity (Millions of US $)": {"2020-09-30": "$2,097", "2020-06-30": "$1,988", "2020-03-31": "$1,877", "2019-12-31": "$1,937", "2019-09-30": "$1,852", "2019-06-30": "$1,844", "2019-03-31": "$1,817", "2018-12-31": "$1,796", "2018-09-30": "$1,849", "2018-06-30": "$1,792", "2018-03-31": "$1,770", "2017-12-31": "$1,630", "2017-09-30": "$1,633", "2017-06-30": "$1,580", "2017-03-31": "$1,549", "2016-12-31": "$1,506", "2016-09-30": "$1,518", "2016-06-30": "$1,137", "2016-03-31": "$1,131", "2015-12-31": "$1,096", "2015-09-30": "$1,067", "2015-06-30": "$1,088", "2015-03-31": "$1,050", "2014-12-31": "$1,078", "2014-09-30": "$1,056", "2014-06-30": "$989", "2014-03-31": "$937", "2013-12-31": "$903", "2013-09-30": "$882", "2013-06-30": "$828", "2013-03-31": "$827", "2012-12-31": "$818", "2012-09-30": "$784", "2012-06-30": "$757", "2012-03-31": "$745", "2011-12-31": "$709", "2011-09-30": "$660", "2011-06-30": "$639", "2011-03-31": "$585", "2010-12-31": "$559", "2010-09-30": "$522", "2010-06-30": "$493", "2010-03-31": "$472", "2009-12-31": "$441", "2009-09-30": "$428", "2009-06-30": "$407", "2009-03-31": "$307", "2008-12-31": "$295", "2008-09-30": "$238", "2008-06-30": "$166", "2008-03-31": "$189", "2007-12-31": "$204", "2007-09-30": "$208", "2007-06-30": "$194", "2007-03-31": "$179", "2006-12-31": "$183", "2006-09-30": "$161", "2006-06-30": "$98", "2006-03-31": "$87", "2005-12-31": "$103", "2005-09-30": "$42", "2005-06-30": "$47", "2005-03-31": "$31"}}, "profit-margins": {"current": "2.81%"}, "gross margin": {"2020-09-30": "57.21%", "2020-06-30": "58.67%", "2020-03-31": "60.94%", "2019-12-31": "61.72%", "2019-09-30": "61.74%", "2019-06-30": "61.81%", "2019-03-31": "62.33%", "2018-12-31": "63.23%", "2018-09-30": "63.50%", "2018-06-30": "61.97%", "2018-03-31": "59.80%", "2017-12-31": "58.81%", "2017-09-30": "47.92%", "2017-06-30": "50.68%", "2017-03-31": "52.91%", "2016-12-31": "54.69%", "2016-09-30": "70.67%", "2016-06-30": "71.33%", "2016-03-31": "72.53%", "2015-12-31": "73.45%", "2015-09-30": "75.18%", "2015-06-30": "75.53%", "2015-03-31": "75.89%", "2014-12-31": "75.43%", "2014-09-30": "76.14%", "2014-06-30": "76.39%", "2014-03-31": "76.29%", "2013-12-31": "77.13%", "2013-09-30": "75.71%", "2013-06-30": "75.19%", "2013-03-31": "75.00%", "2012-12-31": "74.80%", "2012-09-30": "75.93%", "2012-06-30": "76.58%", "2012-03-31": "77.14%", "2011-12-31": "77.40%", "2011-09-30": "77.08%", "2011-06-30": "76.89%", "2011-03-31": "77.46%", "2010-12-31": "77.44%", "2010-09-30": "77.93%", "2010-06-30": "79.36%", "2010-03-31": "79.76%", "2009-12-31": "80.00%", "2009-09-30": "77.52%", "2009-06-30": "78.79%", "2009-03-31": "78.51%", "2008-12-31": "78.61%", "2008-09-30": "80.94%", "2008-06-30": "81.98%", "2008-03-31": "84.08%", "2007-12-31": "84.87%", "2007-09-30": "84.54%", "2007-06-30": "83.82%", "2007-03-31": "83.61%", "2006-12-31": "84.25%", "2006-09-30": "86.32%", "2006-06-30": "86.76%", "2006-03-31": "86.17%", "2005-12-31": "85.83%"}, "operating margin": {"2020-09-30": "13.12%", "2020-06-30": "19.42%", "2020-03-31": "22.10%", "2019-12-31": "22.39%", "2019-09-30": "22.58%", "2019-06-30": "22.68%", "2019-03-31": "24.06%", "2018-12-31": "25.52%", "2018-09-30": "24.15%", "2018-06-30": "22.42%", "2018-03-31": "19.60%", "2017-12-31": "18.75%", "2017-09-30": "15.28%", "2017-06-30": "14.98%", "2017-03-31": "16.30%", "2016-12-31": "15.70%", "2016-09-30": "21.04%", "2016-06-30": "24.00%", "2016-03-31": "25.84%", "2015-12-31": "26.78%", "2015-09-30": "28.22%", "2015-06-30": "32.47%", "2015-03-31": "34.96%", "2014-12-31": "37.53%", "2014-09-30": "40.10%", "2014-06-30": "38.39%", "2014-03-31": "37.87%", "2013-12-31": "38.63%", "2013-09-30": "36.22%", "2013-06-30": "33.88%", "2013-03-31": "34.57%", "2012-12-31": "35.47%", "2012-09-30": "39.23%", "2012-06-30": "42.22%", "2012-03-31": "42.76%", "2011-12-31": "42.13%", "2011-09-30": "40.72%", "2011-06-30": "39.08%", "2011-03-31": "38.50%", "2010-12-31": "38.46%", "2010-09-30": "38.27%", "2010-06-30": "39.83%", "2010-03-31": "39.27%", "2009-12-31": "37.14%", "2009-09-30": "34.53%", "2009-06-30": "37.58%", "2009-03-31": "39.39%", "2008-12-31": "41.49%", "2008-09-30": "45.05%", "2008-06-30": "44.65%", "2008-03-31": "45.53%", "2007-12-31": "45.40%", "2007-09-30": "44.79%", "2007-06-30": "44.66%", "2007-03-31": "44.82%", "2006-12-31": "46.58%", "2006-09-30": "48.42%", "2006-06-30": "48.90%", "2006-03-31": "47.43%", "2005-12-31": "44.17%"}, "ebitda margin": {"2020-09-30": "29.23%", "2020-06-30": "34.66%", "2020-03-31": "36.25%", "2019-12-31": "36.19%", "2019-09-30": "36.10%", "2019-06-30": "36.49%", "2019-03-31": "38.66%", "2018-12-31": "40.25%", "2018-09-30": "39.63%", "2018-06-30": "38.10%", "2018-03-31": "35.24%", "2017-12-31": "35.10%", "2017-09-30": "31.89%", "2017-06-30": "31.85%", "2017-03-31": "31.88%", "2016-12-31": "30.11%", "2016-09-30": "33.48%", "2016-06-30": "34.13%", "2016-03-31": "36.09%", "2015-12-31": "37.08%", "2015-09-30": "38.41%", "2015-06-30": "42.94%", "2015-03-31": "44.99%", "2014-12-31": "46.82%", "2014-09-30": "49.24%", "2014-06-30": "47.10%", "2014-03-31": "46.59%", "2013-12-31": "47.56%", "2013-09-30": "45.45%", "2013-06-30": "43.24%", "2013-03-31": "43.83%", "2012-12-31": "44.62%", "2012-09-30": "48.48%", "2012-06-30": "51.62%", "2012-03-31": "52.01%", "2011-12-31": "51.90%", "2011-09-30": "50.76%", "2011-06-30": "49.16%", "2011-03-31": "49.06%", "2010-12-31": "48.46%", "2010-09-30": "47.49%", "2010-06-30": "49.13%", "2010-03-31": "48.94%", "2009-12-31": "47.94%", "2009-09-30": "45.60%", "2009-06-30": "50.00%", "2009-03-31": "52.34%", "2008-12-31": "54.38%", "2008-09-30": "63.12%", "2008-06-30": "58.49%", "2008-03-31": "59.78%", "2007-12-31": "59.94%", "2007-09-30": "53.31%", "2007-06-30": "58.25%", "2007-03-31": "57.86%", "2006-12-31": "58.56%", "2006-09-30": "60.35%", "2006-06-30": "60.29%", "2006-03-31": "58.89%", "2005-12-31": "55.42%"}, "pre tax profit margin": {"2020-09-30": "1.81%", "2020-06-30": "7.56%", "2020-03-31": "9.98%", "2019-12-31": "12.59%", "2019-09-30": "10.03%", "2019-06-30": "11.49%", "2019-03-31": "12.49%", "2018-12-31": "15.94%", "2018-09-30": "17.35%", "2018-06-30": "16.26%", "2018-03-31": "15.26%", "2017-12-31": "13.94%", "2017-09-30": "7.81%", "2017-06-30": "5.74%", "2017-03-31": "5.10%", "2016-12-31": "4.74%", "2016-09-30": "11.90%", "2016-06-30": "18.09%", "2016-03-31": "21.65%", "2015-12-31": "21.64%", "2015-09-30": "26.81%", "2015-06-30": "30.12%", "2015-03-31": "33.41%", "2014-12-31": "36.92%", "2014-09-30": "35.41%", "2014-06-30": "32.98%", "2014-03-31": "34.06%", "2013-12-31": "33.19%", "2013-09-30": "32.10%", "2013-06-30": "28.38%", "2013-03-31": "33.18%", "2012-12-31": "33.23%", "2012-09-30": "36.03%", "2012-06-30": "43.25%", "2012-03-31": "39.44%", "2011-12-31": "37.61%", "2011-09-30": "35.42%", "2011-06-30": "31.72%", "2011-03-31": "31.69%", "2010-12-31": "37.44%", "2010-09-30": "38.27%", "2010-06-30": "40.12%", "2010-03-31": "72.21%", "2009-12-31": "71.75%", "2009-09-30": "100.65%", "2009-06-30": "114.55%", "2009-03-31": "52.34%", "2008-12-31": "50.52%", "2008-09-30": "24.75%", "2008-06-30": "7.05%", "2008-03-31": "48.32%", "2007-12-31": "48.37%", "2007-09-30": "58.68%", "2007-06-30": "66.34%", "2007-03-31": "37.46%", "2006-12-31": "40.07%", "2006-09-30": "44.91%", "2006-06-30": "24.26%", "2006-03-31": "30.43%", "2005-12-31": "12.08%"}, "net profit margin": {"2020-09-30": "2.81%", "2020-06-30": "7.50%", "2020-03-31": "3.78%", "2019-12-31": "5.74%", "2019-09-30": "3.96%", "2019-06-30": "6.78%", "2019-03-31": "8.68%", "2018-12-31": "11.25%", "2018-09-30": "15.75%", "2018-06-30": "14.80%", "2018-03-31": "13.96%", "2017-12-31": "12.82%", "2017-09-30": "3.99%", "2017-06-30": "2.91%", "2017-03-31": "2.73%", "2016-12-31": "2.37%", "2016-09-30": "8.18%", "2016-06-30": "10.13%", "2016-03-31": "11.87%", "2015-12-31": "11.81%", "2015-09-30": "14.99%", "2015-06-30": "20.00%", "2015-03-31": "22.32%", "2014-12-31": "24.69%", "2014-09-30": "23.86%", "2014-06-30": "20.84%", "2014-03-31": "21.39%", "2013-12-31": "20.78%", "2013-09-30": "20.45%", "2013-06-30": "16.94%", "2013-03-31": "15.74%", "2012-12-31": "15.41%", "2012-09-30": "16.84%", "2012-06-30": "22.91%", "2012-03-31": "25.31%", "2011-12-31": "24.23%", "2011-09-30": "22.73%", "2011-06-30": "19.54%", "2011-03-31": "19.25%", "2010-12-31": "22.82%", "2010-09-30": "22.91%", "2010-06-30": "24.42%", "2010-03-31": "44.41%", "2009-12-31": "44.13%", "2009-09-30": "62.54%", "2009-06-30": "73.03%", "2009-03-31": "34.16%", "2008-12-31": "32.99%", "2008-09-30": "16.83%", "2008-06-30": "4.70%", "2008-03-31": "16.20%", "2007-12-31": "15.13%", "2007-09-30": "20.50%", "2007-06-30": "24.92%", "2007-03-31": "23.75%", "2006-12-31": "25.34%", "2006-09-30": "29.12%", "2006-06-30": "15.81%", "2006-03-31": "18.97%", "2005-12-31": "7.92%"}, "pe ratio": {"current": "32.41", "2021-02-05": "191.33", "2020-09-30": "133.63", "2020-06-30": "57.70", "2020-03-31": "68.78", "2019-12-31": "92.68", "2019-09-30": "133.82", "2019-06-30": "83.57", "2019-03-31": "62.54", "2018-12-31": "36.66", "2018-09-30": "38.76", "2018-06-30": "40.88", "2018-03-31": "37.65", "2017-12-31": "37.97", "2017-09-30": "56.39", "2017-06-30": "62.81", "2017-03-31": "65.51", "2016-12-31": "74.90", "2016-09-30": "56.59", "2016-06-30": "38.89", "2016-03-31": "31.58", "2015-12-31": "33.74", "2015-09-30": "26.24", "2015-06-30": "25.96", "2015-03-31": "22.27", "2014-12-31": "19.10", "2014-09-30": "22.84", "2014-06-30": "25.98", "2014-03-31": "23.70", "2013-12-31": "25.99", "2013-09-30": "23.91", "2013-06-30": "26.27", "2013-03-31": "29.96", "2012-12-31": "30.39", "2012-09-30": "27.02", "2012-06-30": "17.94", "2012-03-31": "17.49", "2011-12-31": "15.87", "2011-09-30": "12.47", "2011-06-30": "22.16", "2011-03-31": "24.92", "2010-12-31": "20.44", "2010-09-30": "17.09", "2010-06-30": "13.75", "2010-03-31": "8.03", "2009-12-31": "8.97", "2009-09-30": "6.02", "2009-06-30": "4.16", "2009-03-31": "5.82", "2008-12-31": "3.93", "2008-09-30": "17.98", "2008-06-30": "63.59", "2008-03-31": "20.90", "2007-12-31": "27.09", "2007-09-30": "21.98", "2007-06-30": "17.66", "2007-03-31": "17.53", "2006-12-31": "17.22"}, "price sales": {"2021-02-05": "5.44", "2020-09-30": "3.80", "2020-06-30": "4.29", "2020-03-31": "2.58", "2019-12-31": "5.31", "2019-09-30": "5.30", "2019-06-30": "5.71", "2019-03-31": "5.50", "2018-12-31": "4.09", "2018-09-30": "6.05", "2018-06-30": "5.99", "2018-03-31": "5.16", "2017-12-31": "4.87", "2017-09-30": "3.97", "2017-06-30": "3.79", "2017-03-31": "3.91", "2016-12-31": "4.46", "2016-09-30": "4.60", "2016-06-30": "3.92", "2016-03-31": "3.77", "2015-12-31": "4.02", "2015-09-30": "3.95", "2015-06-30": "5.22", "2015-03-31": "4.99", "2014-12-31": "4.72", "2014-09-30": "5.46", "2014-06-30": "5.41", "2014-03-31": "5.06", "2013-12-31": "5.40", "2013-09-30": "4.87", "2013-06-30": "4.45", "2013-03-31": "4.73", "2012-12-31": "4.73", "2012-09-30": "4.58", "2012-06-30": "4.12", "2012-03-31": "4.41", "2011-12-31": "3.82", "2011-09-30": "2.81", "2011-06-30": "4.25", "2011-03-31": "4.73", "2010-12-31": "4.60", "2010-09-30": "3.89", "2010-06-30": "3.39", "2010-03-31": "3.58", "2009-12-31": "3.98", "2009-09-30": "3.79", "2009-06-30": "3.05", "2009-03-31": "1.97", "2008-12-31": "1.29", "2008-09-30": "2.95", "2008-06-30": "2.60", "2008-03-31": "3.51", "2007-12-31": "4.33", "2007-09-30": "4.75", "2007-06-30": "4.59", "2007-03-31": "4.20", "2006-12-31": "4.42"}, "price book": {"current": "4.19", "2021-02-05": "4.19", "2020-09-30": "2.92", "2020-06-30": "3.61", "2020-03-31": "2.42", "2019-12-31": "4.69", "2019-09-30": "4.72", "2019-06-30": "4.88", "2019-03-31": "4.57", "2018-12-31": "3.36", "2018-09-30": "4.68", "2018-06-30": "4.58", "2018-03-31": "3.81", "2017-12-31": "3.73", "2017-09-30": "2.95", "2017-06-30": "2.83", "2017-03-31": "2.87", "2016-12-31": "3.18", "2016-09-30": "3.05", "2016-06-30": "3.03", "2016-03-31": "2.86", "2015-12-31": "3.13", "2015-09-30": "3.15", "2015-06-30": "4.06", "2015-03-31": "3.96", "2014-12-31": "3.57", "2014-09-30": "4.06", "2014-06-30": "4.13", "2014-03-31": "3.94", "2013-12-31": "4.27", "2013-09-30": "3.88", "2013-06-30": "3.61", "2013-03-31": "3.69", "2012-12-31": "3.59", "2012-09-30": "3.45", "2012-06-30": "3.16", "2012-03-31": "3.38", "2011-12-31": "2.97", "2011-09-30": "2.23", "2011-06-30": "3.15", "2011-03-31": "3.43", "2010-12-31": "3.16", "2010-09-30": "2.62", "2010-06-30": "2.33", "2010-03-31": "2.48", "2009-12-31": "2.76", "2009-09-30": "2.63", "2009-06-30": "2.40", "2009-03-31": "2.28", "2008-12-31": "1.64", "2008-09-30": "4.86", "2008-06-30": "5.79", "2008-03-31": "6.32", "2007-12-31": "6.88", "2007-09-30": "6.98", "2007-06-30": "7.07", "2007-03-31": "6.88", "2006-12-31": "6.88", "2006-09-30": "6.03", "2006-06-30": "11.86", "2006-03-31": "13.03"}, "price fcf": {"2021-02-05": "", "2020-09-30": "$26.11", "2020-06-30": "$27.72", "2020-03-31": "$19.20", "2019-12-31": "$12.80", "2019-09-30": "$6.99", "2019-06-30": "$10.22", "2019-03-31": "$6.46", "2018-12-31": "$7.18", "2018-09-30": "$6.72", "2018-06-30": "$1.98", "2018-03-31": "$4.90", "2017-12-31": "$1.30", "2017-09-30": "$-4.36", "2017-06-30": "$-5.58", "2017-03-31": "$-8.57", "2016-12-31": "$-4.96", "2016-09-30": "$1.72", "2016-06-30": "$6.79", "2016-03-31": "$7.42", "2015-12-31": "$9.82", "2015-09-30": "$12.35", "2015-06-30": "$11.79", "2015-03-31": "$12.48", "2014-12-31": "$6.11", "2014-09-30": "$0.34", "2014-06-30": "$-5.53", "2014-03-31": "$-2.86", "2013-12-31": "$0.00", "2013-09-30": "$0.91", "2013-06-30": "$3.32", "2013-03-31": "$2.81", "2012-12-31": "$1.12", "2012-09-30": "$1.88", "2012-06-30": "$2.08", "2012-03-31": "$0.87", "2011-12-31": "$0.67", "2011-09-30": "$-3.03", "2011-06-30": "$-3.35", "2011-03-31": "$-2.31", "2010-12-31": "$-1.01", "2010-09-30": "$0.32", "2010-06-30": "$0.28", "2010-03-31": "$-2.92", "2009-12-31": "$-1.30", "2009-09-30": "$6.31", "2009-06-30": "$9.52", "2009-03-31": "$9.60", "2008-12-31": "$8.12", "2008-09-30": "$-1.12", "2008-06-30": "$-2.47", "2008-03-31": "$-1.62", "2007-12-31": "$-2.67", "2007-09-30": "$0.19", "2007-06-30": "$-1.11", "2007-03-31": "$-0.02", "2006-12-31": "$1.15"}, "net worth": {"value": "$8.78B"}, "current ratio": {"current": "1.51", "2020-09-30": "1.51", "2020-06-30": "1.38", "2020-03-31": "1.33", "2019-12-31": "1.26", "2019-09-30": "1.30", "2019-06-30": "1.42", "2019-03-31": "1.39", "2018-12-31": "1.47", "2018-09-30": "1.50", "2018-06-30": "1.44", "2018-03-31": "1.45", "2017-12-31": "1.25", "2017-09-30": "0.69", "2017-06-30": "0.66", "2017-03-31": "0.62", "2016-12-31": "0.59", "2016-09-30": "0.62", "2016-06-30": "0.82", "2016-03-31": "0.81", "2015-12-31": "0.77", "2015-09-30": "0.81", "2015-06-30": "0.82", "2015-03-31": "0.79", "2014-12-31": "0.78", "2014-09-30": "0.79", "2014-06-30": "0.93", "2014-03-31": "0.90", "2013-12-31": "0.87", "2013-09-30": "0.88", "2013-06-30": "0.87", "2013-03-31": "0.85", "2012-12-31": "0.82", "2012-09-30": "0.97", "2012-06-30": "0.95", "2012-03-31": "0.97", "2011-12-31": "0.94", "2011-09-30": "0.92", "2011-06-30": "0.90", "2011-03-31": "0.88", "2010-12-31": "0.84", "2010-09-30": "0.82", "2010-06-30": "1.01", "2010-03-31": "1.00", "2009-12-31": "0.96", "2009-09-30": "0.95", "2009-06-30": "0.93", "2009-03-31": "0.97", "2008-12-31": "0.96", "2008-09-30": "0.94", "2008-06-30": "0.94", "2008-03-31": "0.92", "2007-12-31": "0.93", "2007-09-30": "0.92", "2007-06-30": "0.94", "2007-03-31": "1.05", "2006-12-31": "1.05", "2006-09-30": "1.04", "2006-06-30": "1.03", "2006-03-31": "1.04", "2005-12-31": "1.02", "2005-09-30": "0.99", "2005-06-30": "0.97", "2005-03-31": "0.98"}, "quick ratio": {"2020-09-30": "0.00", "2020-06-30": "0.00", "2020-03-31": "0.00", "2019-12-31": "0.00", "2019-09-30": "0.00", "2019-06-30": "0.00", "2019-03-31": "0.00", "2018-12-31": "0.00", "2018-09-30": "0.00", "2018-06-30": "0.00", "2018-03-31": "0.00", "2017-12-31": "0.00", "2017-09-30": "0.00", "2017-06-30": "0.00", "2017-03-31": "0.00", "2016-12-31": "0.00", "2016-09-30": "0.00", "2016-06-30": "0.00", "2016-03-31": "0.00", "2015-12-31": "0.00", "2015-09-30": "0.00", "2015-06-30": "0.00", "2015-03-31": "0.00", "2014-12-31": "0.00", "2014-09-30": "0.00", "2014-06-30": "0.00", "2014-03-31": "0.00", "2013-12-31": "0.00", "2013-09-30": "0.00", "2013-06-30": "0.00", "2013-03-31": "0.00", "2012-12-31": "0.00", "2012-09-30": "0.00", "2012-06-30": "0.00", "2012-03-31": "0.00", "2011-12-31": "0.00", "2011-09-30": "0.00", "2011-06-30": "0.00", "2011-03-31": "0.00", "2010-12-31": "0.00", "2010-09-30": "0.00", "2010-06-30": "0.00", "2010-03-31": "0.00", "2009-12-31": "0.00", "2009-09-30": "0.00", "2009-06-30": "0.00", "2009-03-31": "0.00", "2008-12-31": "0.00", "2008-09-30": "0.00", "2008-06-30": "0.00", "2008-03-31": "0.00", "2007-12-31": "0.00", "2007-09-30": "0.00", "2007-06-30": "0.00", "2007-03-31": "0.00", "2006-12-31": "0.00", "2006-09-30": "0.00", "2006-06-30": "0.00", "2006-03-31": "0.00", "2005-12-31": "0.00", "2005-09-30": "0.00", "2005-06-30": "0.00", "2005-03-31": "0.00"}, "debt equity ratio": {"current": "1.37", "2020-09-30": "2.97", "2020-06-30": "2.98", "2020-03-31": "3.10", "2019-12-31": "3.29", "2019-09-30": "3.61", "2019-06-30": "3.65", "2019-03-31": "3.38", "2018-12-31": "2.77", "2018-09-30": "2.87", "2018-06-30": "2.88", "2018-03-31": "2.82", "2017-12-31": "3.10", "2017-09-30": "3.01", "2017-06-30": "3.02", "2017-03-31": "2.99", "2016-12-31": "2.98", "2016-09-30": "3.17", "2016-06-30": "2.75", "2016-03-31": "2.66", "2015-12-31": "2.51", "2015-09-30": "3.08", "2015-06-30": "2.84", "2015-03-31": "3.05", "2014-12-31": "2.82", "2014-09-30": "3.34", "2014-06-30": "2.93", "2014-03-31": "2.95", "2013-12-31": "2.80", "2013-09-30": "3.15", "2013-06-30": "3.17", "2013-03-31": "3.21", "2012-12-31": "2.83", "2012-09-30": "2.91", "2012-06-30": "2.59", "2012-03-31": "2.38", "2011-12-31": "2.21", "2011-09-30": "2.75", "2011-06-30": "3.01", "2011-03-31": "3.10", "2010-12-31": "2.75", "2010-09-30": "2.98", "2010-06-30": "2.32", "2010-03-31": "2.32", "2009-12-31": "2.40", "2009-09-30": "2.63", "2009-06-30": "2.85", "2009-03-31": "3.68", "2008-12-31": "4.47", "2008-09-30": "8.01", "2008-06-30": "13.18", "2008-03-31": "9.63", "2007-12-31": "7.74", "2007-09-30": "7.93", "2007-06-30": "8.71", "2007-03-31": "8.19", "2006-12-31": "7.47", "2006-09-30": "8.84", "2006-06-30": "15.38", "2006-03-31": "15.70", "2005-12-31": "13.11", "2005-09-30": "35.99", "2005-06-30": "27.50", "2005-03-31": "38.74"}, "return on equity": {"2020-09-30": "2.28%", "2020-06-30": "6.58%", "2020-03-31": "3.57%", "2019-12-31": "5.32%", "2019-09-30": "3.61%", "2019-06-30": "5.91%", "2019-03-31": "7.28%", "2018-12-31": "9.32%", "2018-09-30": "12.90%", "2018-06-30": "11.96%", "2018-03-31": "11.07%", "2017-12-31": "10.01%", "2017-09-30": "3.06%", "2017-06-30": "2.21%", "2017-03-31": "2.10%", "2016-12-31": "1.81%", "2016-09-30": "6.31%", "2016-06-30": "8.03%", "2016-03-31": "9.31%", "2015-12-31": "9.39%", "2015-09-30": "11.95%", "2015-06-30": "15.92%", "2015-03-31": "17.92%", "2014-12-31": "19.90%", "2014-09-30": "19.36%", "2014-06-30": "17.03%", "2014-03-31": "17.69%", "2013-12-31": "17.33%", "2013-09-30": "17.17%", "2013-06-30": "14.00%", "2013-03-31": "12.81%", "2012-12-31": "12.37%", "2012-09-30": "13.36%", "2012-06-30": "18.67%", "2012-03-31": "21.07%", "2011-12-31": "20.67%", "2011-09-30": "19.65%", "2011-06-30": "16.14%", "2011-03-31": "15.19%", "2010-12-31": "17.40%", "2010-09-30": "17.01%", "2010-06-30": "18.32%", "2010-03-31": "33.64%", "2009-12-31": "35.12%", "2009-09-30": "53.44%", "2009-06-30": "77.31%", "2009-03-31": "49.30%", "2008-12-31": "57.66%", "2008-09-30": "34.13%", "2008-06-30": "9.39%", "2008-03-31": "29.18%", "2007-12-31": "25.99%", "2007-09-30": "34.03%", "2007-06-30": "42.96%", "2007-03-31": "45.73%", "2006-12-31": "55.95%", "2006-09-30": "73.94%", "2006-06-30": "52.12%", "2006-03-31": "68.82%", "2005-12-31": "34.08%"}, "return on assets": {"2020-09-30": "0.56%", "2020-06-30": "1.55%", "2020-03-31": "0.81%", "2019-12-31": "1.19%", "2019-09-30": "0.83%", "2019-06-30": "1.42%", "2019-03-31": "1.83%", "2018-12-31": "2.43%", "2018-09-30": "3.29%", "2018-06-30": "3.03%", "2018-03-31": "2.78%", "2017-12-31": "2.49%", "2017-09-30": "0.77%", "2017-06-30": "0.55%", "2017-03-31": "0.53%", "2016-12-31": "0.46%", "2016-09-30": "1.66%", "2016-06-30": "2.14%", "2016-03-31": "2.47%", "2015-12-31": "2.43%", "2015-09-30": "3.03%", "2015-06-30": "3.97%", "2015-03-31": "4.44%", "2014-12-31": "4.96%", "2014-09-30": "4.82%", "2014-06-30": "4.31%", "2014-03-31": "4.41%", "2013-12-31": "4.25%", "2013-09-30": "4.20%", "2013-06-30": "3.47%", "2013-03-31": "3.29%", "2012-12-31": "3.36%", "2012-09-30": "3.78%", "2012-06-30": "5.37%", "2012-03-31": "5.90%", "2011-12-31": "5.52%", "2011-09-30": "5.04%", "2011-06-30": "4.07%", "2011-03-31": "3.99%", "2010-12-31": "4.82%", "2010-09-30": "4.84%", "2010-06-30": "5.37%", "2010-03-31": "9.50%", "2009-12-31": "9.18%", "2009-09-30": "12.45%", "2009-06-30": "14.26%", "2009-03-31": "6.57%", "2008-12-31": "6.31%", "2008-09-30": "3.28%", "2008-06-30": "0.90%", "2008-03-31": "3.08%", "2007-12-31": "2.85%", "2007-09-30": "3.75%", "2007-06-30": "4.63%", "2007-03-31": "4.45%", "2006-12-31": "4.78%", "2006-09-30": "5.45%", "2006-06-30": "2.85%", "2006-03-31": "3.33%", "2005-12-31": "1.37%"}, "return on investments": {"2020-09-30": "4.47%", "2020-06-30": "7.10%", "2020-03-31": "8.55%", "2019-12-31": "8.39%", "2019-09-30": "8.49%", "2019-06-30": "8.42%", "2019-03-31": "8.89%", "2018-12-31": "9.68%", "2018-09-30": "9.00%", "2018-06-30": "9.20%", "2018-03-31": "9.02%", "2017-12-31": "10.08%", "2017-09-30": "9.95%", "2017-06-30": "9.73%", "2017-03-31": "10.78%", "2016-12-31": "10.32%", "2016-09-30": "13.94%", "2016-06-30": "16.30%", "2016-03-31": "17.25%", "2015-12-31": "18.30%", "2015-09-30": "19.59%", "2015-06-30": "22.78%", "2015-03-31": "25.23%", "2014-12-31": "27.36%", "2014-09-30": "29.55%", "2014-06-30": "28.69%", "2014-03-31": "28.70%", "2013-12-31": "29.36%", "2013-09-30": "27.64%", "2013-06-30": "25.34%", "2013-03-31": "25.35%", "2012-12-31": "25.56%", "2012-09-30": "27.76%", "2012-06-30": "30.48%", "2012-03-31": "31.31%", "2011-12-31": "31.31%", "2011-09-30": "30.35%", "2011-06-30": "27.51%", "2011-03-31": "25.57%", "2010-12-31": "24.38%", "2010-09-30": "23.31%", "2010-06-30": "24.19%", "2010-03-31": "23.78%", "2009-12-31": "21.04%", "2009-09-30": "18.60%", "2009-06-30": "21.63%", "2009-03-31": "25.41%", "2008-12-31": "30.07%", "2008-09-30": "35.31%", "2008-06-30": "32.29%", "2008-03-31": "29.08%", "2007-12-31": "24.99%", "2007-09-30": "21.39%", "2007-06-30": "19.95%", "2007-03-31": "18.94%", "2006-12-31": "19.51%", "2006-09-30": "20.07%", "2006-06-30": "20.05%", "2006-03-31": "18.26%", "2005-12-31": "16.31%"}, "return on tangible equity": {"2020-09-30": "-2.29%", "2020-06-30": "-6.08%", "2020-03-31": "-3.21%", "2019-12-31": "-4.84%", "2019-09-30": "-3.69%", "2019-06-30": "-7.17%", "2019-03-31": "-10.19%", "2018-12-31": "-14.90%", "2018-09-30": "-18.76%", "2018-06-30": "-15.94%", "2018-03-31": "-13.60%", "2017-12-31": "-11.27%", "2017-09-30": "-3.27%", "2017-06-30": "-2.21%", "2017-03-31": "-2.32%", "2016-12-31": "-2.34%", "2016-09-30": "-10.30%", "2016-06-30": "-19.58%", "2016-03-31": "-22.05%", "2015-12-31": "-21.23%", "2015-09-30": "-26.23%", "2015-06-30": "-33.70%", "2015-03-31": "-46.90%", "2014-12-31": "-68.36%", "2014-09-30": "-97.92%", "2014-06-30": "-154.52%", "2014-03-31": "-109.60%", "2013-12-31": "-81.64%", "2013-09-30": "-65.53%", "2013-06-30": "-69.20%", "2013-03-31": "-108.22%", "2012-12-31": "-936.59%", "2012-09-30": "142.35%", "2012-06-30": "240.36%", "2012-03-31": "557.69%", "2011-12-31": "-724.32%", "2011-09-30": "-211.45%", "2011-06-30": "-101.36%", "2011-03-31": "-182.22%", "2010-12-31": "988.89%", "2010-09-30": "142.61%", "2010-06-30": "76.89%", "2010-03-31": "170.43%", "2009-12-31": "317.71%", "2009-09-30": "3200.00%", "2009-06-30": "-563.74%", "2009-03-31": "-121.87%", "2008-12-31": "-98.46%", "2008-09-30": "-47.64%", "2008-06-30": "-12.83%", "2008-03-31": "-50.33%", "2007-12-31": "-51.39%", "2007-09-30": "-68.78%", "2007-06-30": "-80.21%", "2007-03-31": "-83.28%", "2006-12-31": "-100.00%", "2006-09-30": "-88.06%", "2006-06-30": "-48.18%", "2006-03-31": "-47.29%", "2005-12-31": "-16.56%"}, "dividend yield history": {"last payout": "$0.00", "last yield": "0.00%"}}