{"ticker": "WLL", "price": {"title": "Whiting Petroleum Historical Annual Stock Price Data", "value": 25.91, "historical": {"2020": {"Average Stock Price": "4.6961", "Year Open": "7.2300", "Year High": "26.0000", "Year Low": "0.2902", "Year Close": "25.0000", "Annual % Change": "240.60%"}, "2019": {"Average Stock Price": "16.7404", "Year Open": "22.6900", "Year High": "30.3500", "Year Low": "4.4900", "Year Close": "7.3400", "Annual % Change": "-67.65%"}, "2018": {"Average Stock Price": "39.6271", "Year Open": "27.3700", "Year High": "55.4600", "Year Low": "18.8900", "Year Close": "22.6900", "Annual % Change": "-14.31%"}, "2017": {"Average Stock Price": "29.0945", "Year Open": "50.5600", "Year High": "52.4000", "Year Low": "16.0000", "Year Close": "26.4800", "Annual % Change": "-44.93%"}, "2016": {"Average Stock Price": "35.4913", "Year Open": "38.1200", "Year High": "55.4000", "Year Low": "14.1200", "Year Close": "48.0800", "Annual % Change": "27.33%"}, "2015": {"Average Stock Price": "104.4295", "Year Open": "132.7600", "Year High": "163.8000", "Year Low": "33.2400", "Year Close": "37.7600", "Annual % Change": "-71.39%"}, "2014": {"Average Stock Price": "273.0781", "Year Open": "238.0800", "Year High": "370.6400", "Year Low": "100.1600", "Year Close": "132.0000", "Annual % Change": "-46.66%"}, "2013": {"Average Stock Price": "210.1856", "Year Open": "179.9600", "Year High": "279.0000", "Year Low": "169.9200", "Year Close": "247.4800", "Annual % Change": "42.66%"}, "2012": {"Average Stock Price": "189.4301", "Year Open": "196.8000", "Year High": "249.8800", "Year Low": "145.6400", "Year Close": "173.4800", "Annual % Change": "-7.11%"}, "2011": {"Average Stock Price": "221.6067", "Year Open": "231.5600", "Year High": "298.0000", "Year Low": "122.6400", "Year Close": "186.7600", "Annual % Change": "-20.32%"}, "2010": {"Average Stock Price": "177.4744", "Year Open": "149.2600", "Year High": "236.4200", "Year Low": "130.8000", "Year Close": "234.3800", "Annual % Change": "64.02%"}, "2009": {"Average Stock Price": "88.7767", "Year Open": "74.0200", "Year High": "149.3600", "Year Low": "39.4600", "Year Close": "142.9000", "Annual % Change": "113.54%"}, "2008": {"Average Stock Price": "135.7436", "Year Open": "116.2600", "Year High": "221.3800", "Year Low": "52.5000", "Year Close": "66.9200", "Annual % Change": "-41.97%"}, "2007": {"Average Stock Price": "89.1214", "Year Open": "88.7400", "Year High": "115.5800", "Year Low": "71.9200", "Year Close": "115.3200", "Annual % Change": "23.73%"}, "2006": {"Average Stock Price": "85.0516", "Year Open": "82.4200", "Year High": "99.4200", "Year Low": "67.9200", "Year Close": "93.2000", "Annual % Change": "16.50%"}, "2005": {"Average Stock Price": "77.4965", "Year Open": "57.8200", "Year High": "91.3200", "Year Low": "57.1600", "Year Close": "80.0000", "Annual % Change": "32.23%"}, "2004": {"Average Stock Price": "50.9627", "Year Open": "37.6800", "Year High": "68.0800", "Year Low": "37.1000", "Year Close": "60.5000", "Annual % Change": "64.40%"}, "2003": {"Average Stock Price": "34.3071", "Year Open": "32.5400", "Year High": "36.8000", "Year Low": "32.5400", "Year Close": "36.8000", "Annual % Change": "0.00%"}}}, "market cap": {"value": "$0.99B"}, "income statement": {"Revenue": {"2019-12-31": "1572.24500", "2018-12-31": "2081.41400", "2017-12-31": "1481.43500", "2016-12-31": "1284.98200", "2015-12-31": "2092.48200", "2014-12-31": "3085.09700", "2013-12-31": "2828.38500", "2012-12-31": "2173.45200", "2011-12-31": "1899.62200", "2010-12-31": "1516.09900", "2009-12-31": "979.36000", "2008-12-31": "1222.11900", "2007-12-31": "818.71800", "2006-12-31": "778.82700", "2005-12-31": "540.44800"}, "Cost Of Goods Sold": {"2019-12-31": "563.81500", "2018-12-31": "599.19100", "2017-12-31": "1426.54000", "2016-12-31": "625.31800", "2015-12-31": "2620.09800", "2014-12-31": "1604.36300", "2013-12-31": "1108.83400", "2012-12-31": "715.02100", "2011-12-31": "529.32100", "2010-12-31": "431.59900", "2009-12-31": "374.95600", "2008-12-31": "384.05300", "2007-12-31": "298.59600", "2006-12-31": "265.27100", "2005-12-31": "164.35100"}, "Gross Profit": {"2019-12-31": "1008.43000", "2018-12-31": "1482.22300", "2017-12-31": "54.89500", "2016-12-31": "659.66410", "2015-12-31": "-527.61600", "2014-12-31": "1480.73400", "2013-12-31": "1719.55100", "2012-12-31": "1458.43100", "2011-12-31": "1370.30100", "2010-12-31": "1084.50000", "2009-12-31": "604.40400", "2008-12-31": "838.06600", "2007-12-31": "520.12200", "2006-12-31": "513.55600", "2005-12-31": "376.09700"}, "Research And Development Expenses": {"2019-12-31": "", "2018-12-31": "", "2017-12-31": "", "2016-12-31": "", "2015-12-31": "", "2014-12-31": "", "2013-12-31": "", "2012-12-31": "", "2011-12-31": "", "2010-12-31": "", "2009-12-31": "", "2008-12-31": "", "2007-12-31": "", "2006-12-31": "", "2005-12-31": ""}, "SG&A Expenses": {"2019-12-31": "188.34200", "2018-12-31": "142.36900", "2017-12-31": "648.24800", "2016-12-31": "330.85800", "2015-12-31": "15.43500", "2014-12-31": "76.63200", "2013-12-31": "150.20800", "2012-12-31": "108.57300", "2011-12-31": "84.98500", "2010-12-31": "77.99100", "2009-12-31": "304.57200", "2008-12-31": "54.59600", "2007-12-31": "39.04600", "2006-12-31": "37.80800", "2005-12-31": "30.60700"}, "Other Operating Income Or Expenses": {"2019-12-31": "", "2018-12-31": "", "2017-12-31": "", "2016-12-31": "", "2015-12-31": "", "2014-12-31": "", "2013-12-31": "", "2012-12-31": "", "2011-12-31": "", "2010-12-31": "", "2009-12-31": "", "2008-12-31": "", "2007-12-31": "", "2006-12-31": "", "2005-12-31": ""}, "Operating Expenses": {"2019-12-31": "1559.57600", "2018-12-31": "1511.53500", "2017-12-31": "3010.76400", "2016-12-31": "2113.18800", "2015-12-31": "4735.84700", "2014-12-31": "2770.54000", "2013-12-31": "2150.55800", "2012-12-31": "1508.31800", "2011-12-31": "1082.50900", "2010-12-31": "903.48690", "2009-12-31": "1074.32000", "2008-12-31": "716.09700", "2007-12-31": "530.45300", "2006-12-31": "465.91000", "2005-12-31": "292.59700"}, "Operating Income": {"2019-12-31": "12.66910", "2018-12-31": "569.87900", "2017-12-31": "-1529.32900", "2016-12-31": "-828.20590", "2015-12-31": "-2643.36500", "2014-12-31": "314.55660", "2013-12-31": "677.82710", "2012-12-31": "665.13390", "2011-12-31": "817.11290", "2010-12-31": "612.61210", "2009-12-31": "-94.96000", "2008-12-31": "506.02200", "2007-12-31": "288.26500", "2006-12-31": "312.91710", "2005-12-31": "247.85100"}, "Total Non-Operating Income/Expense": {"2019-12-31": "-181.61500", "2018-12-31": "-226.01200", "2017-12-31": "-191.31200", "2016-12-31": "-598.56400", "2015-12-31": "-350.13000", "2014-12-31": "-170.64200", "2013-12-31": "-105.95600", "2012-12-31": "-3.12300", "2011-12-31": "-36.79400", "2010-12-31": "-71.16900", "2009-12-31": "-67.87500", "2008-12-31": "-97.20200", "2007-12-31": "-81.10300", "2006-12-31": "-79.64500", "2005-12-31": "-51.75300"}, "Pre-Tax Income": {"2019-12-31": "-168.94600", "2018-12-31": "343.86700", "2017-12-31": "-1720.64100", "2016-12-31": "-1426.77000", "2015-12-31": "-2993.49500", "2014-12-31": "143.91500", "2013-12-31": "571.87100", "2012-12-31": "662.01100", "2011-12-31": "780.31900", "2010-12-31": "541.44300", "2009-12-31": "-162.83500", "2008-12-31": "408.82000", "2007-12-31": "207.16200", "2006-12-31": "233.27200", "2005-12-31": "196.09800"}, "Income Taxes": {"2019-12-31": "72.22000", "2018-12-31": "1.37300", "2017-12-31": "-482.97900", "2016-12-31": "-87.64600", "2015-12-31": "-774.22700", "2014-12-31": "79.17000", "2013-12-31": "205.86800", "2012-12-31": "247.91200", "2011-12-31": "288.69100", "2010-12-31": "204.79000", "2009-12-31": "-55.95300", "2008-12-31": "156.67700", "2007-12-31": "76.56200", "2006-12-31": "76.90800", "2005-12-31": "74.17600"}, "Income After Taxes": {"2019-12-31": "-241.16600", "2018-12-31": "342.49400", "2017-12-31": "-1237.66200", "2016-12-31": "-1339.12400", "2015-12-31": "-2219.26800", "2014-12-31": "64.74500", "2013-12-31": "366.00300", "2012-12-31": "414.09900", "2011-12-31": "491.62800", "2010-12-31": "336.65300", "2009-12-31": "-106.88200", "2008-12-31": "252.14300", "2007-12-31": "130.60000", "2006-12-31": "156.36400", "2005-12-31": "121.92200"}, "Other Income": {"2019-12-31": "", "2018-12-31": "", "2017-12-31": "", "2016-12-31": "", "2015-12-31": "", "2014-12-31": "", "2013-12-31": "", "2012-12-31": "", "2011-12-31": "", "2010-12-31": "", "2009-12-31": "", "2008-12-31": "", "2007-12-31": "", "2006-12-31": "", "2005-12-31": ""}, "Income From Continuous Operations": {"2019-12-31": "-241.16600", "2018-12-31": "342.49400", "2017-12-31": "-1237.66200", "2016-12-31": "-1339.12400", "2015-12-31": "-2219.26800", "2014-12-31": "64.74500", "2013-12-31": "366.00300", "2012-12-31": "414.09900", "2011-12-31": "491.62800", "2010-12-31": "336.65300", "2009-12-31": "-106.88200", "2008-12-31": "252.14300", "2007-12-31": "130.60000", "2006-12-31": "156.36400", "2005-12-31": "121.92200"}, "Income From Discontinued Operations": {"2019-12-31": "", "2018-12-31": "", "2017-12-31": "", "2016-12-31": "", "2015-12-31": "", "2014-12-31": "", "2013-12-31": "", "2012-12-31": "", "2011-12-31": "", "2010-12-31": "", "2009-12-31": "", "2008-12-31": "", "2007-12-31": "", "2006-12-31": "", "2005-12-31": ""}, "Net Income": {"2019-12-31": "-241.16600", "2018-12-31": "342.49400", "2017-12-31": "-1237.66200", "2016-12-31": "-1339.10200", "2015-12-31": "-2219.18200", "2014-12-31": "64.80700", "2013-12-31": "366.05500", "2012-12-31": "414.18900", "2011-12-31": "491.68700", "2010-12-31": "336.65300", "2009-12-31": "-106.88200", "2008-12-31": "252.14300", "2007-12-31": "130.60000", "2006-12-31": "156.36400", "2005-12-31": "121.92200"}, "EBITDA": {"2019-12-31": "12.66910", "2018-12-31": "569.87900", "2017-12-31": "-1529.32900", "2016-12-31": "-828.20590", "2015-12-31": "-2643.36500", "2014-12-31": "314.55660", "2013-12-31": "677.82710", "2012-12-31": "665.13390", "2011-12-31": "817.11290", "2010-12-31": "612.61210", "2009-12-31": "-94.96000", "2008-12-31": "506.02200", "2007-12-31": "288.26500", "2006-12-31": "312.91710", "2005-12-31": "247.85100"}, "EBIT": {"2019-12-31": "12.66910", "2018-12-31": "569.87900", "2017-12-31": "-1529.32900", "2016-12-31": "-828.20590", "2015-12-31": "-2643.36500", "2014-12-31": "314.55660", "2013-12-31": "677.82710", "2012-12-31": "665.13390", "2011-12-31": "817.11290", "2010-12-31": "612.61210", "2009-12-31": "-94.96000", "2008-12-31": "506.02200", "2007-12-31": "288.26500", "2006-12-31": "312.91710", "2005-12-31": "247.85100"}, "Basic Shares Outstanding": {"2019-12-31": "", "2018-12-31": "", "2017-12-31": "", "2016-12-31": "", "2015-12-31": "", "2014-12-31": "", "2013-12-31": "", "2012-12-31": "", "2011-12-31": "", "2010-12-31": "", "2009-12-31": "", "2008-12-31": "", "2007-12-31": "", "2006-12-31": "", "2005-12-31": ""}, "Shares Outstanding": {"2019-12-31": "", "2018-12-31": "", "2017-12-31": "", "2016-12-31": "", "2015-12-31": "", "2014-12-31": "", "2013-12-31": "", "2012-12-31": "", "2011-12-31": "", "2010-12-31": "", "2009-12-31": "", "2008-12-31": "", "2007-12-31": "", "2006-12-31": "", "2005-12-31": ""}, "Basic EPS": {"2019-12-31": "", "2018-12-31": "", "2017-12-31": "", "2016-12-31": "", "2015-12-31": "", "2014-12-31": "", "2013-12-31": "", "2012-12-31": "", "2011-12-31": "", "2010-12-31": "", "2009-12-31": "", "2008-12-31": "", "2007-12-31": "", "2006-12-31": "", "2005-12-31": ""}, "EPS - Earnings Per Share": {"2019-12-31": "0.00000", "2018-12-31": "0.00000", "2017-12-31": "0.00000", "2016-12-31": "0.00000", "2015-12-31": "0.00000", "2014-12-31": "0.00000", "2013-12-31": "0.00000", "2012-12-31": "0.00000", "2011-12-31": "0.00000", "2010-12-31": "0.00000", "2009-12-31": "0.00000", "2008-12-31": "0.00000", "2007-12-31": "0.00000", "2006-12-31": "0.00000", "2005-12-31": "0.00000"}}, "income statement, quarterly": {"Revenue": {"2020-09-30": "", "2020-03-31": ""}, "Cost Of Goods Sold": {"2020-09-30": "", "2020-03-31": ""}, "Gross Profit": {"2020-09-30": "", "2020-03-31": ""}, "Research And Development Expenses": {"2020-09-30": "", "2020-03-31": ""}, "SG&A Expenses": {"2020-09-30": "", "2020-03-31": ""}, "Other Operating Income Or Expenses": {"2020-09-30": "", "2020-03-31": ""}, "Operating Expenses": {"2020-09-30": "", "2020-03-31": ""}, "Operating Income": {"2020-09-30": "", "2020-03-31": ""}, "Total Non-Operating Income/Expense": {"2020-09-30": "", "2020-03-31": ""}, "Pre-Tax Income": {"2020-09-30": "", "2020-03-31": ""}, "Income Taxes": {"2020-09-30": "", "2020-03-31": ""}, "Income After Taxes": {"2020-09-30": "", "2020-03-31": ""}, "Other Income": {"2020-09-30": "", "2020-03-31": ""}, "Income From Continuous Operations": {"2020-09-30": "", "2020-03-31": ""}, "Income From Discontinued Operations": {"2020-09-30": "", "2020-03-31": ""}, "Net Income": {"2020-09-30": "", "2020-03-31": ""}, "EBITDA": {"2020-09-30": "", "2020-03-31": ""}, "EBIT": {"2020-09-30": "", "2020-03-31": ""}, "Basic Shares Outstanding": {"2020-09-30": "", "2020-03-31": ""}, "Shares Outstanding": {"2020-09-30": "", "2020-03-31": ""}, "Basic EPS": {"2020-09-30": "1.06000", "2020-03-31": ""}, "EPS - Earnings Per Share": {"2020-09-30": "1.06000", "2020-03-31": "0.00000"}}, "balance sheet": {"Cash On Hand": {"2019-12-31": "8.65200", "2018-12-31": "13.60700", "2017-12-31": "879.37900", "2016-12-31": "73.22500", "2015-12-31": "16.05300", "2014-12-31": "78.10000", "2013-12-31": "699.46000", "2012-12-31": "44.80000", "2011-12-31": "15.81100", "2010-12-31": "18.95200", "2009-12-31": "11.96000", "2008-12-31": "9.62400", "2007-12-31": "14.77800", "2006-12-31": "10.37200", "2005-12-31": "10.38200"}, "Receivables": {"2019-12-31": "308.24900", "2018-12-31": "294.46800", "2017-12-31": "284.21400", "2016-12-31": "173.91900", "2015-12-31": "332.42800", "2014-12-31": "543.17200", "2013-12-31": "341.17700", "2012-12-31": "318.26500", "2011-12-31": "262.51500", "2010-12-31": "199.71300", "2009-12-31": "152.08200", "2008-12-31": "122.83300", "2007-12-31": "110.43700", "2006-12-31": "97.83100", "2005-12-31": "101.06600"}, "Inventory": {"2019-12-31": "", "2018-12-31": "", "2017-12-31": "", "2016-12-31": "", "2015-12-31": "", "2014-12-31": "", "2013-12-31": "", "2012-12-31": "", "2011-12-31": "", "2010-12-31": "", "2009-12-31": "", "2008-12-31": "", "2007-12-31": "", "2006-12-31": "", "2005-12-31": ""}, "Pre-Paid Expenses": {"2019-12-31": "", "2018-12-31": "", "2017-12-31": "", "2016-12-31": "", "2015-12-31": "", "2014-12-31": "", "2013-12-31": "", "2012-12-31": "", "2011-12-31": "", "2010-12-31": "", "2009-12-31": "", "2008-12-31": "", "2007-12-31": "", "2006-12-31": "", "2005-12-31": ""}, "Other Current Assets": {"2019-12-31": "", "2018-12-31": "", "2017-12-31": "", "2016-12-31": "", "2015-12-31": "", "2014-12-31": "", "2013-12-31": "", "2012-12-31": "", "2011-12-31": "", "2010-12-31": "", "2009-12-31": "", "2008-12-31": "", "2007-12-31": "", "2006-12-31": "", "2005-12-31": ""}, "Total Current Assets": {"2019-12-31": "330.98300", "2018-12-31": "398.42600", "2017-12-31": "1189.62800", "2016-12-31": "622.60200", "2015-12-31": "535.19000", "2014-12-31": "842.99900", "2013-12-31": "1069.61800", "2012-12-31": "384.41200", "2011-12-31": "298.70300", "2010-12-31": "233.54300", "2009-12-31": "176.02500", "2008-12-31": "217.07400", "2007-12-31": "162.16700", "2006-12-31": "121.71200", "2005-12-31": "132.16400"}, "Property, Plant, And Equipment": {"2019-12-31": "7255.45700", "2018-12-31": "7326.36200", "2017-12-31": "7183.43900", "2016-12-31": "9143.41800", "2015-12-31": "10749.70000", "2014-12-31": "12142.71000", "2013-12-31": "7595.04500", "2012-12-31": "6763.53300", "2011-12-31": "5638.74000", "2010-12-31": "4355.22300", "2009-12-31": "3798.10600", "2008-12-31": "3734.66700", "2007-12-31": "2759.69600", "2006-12-31": "2432.66100", "2005-12-31": "2062.85800"}, "Long-Term Investments": {"2019-12-31": "", "2018-12-31": "", "2017-12-31": "", "2016-12-31": "", "2015-12-31": "", "2014-12-31": "", "2013-12-31": "", "2012-12-31": "", "2011-12-31": "", "2010-12-31": "", "2009-12-31": "", "2008-12-31": "", "2007-12-31": "", "2006-12-31": "", "2005-12-31": ""}, "Goodwill And Intangible Assets": {"2019-12-31": "", "2018-12-31": "", "2017-12-31": "", "2016-12-31": "", "2015-12-31": "", "2014-12-31": "", "2013-12-31": "", "2012-12-31": "", "2011-12-31": "", "2010-12-31": "", "2009-12-31": "", "2008-12-31": "", "2007-12-31": "", "2006-12-31": "", "2005-12-31": ""}, "Other Long-Term Assets": {"2019-12-31": "", "2018-12-31": "", "2017-12-31": "", "2016-12-31": "", "2015-12-31": "", "2014-12-31": "", "2013-12-31": "", "2012-12-31": "", "2011-12-31": "", "2010-12-31": "", "2009-12-31": "", "2008-12-31": "", "2007-12-31": "", "2006-12-31": "", "2005-12-31": ""}, "Total Long-Term Assets": {"2019-12-31": "7255.45700", "2018-12-31": "7326.36200", "2017-12-31": "7183.43900", "2016-12-31": "9143.41800", "2015-12-31": "10749.70000", "2014-12-31": "12142.71000", "2013-12-31": "7595.04500", "2012-12-31": "6763.53300", "2011-12-31": "5638.74000", "2010-12-31": "4355.22300", "2009-12-31": "3798.10600", "2008-12-31": "3734.66700", "2007-12-31": "2759.69600", "2006-12-31": "2432.66100", "2005-12-31": "2062.85800"}, "Total Assets": {"2019-12-31": "7636.72100", "2018-12-31": "7759.57300", "2017-12-31": "8403.03400", "2016-12-31": "9876.14200", "2015-12-31": "11389.08000", "2014-12-31": "13993.11000", "2013-12-31": "8833.47000", "2012-12-31": "7272.41900", "2011-12-31": "6045.60900", "2010-12-31": "4648.77700", "2009-12-31": "4029.54200", "2008-12-31": "4029.08100", "2007-12-31": "2952.01100", "2006-12-31": "2585.40300", "2005-12-31": "2235.19600"}, "Total Current Liabilities": {"2019-12-31": "550.41400", "2018-12-31": "536.93100", "2017-12-31": "1553.32800", "2016-12-31": "478.33100", "2015-12-31": "599.81300", "2014-12-31": "1160.97100", "2013-12-31": "777.68500", "2012-12-31": "636.97900", "2011-12-31": "567.03400", "2010-12-31": "459.20500", "2009-12-31": "282.73200", "2008-12-31": "351.16800", "2007-12-31": "254.66400", "2006-12-31": "143.04200", "2005-12-31": "168.56700"}, "Long Term Debt": {"2019-12-31": "2799.88500", "2018-12-31": "2792.32100", "2017-12-31": "2764.71600", "2016-12-31": "3535.30300", "2015-12-31": "5197.70400", "2014-12-31": "5602.38900", "2013-12-31": "2653.83400", "2012-12-31": "1800.00000", "2011-12-31": "1380.00000", "2010-12-31": "800.00000", "2009-12-31": "779.58500", "2008-12-31": "1239.75100", "2007-12-31": "868.24800", "2006-12-31": "995.39600", "2005-12-31": "875.09800"}, "Other Non-Current Liabilities": {"2019-12-31": "", "2018-12-31": "", "2017-12-31": "", "2016-12-31": "", "2015-12-31": "", "2014-12-31": "", "2013-12-31": "", "2012-12-31": "", "2011-12-31": "", "2010-12-31": "", "2009-12-31": "", "2008-12-31": "", "2007-12-31": "", "2006-12-31": "", "2005-12-31": ""}, "Total Long Term Liabilities": {"2019-12-31": "2799.88500", "2018-12-31": "2792.32100", "2017-12-31": "2764.71600", "2016-12-31": "3535.30300", "2015-12-31": "5197.70400", "2014-12-31": "5602.38900", "2013-12-31": "2653.83400", "2012-12-31": "1800.00000", "2011-12-31": "1380.00000", "2010-12-31": "800.00000", "2009-12-31": "779.58500", "2008-12-31": "1239.75100", "2007-12-31": "868.24800", "2006-12-31": "995.39600", "2005-12-31": "875.09800"}, "Total Liabilities": {"2019-12-31": "3611.75000", "2018-12-31": "3489.25700", "2017-12-31": "4483.89200", "2016-12-31": "4726.95000", "2015-12-31": "6630.49700", "2014-12-31": "8290.06700", "2013-12-31": "4996.77100", "2012-12-31": "3819.24700", "2011-12-31": "3016.47800", "2010-12-31": "2117.46200", "2009-12-31": "1759.45700", "2008-12-31": "2220.29000", "2007-12-31": "1461.18500", "2006-12-31": "1398.73300", "2005-12-31": "1237.33400"}, "Common Stock Net": {"2019-12-31": "", "2018-12-31": "", "2017-12-31": "", "2016-12-31": "", "2015-12-31": "", "2014-12-31": "", "2013-12-31": "", "2012-12-31": "", "2011-12-31": "", "2010-12-31": "", "2009-12-31": "", "2008-12-31": "", "2007-12-31": "", "2006-12-31": "", "2005-12-31": ""}, "Retained Earnings (Accumulated Deficit)": {"2019-12-31": "-2385.11200", "2018-12-31": "-2143.94600", "2017-12-31": "-2486.44000", "2016-12-31": "-1248.57200", "2015-12-31": "90.53000", "2014-12-31": "2309.71200", "2013-12-31": "2244.90500", "2012-12-31": "1879.38800", "2011-12-31": "1466.27600", "2010-12-31": "975.66600", "2009-12-31": "702.98300", "2008-12-31": "820.16700", "2007-12-31": "568.02400", "2006-12-31": "437.74700", "2005-12-31": "281.38300"}, "Comprehensive Income": {"2019-12-31": "", "2018-12-31": "", "2017-12-31": "", "2016-12-31": "", "2015-12-31": "", "2014-12-31": "", "2013-12-31": "", "2012-12-31": "", "2011-12-31": "", "2010-12-31": "", "2009-12-31": "", "2008-12-31": "", "2007-12-31": "", "2006-12-31": "", "2005-12-31": ""}, "Other Share Holders Equity": {"2019-12-31": "", "2018-12-31": "", "2017-12-31": "", "2016-12-31": "", "2015-12-31": "", "2014-12-31": "", "2013-12-31": "", "2012-12-31": "", "2011-12-31": "", "2010-12-31": "", "2009-12-31": "", "2008-12-31": "", "2007-12-31": "", "2006-12-31": "", "2005-12-31": ""}, "Share Holder Equity": {"2019-12-31": "4024.97100", "2018-12-31": "4270.31600", "2017-12-31": "3919.14200", "2016-12-31": "5149.19200", "2015-12-31": "4758.58800", "2014-12-31": "5703.04400", "2013-12-31": "3836.69900", "2012-12-31": "3453.17200", "2011-12-31": "3029.13100", "2010-12-31": "2531.31500", "2009-12-31": "2270.08500", "2008-12-31": "1808.79100", "2007-12-31": "1490.82600", "2006-12-31": "1186.67000", "2005-12-31": "997.86200"}, "Total Liabilities And Share Holders Equity": {"2019-12-31": "7636.72100", "2018-12-31": "7759.57300", "2017-12-31": "8403.03400", "2016-12-31": "9876.14300", "2015-12-31": "11389.08000", "2014-12-31": "13993.11000", "2013-12-31": "8833.47000", "2012-12-31": "7272.41900", "2011-12-31": "6045.60900", "2010-12-31": "4648.77700", "2009-12-31": "4029.54200", "2008-12-31": "4029.08100", "2007-12-31": "2952.01100", "2006-12-31": "2585.40300", "2005-12-31": "2235.19600"}}, "balance sheet, quarterly": {"Cash On Hand": {"2020-09-30": "", "2020-03-31": ""}, "Receivables": {"2020-09-30": "", "2020-03-31": ""}, "Inventory": {"2020-09-30": "", "2020-03-31": ""}, "Pre-Paid Expenses": {"2020-09-30": "", "2020-03-31": ""}, "Other Current Assets": {"2020-09-30": "", "2020-03-31": ""}, "Total Current Assets": {"2020-09-30": "", "2020-03-31": ""}, "Property, Plant, And Equipment": {"2020-09-30": "", "2020-03-31": ""}, "Long-Term Investments": {"2020-09-30": "", "2020-03-31": ""}, "Goodwill And Intangible Assets": {"2020-09-30": "", "2020-03-31": ""}, "Other Long-Term Assets": {"2020-09-30": "", "2020-03-31": ""}, "Total Long-Term Assets": {"2020-09-30": "", "2020-03-31": ""}, "Total Assets": {"2020-09-30": "0.00000", "2020-03-31": "0.00000"}, "Total Current Liabilities": {"2020-09-30": "", "2020-03-31": ""}, "Long Term Debt": {"2020-09-30": "", "2020-03-31": ""}, "Other Non-Current Liabilities": {"2020-09-30": "", "2020-03-31": ""}, "Total Long Term Liabilities": {"2020-09-30": "", "2020-03-31": ""}, "Total Liabilities": {"2020-09-30": "", "2020-03-31": ""}, "Common Stock Net": {"2020-09-30": "", "2020-03-31": ""}, "Retained Earnings (Accumulated Deficit)": {"2020-09-30": "", "2020-03-31": ""}, "Comprehensive Income": {"2020-09-30": "", "2020-03-31": ""}, "Other Share Holders Equity": {"2020-09-30": "", "2020-03-31": ""}, "Share Holder Equity": {"2020-09-30": "", "2020-03-31": ""}, "Total Liabilities And Share Holders Equity": {"2020-09-30": "", "2020-03-31": ""}}, "cash flow statement": {"Net Income/Loss": {"2019-12-31": "0.00000", "2018-12-31": "0.00000", "2017-12-31": "0.00000", "2016-12-31": "0.00000", "2015-12-31": "0.00000", "2014-12-31": "0.00000", "2013-12-31": "0.00000", "2012-12-31": "0.00000", "2011-12-31": "0.00000", "2010-12-31": "0.00000", "2009-12-31": "0.00000", "2008-12-31": "0.00000", "2007-12-31": "0.00000", "2006-12-31": "0.00000", "2005-12-31": "0.00000"}, "Total Depreciation And Amortization - Cash Flow": {"2019-12-31": "", "2018-12-31": "", "2017-12-31": "", "2016-12-31": "", "2015-12-31": "", "2014-12-31": "", "2013-12-31": "", "2012-12-31": "", "2011-12-31": "", "2010-12-31": "", "2009-12-31": "", "2008-12-31": "", "2007-12-31": "", "2006-12-31": "", "2005-12-31": ""}, "Other Non-Cash Items": {"2019-12-31": "", "2018-12-31": "", "2017-12-31": "", "2016-12-31": "", "2015-12-31": "", "2014-12-31": "", "2013-12-31": "", "2012-12-31": "", "2011-12-31": "", "2010-12-31": "", "2009-12-31": "", "2008-12-31": "", "2007-12-31": "", "2006-12-31": "", "2005-12-31": ""}, "Total Non-Cash Items": {"2019-12-31": "", "2018-12-31": "", "2017-12-31": "", "2016-12-31": "", "2015-12-31": "", "2014-12-31": "", "2013-12-31": "", "2012-12-31": "", "2011-12-31": "", "2010-12-31": "", "2009-12-31": "", "2008-12-31": "", "2007-12-31": "", "2006-12-31": "", "2005-12-31": ""}, "Change In Accounts Receivable": {"2019-12-31": "", "2018-12-31": "", "2017-12-31": "", "2016-12-31": "", "2015-12-31": "", "2014-12-31": "", "2013-12-31": "", "2012-12-31": "", "2011-12-31": "", "2010-12-31": "", "2009-12-31": "", "2008-12-31": "", "2007-12-31": "", "2006-12-31": "", "2005-12-31": ""}, "Change In Inventories": {"2019-12-31": "", "2018-12-31": "", "2017-12-31": "", "2016-12-31": "", "2015-12-31": "", "2014-12-31": "", "2013-12-31": "", "2012-12-31": "", "2011-12-31": "", "2010-12-31": "", "2009-12-31": "", "2008-12-31": "", "2007-12-31": "", "2006-12-31": "", "2005-12-31": ""}, "Change In Accounts Payable": {"2019-12-31": "", "2018-12-31": "", "2017-12-31": "", "2016-12-31": "", "2015-12-31": "", "2014-12-31": "", "2013-12-31": "", "2012-12-31": "", "2011-12-31": "", "2010-12-31": "", "2009-12-31": "", "2008-12-31": "", "2007-12-31": "", "2006-12-31": "", "2005-12-31": ""}, "Change In Assets/Liabilities": {"2019-12-31": "", "2018-12-31": "", "2017-12-31": "", "2016-12-31": "", "2015-12-31": "", "2014-12-31": "", "2013-12-31": "", "2012-12-31": "", "2011-12-31": "", "2010-12-31": "", "2009-12-31": "", "2008-12-31": "", "2007-12-31": "", "2006-12-31": "", "2005-12-31": ""}, "Total Change In Assets/Liabilities": {"2019-12-31": "", "2018-12-31": "", "2017-12-31": "", "2016-12-31": "", "2015-12-31": "", "2014-12-31": "", "2013-12-31": "", "2012-12-31": "", "2011-12-31": "", "2010-12-31": "", "2009-12-31": "", "2008-12-31": "", "2007-12-31": "", "2006-12-31": "", "2005-12-31": ""}, "Cash Flow From Operating Activities": {"2019-12-31": "", "2018-12-31": "", "2017-12-31": "", "2016-12-31": "", "2015-12-31": "", "2014-12-31": "", "2013-12-31": "", "2012-12-31": "", "2011-12-31": "", "2010-12-31": "", "2009-12-31": "", "2008-12-31": "", "2007-12-31": "", "2006-12-31": "", "2005-12-31": ""}, "Net Change In Property, Plant, And Equipment": {"2019-12-31": "", "2018-12-31": "", "2017-12-31": "", "2016-12-31": "", "2015-12-31": "", "2014-12-31": "", "2013-12-31": "", "2012-12-31": "", "2011-12-31": "", "2010-12-31": "", "2009-12-31": "", "2008-12-31": "", "2007-12-31": "", "2006-12-31": "", "2005-12-31": ""}, "Net Change In Intangible Assets": {"2019-12-31": "", "2018-12-31": "", "2017-12-31": "", "2016-12-31": "", "2015-12-31": "", "2014-12-31": "", "2013-12-31": "", "2012-12-31": "", "2011-12-31": "", "2010-12-31": "", "2009-12-31": "", "2008-12-31": "", "2007-12-31": "", "2006-12-31": "", "2005-12-31": ""}, "Net Acquisitions/Divestitures": {"2019-12-31": "", "2018-12-31": "", "2017-12-31": "", "2016-12-31": "", "2015-12-31": "", "2014-12-31": "", "2013-12-31": "", "2012-12-31": "", "2011-12-31": "", "2010-12-31": "", "2009-12-31": "", "2008-12-31": "", "2007-12-31": "", "2006-12-31": "", "2005-12-31": ""}, "Net Change In Short-term Investments": {"2019-12-31": "", "2018-12-31": "", "2017-12-31": "", "2016-12-31": "", "2015-12-31": "", "2014-12-31": "", "2013-12-31": "", "2012-12-31": "", "2011-12-31": "", "2010-12-31": "", "2009-12-31": "", "2008-12-31": "", "2007-12-31": "", "2006-12-31": "", "2005-12-31": ""}, "Net Change In Long-Term Investments": {"2019-12-31": "", "2018-12-31": "", "2017-12-31": "", "2016-12-31": "", "2015-12-31": "", "2014-12-31": "", "2013-12-31": "", "2012-12-31": "", "2011-12-31": "", "2010-12-31": "", "2009-12-31": "", "2008-12-31": "", "2007-12-31": "", "2006-12-31": "", "2005-12-31": ""}, "Net Change In Investments - Total": {"2019-12-31": "", "2018-12-31": "", "2017-12-31": "", "2016-12-31": "", "2015-12-31": "", "2014-12-31": "", "2013-12-31": "", "2012-12-31": "", "2011-12-31": "", "2010-12-31": "", "2009-12-31": "", "2008-12-31": "", "2007-12-31": "", "2006-12-31": "", "2005-12-31": ""}, "Investing Activities - Other": {"2019-12-31": "", "2018-12-31": "", "2017-12-31": "", "2016-12-31": "", "2015-12-31": "", "2014-12-31": "", "2013-12-31": "", "2012-12-31": "", "2011-12-31": "", "2010-12-31": "", "2009-12-31": "", "2008-12-31": "", "2007-12-31": "", "2006-12-31": "", "2005-12-31": ""}, "Cash Flow From Investing Activities": {"2019-12-31": "", "2018-12-31": "", "2017-12-31": "", "2016-12-31": "", "2015-12-31": "", "2014-12-31": "", "2013-12-31": "", "2012-12-31": "", "2011-12-31": "", "2010-12-31": "", "2009-12-31": "", "2008-12-31": "", "2007-12-31": "", "2006-12-31": "", "2005-12-31": ""}, "Net Long-Term Debt": {"2019-12-31": "", "2018-12-31": "", "2017-12-31": "", "2016-12-31": "", "2015-12-31": "", "2014-12-31": "", "2013-12-31": "", "2012-12-31": "", "2011-12-31": "", "2010-12-31": "", "2009-12-31": "", "2008-12-31": "", "2007-12-31": "", "2006-12-31": "", "2005-12-31": ""}, "Net Current Debt": {"2019-12-31": "", "2018-12-31": "", "2017-12-31": "", "2016-12-31": "", "2015-12-31": "", "2014-12-31": "", "2013-12-31": "", "2012-12-31": "", "2011-12-31": "", "2010-12-31": "", "2009-12-31": "", "2008-12-31": "", "2007-12-31": "", "2006-12-31": "", "2005-12-31": ""}, "Debt Issuance/Retirement Net - Total": {"2019-12-31": "", "2018-12-31": "", "2017-12-31": "", "2016-12-31": "", "2015-12-31": "", "2014-12-31": "", "2013-12-31": "", "2012-12-31": "", "2011-12-31": "", "2010-12-31": "", "2009-12-31": "", "2008-12-31": "", "2007-12-31": "", "2006-12-31": "", "2005-12-31": ""}, "Net Common Equity Issued/Repurchased": {"2019-12-31": "", "2018-12-31": "", "2017-12-31": "", "2016-12-31": "", "2015-12-31": "", "2014-12-31": "", "2013-12-31": "", "2012-12-31": "", "2011-12-31": "", "2010-12-31": "", "2009-12-31": "", "2008-12-31": "", "2007-12-31": "", "2006-12-31": "", "2005-12-31": ""}, "Net Total Equity Issued/Repurchased": {"2019-12-31": "", "2018-12-31": "", "2017-12-31": "", "2016-12-31": "", "2015-12-31": "", "2014-12-31": "", "2013-12-31": "", "2012-12-31": "", "2011-12-31": "", "2010-12-31": "", "2009-12-31": "", "2008-12-31": "", "2007-12-31": "", "2006-12-31": "", "2005-12-31": ""}, "Total Common And Preferred Stock Dividends Paid": {"2019-12-31": "", "2018-12-31": "", "2017-12-31": "", "2016-12-31": "", "2015-12-31": "", "2014-12-31": "", "2013-12-31": "", "2012-12-31": "", "2011-12-31": "", "2010-12-31": "", "2009-12-31": "", "2008-12-31": "", "2007-12-31": "", "2006-12-31": "", "2005-12-31": ""}, "Financial Activities - Other": {"2019-12-31": "", "2018-12-31": "", "2017-12-31": "", "2016-12-31": "", "2015-12-31": "", "2014-12-31": "", "2013-12-31": "", "2012-12-31": "", "2011-12-31": "", "2010-12-31": "", "2009-12-31": "", "2008-12-31": "", "2007-12-31": "", "2006-12-31": "", "2005-12-31": ""}, "Cash Flow From Financial Activities": {"2019-12-31": "", "2018-12-31": "", "2017-12-31": "", "2016-12-31": "", "2015-12-31": "", "2014-12-31": "", "2013-12-31": "", "2012-12-31": "", "2011-12-31": "", "2010-12-31": "", "2009-12-31": "", "2008-12-31": "", "2007-12-31": "", "2006-12-31": "", "2005-12-31": ""}, "Net Cash Flow": {"2019-12-31": "", "2018-12-31": "", "2017-12-31": "", "2016-12-31": "", "2015-12-31": "", "2014-12-31": "", "2013-12-31": "", "2012-12-31": "", "2011-12-31": "", "2010-12-31": "", "2009-12-31": "", "2008-12-31": "", "2007-12-31": "", "2006-12-31": "", "2005-12-31": ""}, "Stock-Based Compensation": {"2019-12-31": "", "2018-12-31": "", "2017-12-31": "", "2016-12-31": "", "2015-12-31": "", "2014-12-31": "", "2013-12-31": "", "2012-12-31": "", "2011-12-31": "", "2010-12-31": "", "2009-12-31": "", "2008-12-31": "", "2007-12-31": "", "2006-12-31": "", "2005-12-31": ""}, "Common Stock Dividends Paid": {"2019-12-31": "", "2018-12-31": "", "2017-12-31": "", "2016-12-31": "", "2015-12-31": "", "2014-12-31": "", "2013-12-31": "", "2012-12-31": "", "2011-12-31": "", "2010-12-31": "", "2009-12-31": "", "2008-12-31": "", "2007-12-31": "", "2006-12-31": "", "2005-12-31": ""}}, "cash flow statement, quarterly": {"Net Income/Loss": {"2020-09-30": 0, "2020-03-31": "0.00000"}, "Total Depreciation And Amortization - Cash Flow": {"2020-09-30": 0, "2020-03-31": ""}, "Other Non-Cash Items": {"2020-09-30": 0, "2020-03-31": ""}, "Total Non-Cash Items": {"2020-09-30": 0, "2020-03-31": ""}, "Change In Accounts Receivable": {"2020-09-30": 0, "2020-03-31": ""}, "Change In Inventories": {"2020-09-30": 0, "2020-03-31": ""}, "Change In Accounts Payable": {"2020-09-30": 0, "2020-03-31": ""}, "Change In Assets/Liabilities": {"2020-09-30": 0, "2020-03-31": ""}, "Total Change In Assets/Liabilities": {"2020-09-30": 0, "2020-03-31": ""}, "Cash Flow From Operating Activities": {"2020-09-30": 0, "2020-03-31": ""}, "Net Change In Property, Plant, And Equipment": {"2020-09-30": 0, "2020-03-31": ""}, "Net Change In Intangible Assets": {"2020-09-30": 0, "2020-03-31": ""}, "Net Acquisitions/Divestitures": {"2020-09-30": 0, "2020-03-31": ""}, "Net Change In Short-term Investments": {"2020-09-30": 0, "2020-03-31": ""}, "Net Change In Long-Term Investments": {"2020-09-30": 0, "2020-03-31": ""}, "Net Change In Investments - Total": {"2020-09-30": 0, "2020-03-31": ""}, "Investing Activities - Other": {"2020-09-30": 0, "2020-03-31": ""}, "Cash Flow From Investing Activities": {"2020-09-30": 0, "2020-03-31": ""}, "Net Long-Term Debt": {"2020-09-30": 0, "2020-03-31": ""}, "Net Current Debt": {"2020-09-30": 0, "2020-03-31": ""}, "Debt Issuance/Retirement Net - Total": {"2020-09-30": 0, "2020-03-31": ""}, "Net Common Equity Issued/Repurchased": {"2020-09-30": 0, "2020-03-31": ""}, "Net Total Equity Issued/Repurchased": {"2020-09-30": 0, "2020-03-31": ""}, "Total Common And Preferred Stock Dividends Paid": {"2020-09-30": 0, "2020-03-31": ""}, "Financial Activities - Other": {"2020-09-30": 0, "2020-03-31": ""}, "Cash Flow From Financial Activities": {"2020-09-30": 0, "2020-03-31": ""}, "Net Cash Flow": {"2020-09-30": 0, "2020-03-31": ""}, "Stock-Based Compensation": {"2020-09-30": 0, "2020-03-31": ""}, "Common Stock Dividends Paid": {"2020-09-30": 0, "2020-03-31": ""}}, "financial ratios": {"Current Ratio": {"2019-12-31": "0.60130", "2018-12-31": "0.74200", "2017-12-31": "0.76590", "2016-12-31": "1.30160", "2015-12-31": "0.89230", "2014-12-31": "0.72610", "2013-12-31": "1.37540", "2012-12-31": "0.60350", "2011-12-31": "0.52680", "2010-12-31": "0.50860", "2009-12-31": "0.62260", "2008-12-31": "0.61810", "2007-12-31": "0.63680", "2006-12-31": "0.85090", "2005-12-31": "0.78400"}, "Long-term Debt / Capital": {"2019-12-31": "0.41020", "2018-12-31": "0.39540", "2017-12-31": "0.41360", "2016-12-31": "0.40710", "2015-12-31": "0.52210", "2014-12-31": "0.49550", "2013-12-31": "0.40890", "2012-12-31": "0.34270", "2011-12-31": "0.31300", "2010-12-31": "0.24010", "2009-12-31": "0.25560", "2008-12-31": "0.40670", "2007-12-31": "0.36800", "2006-12-31": "0.45620", "2005-12-31": "0.46720"}, "Debt/Equity Ratio": {"2019-12-31": "0.69560", "2018-12-31": "0.65390", "2017-12-31": "0.70540", "2016-12-31": "0.68660", "2015-12-31": "1.09230", "2014-12-31": "0.98240", "2013-12-31": "0.69170", "2012-12-31": "0.52130", "2011-12-31": "0.45560", "2010-12-31": "0.31600", "2009-12-31": "0.34340", "2008-12-31": "0.68540", "2007-12-31": "0.58240", "2006-12-31": "0.83880", "2005-12-31": "0.87700"}, "Gross Margin": {"2019-12-31": "64.13950", "2018-12-31": "71.21230", "2017-12-31": "3.70550", "2016-12-31": "51.33640", "2015-12-31": "-25.21480", "2014-12-31": "47.99640", "2013-12-31": "60.79620", "2012-12-31": "67.10210", "2011-12-31": "72.13550", "2010-12-31": "71.53230", "2009-12-31": "61.71420", "2008-12-31": "68.57480", "2007-12-31": "63.52880", "2006-12-31": "65.93970", "2005-12-31": "69.58990"}, "Operating Margin": {"2019-12-31": "0.80580", "2018-12-31": "27.37940", "2017-12-31": "-103.23290", "2016-12-31": "-64.45270", "2015-12-31": "-126.32680", "2014-12-31": "10.19600", "2013-12-31": "23.96520", "2012-12-31": "30.60270", "2011-12-31": "43.01450", "2010-12-31": "40.40710", "2009-12-31": "-9.69610", "2008-12-31": "41.40530", "2007-12-31": "35.20930", "2006-12-31": "40.17800", "2005-12-31": "45.86030"}, "EBIT Margin": {"2019-12-31": "0.80580", "2018-12-31": "27.37940", "2017-12-31": "-103.23290", "2016-12-31": "-64.45270", "2015-12-31": "-126.32680", "2014-12-31": "10.19600", "2013-12-31": "23.96520", "2012-12-31": "30.60270", "2011-12-31": "43.01450", "2010-12-31": "40.40710", "2009-12-31": "-9.69610", "2008-12-31": "41.40530", "2007-12-31": "35.20930", "2006-12-31": "40.17800", "2005-12-31": "45.86030"}, "EBITDA Margin": {"2019-12-31": "0.80580", "2018-12-31": "27.37940", "2017-12-31": "-103.23290", "2016-12-31": "-64.45270", "2015-12-31": "-126.32680", "2014-12-31": "10.19600", "2013-12-31": "23.96520", "2012-12-31": "30.60270", "2011-12-31": "43.01450", "2010-12-31": "40.40710", "2009-12-31": "-9.69610", "2008-12-31": "41.40530", "2007-12-31": "35.20930", "2006-12-31": "40.17800", "2005-12-31": "45.86030"}, "Pre-Tax Profit Margin": {"2019-12-31": "-10.74550", "2018-12-31": "16.52080", "2017-12-31": "-116.14690", "2016-12-31": "-111.03420", "2015-12-31": "-143.05950", "2014-12-31": "4.66480", "2013-12-31": "20.21900", "2012-12-31": "30.45900", "2011-12-31": "41.07760", "2010-12-31": "35.71290", "2009-12-31": "-16.62670", "2008-12-31": "33.45170", "2007-12-31": "25.30320", "2006-12-31": "29.95170", "2005-12-31": "36.28430"}, "Net Profit Margin": {"2019-12-31": "-15.33900", "2018-12-31": "16.45490", "2017-12-31": "-83.54480", "2016-12-31": "-104.21170", "2015-12-31": "-106.05500", "2014-12-31": "2.10060", "2013-12-31": "12.94220", "2012-12-31": "19.05670", "2011-12-31": "25.88340", "2010-12-31": "22.20520", "2009-12-31": "-10.91350", "2008-12-31": "20.63160", "2007-12-31": "15.95180", "2006-12-31": "20.07690", "2005-12-31": "22.55940"}, "Asset Turnover": {"2019-12-31": "0.20590", "2018-12-31": "0.26820", "2017-12-31": "0.17630", "2016-12-31": "0.13010", "2015-12-31": "0.18370", "2014-12-31": "0.22050", "2013-12-31": "0.32020", "2012-12-31": "0.29890", "2011-12-31": "0.31420", "2010-12-31": "0.32610", "2009-12-31": "0.24300", "2008-12-31": "0.30330", "2007-12-31": "0.27730", "2006-12-31": "0.30120", "2005-12-31": "0.24180"}, "Inventory Turnover Ratio": {"2019-12-31": "", "2018-12-31": "", "2017-12-31": "", "2016-12-31": "", "2015-12-31": "", "2014-12-31": "", "2013-12-31": "", "2012-12-31": "", "2011-12-31": "", "2010-12-31": "", "2009-12-31": "", "2008-12-31": "", "2007-12-31": "", "2006-12-31": "", "2005-12-31": ""}, "Receiveable Turnover": {"2019-12-31": "5.10060", "2018-12-31": "7.06840", "2017-12-31": "5.21240", "2016-12-31": "7.38840", "2015-12-31": "6.29450", "2014-12-31": "5.67980", "2013-12-31": "8.29010", "2012-12-31": "6.82910", "2011-12-31": "7.23620", "2010-12-31": "7.59140", "2009-12-31": "6.43970", "2008-12-31": "9.94940", "2007-12-31": "7.41340", "2006-12-31": "7.96090", "2005-12-31": "5.34750"}, "Days Sales In Receivables": {"2019-12-31": "71.56070", "2018-12-31": "51.63840", "2017-12-31": "70.02540", "2016-12-31": "49.40180", "2015-12-31": "57.98680", "2014-12-31": "64.26310", "2013-12-31": "44.02850", "2012-12-31": "53.44800", "2011-12-31": "50.44060", "2010-12-31": "48.08080", "2009-12-31": "56.67980", "2008-12-31": "36.68550", "2007-12-31": "49.23490", "2006-12-31": "45.84880", "2005-12-31": "68.25650"}, "ROE - Return On Equity": {"2019-12-31": "10.11130", "2018-12-31": "-15.97490", "2017-12-31": "49.77650", "2016-12-31": "107.25240", "2015-12-31": "-2451.41700", "2014-12-31": "2.80320", "2013-12-31": "16.30370", "2012-12-31": "22.03370", "2011-12-31": "33.52900", "2010-12-31": "34.50490", "2009-12-31": "-15.20410", "2008-12-31": "30.74290", "2007-12-31": "22.99200", "2006-12-31": "35.72020", "2005-12-31": "43.32960"}, "Return On Tangible Equity": {"2019-12-31": "-5.99170", "2018-12-31": "8.02030", "2017-12-31": "-31.57990", "2016-12-31": "-26.00650", "2015-12-31": "-46.63720", "2014-12-31": "1.13530", "2013-12-31": "9.53950", "2012-12-31": "11.99180", "2011-12-31": "16.23000", "2010-12-31": "13.29950", "2009-12-31": "-4.70830", "2008-12-31": "13.93990", "2007-12-31": "8.76020", "2006-12-31": "13.17670", "2005-12-31": "12.21830"}, "ROA - Return On Assets": {"2019-12-31": "-3.15800", "2018-12-31": "4.41380", "2017-12-31": "-14.72880", "2016-12-31": "-13.55920", "2015-12-31": "-19.48590", "2014-12-31": "0.46270", "2013-12-31": "4.14340", "2012-12-31": "5.69410", "2011-12-31": "8.13200", "2010-12-31": "7.24180", "2009-12-31": "-2.65250", "2008-12-31": "6.25810", "2007-12-31": "4.42410", "2006-12-31": "6.04800", "2005-12-31": "5.45460"}, "ROI - Return On Investment": {"2019-12-31": "-3.53360", "2018-12-31": "4.84940", "2017-12-31": "-18.51720", "2016-12-31": "-15.41970", "2015-12-31": "-22.29010", "2014-12-31": "0.57270", "2013-12-31": "5.63900", "2012-12-31": "7.88280", "2011-12-31": "11.15020", "2010-12-31": "10.10570", "2009-12-31": "-3.50470", "2008-12-31": "8.27090", "2007-12-31": "5.53610", "2006-12-31": "7.16590", "2005-12-31": "6.50960"}, "Book Value Per Share": {"2019-12-31": "", "2018-12-31": "", "2017-12-31": "", "2016-12-31": "", "2015-12-31": "", "2014-12-31": "", "2013-12-31": "", "2012-12-31": "", "2011-12-31": "", "2010-12-31": "", "2009-12-31": "", "2008-12-31": "", "2007-12-31": "", "2006-12-31": "", "2005-12-31": ""}, "Operating Cash Flow Per Share": {"2019-12-31": 0, "2018-12-31": 0, "2017-12-31": 0, "2016-12-31": 0, "2015-12-31": 0, "2014-12-31": 0, "2013-12-31": 0, "2012-12-31": 0, "2011-12-31": 0, "2010-12-31": 0, "2009-12-31": 0, "2008-12-31": 0, "2007-12-31": 0, "2006-12-31": 0, "2005-12-31": 0}, "Free Cash Flow Per Share": {"2019-12-31": 0, "2018-12-31": 0, "2017-12-31": 0, "2016-12-31": 0, "2015-12-31": 0, "2014-12-31": 0, "2013-12-31": 0, "2012-12-31": 0, "2011-12-31": 0, "2010-12-31": 0, "2009-12-31": 0, "2008-12-31": 0, "2007-12-31": 0, "2006-12-31": 0, "2005-12-31": 0}}, "financial ratios, quarterly": {"Current Ratio": {"2020-09-30": "", "2020-03-31": ""}, "Long-term Debt / Capital": {"2020-09-30": "", "2020-03-31": ""}, "Debt/Equity Ratio": {"2020-09-30": "", "2020-03-31": ""}, "Gross Margin": {"2020-09-30": "", "2020-03-31": ""}, "Operating Margin": {"2020-09-30": "", "2020-03-31": ""}, "EBIT Margin": {"2020-09-30": "", "2020-03-31": ""}, "EBITDA Margin": {"2020-09-30": "", "2020-03-31": ""}, "Pre-Tax Profit Margin": {"2020-09-30": "", "2020-03-31": ""}, "Net Profit Margin": {"2020-09-30": "", "2020-03-31": ""}, "Asset Turnover": {"2020-09-30": "", "2020-03-31": ""}, "Inventory Turnover Ratio": {"2020-09-30": "", "2020-03-31": ""}, "Receiveable Turnover": {"2020-09-30": "", "2020-03-31": ""}, "Days Sales In Receivables": {"2020-09-30": "", "2020-03-31": ""}, "ROE - Return On Equity": {"2020-09-30": "", "2020-03-31": ""}, "Return On Tangible Equity": {"2020-09-30": "", "2020-03-31": ""}, "ROA - Return On Assets": {"2020-09-30": "", "2020-03-31": ""}, "ROI - Return On Investment": {"2020-09-30": "", "2020-03-31": ""}, "Book Value Per Share": {"2020-09-30": "", "2020-03-31": ""}, "Operating Cash Flow Per Share": {"2020-09-30": 0, "2020-03-31": ""}, "Free Cash Flow Per Share": {"2020-09-30": 0, "2020-03-31": ""}}, "revenue": {"Whiting Petroleum Annual Revenue (Millions of US $)": {"2019": "$1,572", "2018": "$2,081", "2017": "$1,481", "2016": "$1,285", "2015": "$2,092", "2014": "$3,085", "2013": "$2,828", "2012": "$2,173", "2011": "$1,900", "2010": "$1,516", "2009": "$979", "2008": "$1,222", "2007": "$819", "2006": "$779", "2005": "$540"}, "Whiting Petroleum Quarterly Revenue (Millions of US $)": {"2020-09-30": "", "2020-03-31": ""}}, "gross-profit": {"Whiting Petroleum Annual Gross Profit (Millions of US $)": {"2019": "$1,008", "2018": "$1,482", "2017": "$55", "2016": "$660", "2015": "$-528", "2014": "$1,481", "2013": "$1,720", "2012": "$1,458", "2011": "$1,370", "2010": "$1,085", "2009": "$604", "2008": "$838", "2007": "$520", "2006": "$514", "2005": "$376"}, "Whiting Petroleum Quarterly Gross Profit (Millions of US $)": {"2020-09-30": "", "2020-03-31": ""}}, "operating-income": {"Whiting Petroleum Annual Operating Income (Millions of US $)": {"2019": "$13", "2018": "$570", "2017": "$-1,529", "2016": "$-828", "2015": "$-2,643", "2014": "$315", "2013": "$678", "2012": "$665", "2011": "$817", "2010": "$613", "2009": "$-95", "2008": "$506", "2007": "$288", "2006": "$313", "2005": "$248"}, "Whiting Petroleum Quarterly Operating Income (Millions of US $)": {"2020-09-30": "", "2020-03-31": ""}}, "ebitda": {"Whiting Petroleum Annual EBITDA (Millions of US $)": {"2019": "$13", "2018": "$570", "2017": "$-1,529", "2016": "$-828", "2015": "$-2,643", "2014": "$315", "2013": "$678", "2012": "$665", "2011": "$817", "2010": "$613", "2009": "$-95", "2008": "$506", "2007": "$288", "2006": "$313", "2005": "$248"}, "Whiting Petroleum Quarterly EBITDA (Millions of US $)": {"2020-09-30": "", "2020-03-31": ""}}, "net-income": {"Whiting Petroleum Annual Net Income (Millions of US $)": {"2019": "$-241", "2018": "$342", "2017": "$-1,238", "2016": "$-1,339", "2015": "$-2,219", "2014": "$65", "2013": "$366", "2012": "$414", "2011": "$492", "2010": "$337", "2009": "$-107", "2008": "$252", "2007": "$131", "2006": "$156", "2005": "$122"}, "Whiting Petroleum Quarterly Net Income (Millions of US $)": {"2020-09-30": "", "2020-03-31": ""}}, "eps-earnings-per-share-diluted": {"Whiting Petroleum Annual EPS": {"2019": "$0.00", "2018": "$0.00", "2017": "$0.00", "2016": "$0.00", "2015": "$0.00", "2014": "$0.00", "2013": "$0.00", "2012": "$0.00", "2011": "$0.00", "2010": "$0.00", "2009": "$0.00", "2008": "$0.00", "2007": "$0.00", "2006": "$0.00", "2005": "$0.00"}, "Whiting Petroleum Quarterly EPS": {"2020-09-30": "$1.06", "2020-03-31": "$0.00"}}, "shares-outstanding": {"Whiting Petroleum Annual Shares Outstanding (Millions of Shares)": {"2019": "", "2018": "", "2017": "", "2016": "", "2015": "", "2014": "", "2013": "", "2012": "", "2011": "", "2010": "", "2009": "", "2008": "", "2007": "", "2006": "", "2005": ""}, "Whiting Petroleum Quarterly Shares Outstanding (Millions of Shares)": {"2020-09-30": "", "2020-03-31": ""}}, "total-assets": {"Whiting Petroleum Annual Total Assets (Millions of US $)": {"2019": "$7,637", "2018": "$7,760", "2017": "$8,403", "2016": "$9,876", "2015": "$11,389", "2014": "$13,993", "2013": "$8,833", "2012": "$7,272", "2011": "$6,046", "2010": "$4,649", "2009": "$4,030", "2008": "$4,029", "2007": "$2,952", "2006": "$2,585", "2005": "$2,235"}, "Whiting Petroleum Quarterly Total Assets (Millions of US $)": {"2020-09-30": "$0", "2020-03-31": "$0"}}, "cash-on-hand": {"Whiting Petroleum Annual Cash on Hand (Millions of US $)": {"2019": "$9", "2018": "$14", "2017": "$879", "2016": "$73", "2015": "$16", "2014": "$78", "2013": "$699", "2012": "$45", "2011": "$16", "2010": "$19", "2009": "$12", "2008": "$10", "2007": "$15", "2006": "$10", "2005": "$10"}, "Whiting Petroleum Quarterly Cash on Hand (Millions of US $)": {"2020-09-30": "", "2020-03-31": ""}}, "long-term-debt": {"Whiting Petroleum Annual Long Term Debt (Millions of US $)": {"2019": "$2,800", "2018": "$2,792", "2017": "$2,765", "2016": "$3,535", "2015": "$5,198", "2014": "$5,602", "2013": "$2,654", "2012": "$1,800", "2011": "$1,380", "2010": "$800", "2009": "$780", "2008": "$1,240", "2007": "$868", "2006": "$995", "2005": "$875"}, "Whiting Petroleum Quarterly Long Term Debt (Millions of US $)": {"2020-09-30": "", "2020-03-31": ""}}, "total-liabilities": {"Whiting Petroleum Annual Total Liabilities (Millions of US $)": {"2019": "$3,612", "2018": "$3,489", "2017": "$4,484", "2016": "$4,727", "2015": "$6,630", "2014": "$8,290", "2013": "$4,997", "2012": "$3,819", "2011": "$3,016", "2010": "$2,117", "2009": "$1,759", "2008": "$2,220", "2007": "$1,461", "2006": "$1,399", "2005": "$1,237"}, "Whiting Petroleum Quarterly Total Liabilities (Millions of US $)": {"2020-09-30": "", "2020-03-31": ""}}, "total-share-holder-equity": {"Whiting Petroleum Annual Share Holder Equity (Millions of US $)": {"2019": "$4,025", "2018": "$4,270", "2017": "$3,919", "2016": "$5,149", "2015": "$4,759", "2014": "$5,703", "2013": "$3,837", "2012": "$3,453", "2011": "$3,029", "2010": "$2,531", "2009": "$2,270", "2008": "$1,809", "2007": "$1,491", "2006": "$1,187", "2005": "$998"}, "Whiting Petroleum Quarterly Share Holder Equity (Millions of US $)": {"2020-09-30": "", "2020-03-31": ""}}, "profit-margins": {"current": "0%"}, "gross margin": {}, "operating margin": {}, "ebitda margin": {}, "pre tax profit margin": {}, "net profit margin": {}, "pe ratio": {"current": "0.00", "2021-02-05": "inf"}, "price sales": {"2021-02-05": "inf"}, "price book": {"current": "0.00", "2021-02-05": "inf", "2020-09-30": "0.00", "2020-03-31": "0.00"}, "price fcf": {"2021-02-05": ""}, "net worth": {"value": "$0.99B"}, "current ratio": {"2020-09-30": "0.00", "2020-03-31": "0.00"}, "quick ratio": {"2020-09-30": "0.00", "2020-03-31": "0.00"}, "debt equity ratio": {"current": "0.00", "2020-09-30": "0.00", "2020-03-31": "0.00"}, "return on equity": {}, "return on assets": {}, "return on investments": {}, "return on tangible equity": {}, "dividend yield history": {"last payout": "$0.00", "last yield": "0.00%"}}