{"ticker": "WTM", "price": {"title": "White Mountains Insurance Group Historical Annual Stock Price Data", "value": 1082.99, "historical": {"2021": {"Average Stock Price": "1037.3208", "Year Open": "1014.5900", "Year High": "1096.8100", "Year Low": "1010.0000", "Year Close": "1082.9900", "Annual % Change": "8.23%"}, "2020": {"Average Stock Price": "934.7888", "Year Open": "1122.9000", "Year High": "1164.5200", "Year Low": "696.0400", "Year Close": "1000.6600", "Annual % Change": "-10.30%"}, "2019": {"Average Stock Price": "1007.6863", "Year Open": "855.0000", "Year High": "1129.1100", "Year Low": "850.7500", "Year Close": "1115.5100", "Annual % Change": "30.06%"}, "2018": {"Average Stock Price": "881.5804", "Year Open": "848.0500", "Year High": "979.0100", "Year Low": "789.0500", "Year Close": "857.6900", "Annual % Change": "0.75%"}, "2017": {"Average Stock Price": "874.2179", "Year Open": "849.6000", "Year High": "947.0000", "Year Low": "839.5100", "Year Close": "851.2800", "Annual % Change": "1.82%"}, "2016": {"Average Stock Price": "807.0725", "Year Open": "720.1200", "Year High": "868.0000", "Year Low": "699.4700", "Year Close": "836.0500", "Annual % Change": "15.03%"}, "2015": {"Average Stock Price": "702.7488", "Year Open": "632.0000", "Year High": "808.0000", "Year Low": "618.0000", "Year Close": "726.8100", "Annual % Change": "15.35%"}, "2014": {"Average Stock Price": "610.1537", "Year Open": "600.8600", "Year High": "674.7100", "Year Low": "559.2600", "Year Close": "630.1100", "Annual % Change": "4.48%"}, "2013": {"Average Stock Price": "577.5002", "Year Open": "523.5000", "Year High": "610.5000", "Year Low": "523.5000", "Year Close": "603.0800", "Annual % Change": "17.10%"}, "2012": {"Average Stock Price": "508.5098", "Year Open": "455.8400", "Year High": "547.6700", "Year Low": "439.9400", "Year Close": "515.0000", "Annual % Change": "13.57%"}, "2011": {"Average Stock Price": "393.0226", "Year Open": "343.7600", "Year High": "453.4600", "Year Low": "340.0000", "Year Close": "453.4600", "Annual % Change": "35.12%"}, "2010": {"Average Stock Price": "328.0778", "Year Open": "335.5000", "Year High": "362.9000", "Year Low": "297.2200", "Year Close": "335.6000", "Annual % Change": "0.88%"}, "2009": {"Average Stock Price": "255.8439", "Year Open": "263.4000", "Year High": "338.0800", "Year Low": "150.0000", "Year Close": "332.6600", "Annual % Change": "24.54%"}, "2008": {"Average Stock Price": "422.2775", "Year Open": "509.0000", "Year High": "510.0000", "Year Low": "211.7500", "Year Close": "267.1100", "Annual % Change": "-48.04%"}, "2007": {"Average Stock Price": "554.1984", "Year Open": "580.0000", "Year High": "606.4000", "Year Low": "500.0000", "Year Close": "514.0500", "Annual % Change": "-11.28%"}, "2006": {"Average Stock Price": "533.7577", "Year Open": "555.1000", "Year High": "602.2500", "Year Low": "450.3000", "Year Close": "579.4300", "Annual % Change": "3.74%"}, "2005": {"Average Stock Price": "626.6221", "Year Open": "631.0100", "Year High": "702.5000", "Year Low": "555.6300", "Year Close": "558.5500", "Annual % Change": "-13.54%"}, "2004": {"Average Stock Price": "516.4260", "Year Open": "454.0000", "Year High": "659.0000", "Year Low": "453.5000", "Year Close": "646.0000", "Annual % Change": "40.45%"}, "2003": {"Average Stock Price": "384.2781", "Year Open": "323.5000", "Year High": "461.0000", "Year Low": "311.7000", "Year Close": "459.9500", "Annual % Change": "42.40%"}, "2002": {"Average Stock Price": "328.0341", "Year Open": "350.0000", "Year High": "378.0000", "Year Low": "284.5000", "Year Close": "323.0000", "Annual % Change": "-7.18%"}, "2001": {"Average Stock Price": "333.6596", "Year Open": "315.7500", "Year High": "391.0000", "Year Low": "290.0000", "Year Close": "348.0000", "Annual % Change": "9.09%"}, "2000": {"Average Stock Price": "174.6476", "Year Open": "117.5000", "Year High": "319.0000", "Year Low": "102.0000", "Year Close": "319.0000", "Annual % Change": "164.73%"}, "1999": {"Average Stock Price": "133.8223", "Year Open": "142.0000", "Year High": "150.0000", "Year Low": "116.0000", "Year Close": "120.5000", "Annual % Change": "-13.97%"}, "1998": {"Average Stock Price": "136.5350", "Year Open": "122.0000", "Year High": "153.1200", "Year Low": "117.0000", "Year Close": "140.0600", "Annual % Change": "15.75%"}, "1997": {"Average Stock Price": "106.7651", "Year Open": "95.7500", "Year High": "124.0000", "Year Low": "95.0000", "Year Close": "121.0000", "Annual % Change": "26.37%"}, "1996": {"Average Stock Price": "83.5378", "Year Open": "74.3800", "Year High": "95.7500", "Year Low": "72.3800", "Year Close": "95.7500", "Annual % Change": "28.52%"}, "1995": {"Average Stock Price": "71.6994", "Year Open": "72.5000", "Year High": "76.0000", "Year Low": "66.2500", "Year Close": "74.5000", "Annual % Change": "3.11%"}, "1994": {"Average Stock Price": "71.3385", "Year Open": "76.2500", "Year High": "79.2500", "Year Low": "60.5000", "Year Close": "72.2500", "Annual % Change": "-7.96%"}, "1993": {"Average Stock Price": "83.2882", "Year Open": "72.0000", "Year High": "92.3800", "Year Low": "71.6200", "Year Close": "78.5000", "Annual % Change": "9.03%"}, "1992": {"Average Stock Price": "68.8191", "Year Open": "69.6200", "Year High": "74.0000", "Year Low": "63.0000", "Year Close": "72.0000", "Annual % Change": "3.03%"}, "1991": {"Average Stock Price": "62.5406", "Year Open": "52.5000", "Year High": "70.1200", "Year Low": "50.5000", "Year Close": "69.8800", "Annual % Change": "34.70%"}, "1990": {"Average Stock Price": "38.5752", "Year Open": "35.2500", "Year High": "51.8800", "Year Low": "29.7500", "Year Close": "51.8800", "Annual % Change": "49.29%"}, "1989": {"Average Stock Price": "34.6752", "Year Open": "29.1200", "Year High": "40.2500", "Year Low": "29.0000", "Year Close": "34.7500", "Annual % Change": "18.80%"}, "1988": {"Average Stock Price": "29.6852", "Year Open": "26.5000", "Year High": "33.3800", "Year Low": "25.7500", "Year Close": "29.2500", "Annual % Change": "13.59%"}, "1987": {"Average Stock Price": "34.9720", "Year Open": "35.0000", "Year High": "42.0000", "Year Low": "24.1200", "Year Close": "25.7500", "Annual % Change": "-26.68%"}}}, "market cap": {"value": "$3.36B"}, "income statement": {"Revenue": {"2019-12-31": "893.40000", "2018-12-31": "369.10000", "2017-12-31": "373.80000", "2016-12-31": "157.70000", "2015-12-31": "440.00000", "2014-12-31": "1411.10000", "2013-12-31": "1361.60000", "2012-12-31": "2435.70000", "2011-12-31": "2173.10000", "2010-12-31": "2333.70000", "2009-12-31": "3443.30000", "2008-12-31": "2945.40000", "2007-12-31": "4733.80000", "2006-12-31": "4794.20000", "2005-12-31": "4631.90000"}, "Cost Of Goods Sold": {"2019-12-31": "119.00000", "2018-12-31": "282.80000", "2017-12-31": "145.00000", "2016-12-31": "116.00000", "2015-12-31": "108.50000", "2014-12-31": "1209.80000", "2013-12-31": "1037.70000", "2012-12-31": "1945.90000", "2011-12-31": "1844.60000", "2010-12-31": "1932.10000", "2009-12-31": "2377.90000", "2008-12-31": "3718.20000", "2007-12-31": "3692.00000", "2006-12-31": "3712.90000", "2005-12-31": "4044.10000"}, "Gross Profit": {"2019-12-31": "774.40000", "2018-12-31": "86.30000", "2017-12-31": "228.80000", "2016-12-31": "41.70000", "2015-12-31": "331.50000", "2014-12-31": "201.29990", "2013-12-31": "323.90000", "2012-12-31": "489.79990", "2011-12-31": "328.50000", "2010-12-31": "401.60000", "2009-12-31": "1065.40000", "2008-12-31": "-772.80000", "2007-12-31": "1041.80000", "2006-12-31": "1081.30000", "2005-12-31": "587.79980"}, "Research And Development Expenses": {"2019-12-31": "", "2018-12-31": "", "2017-12-31": "", "2016-12-31": "", "2015-12-31": "", "2014-12-31": "", "2013-12-31": "", "2012-12-31": "", "2011-12-31": "", "2010-12-31": "", "2009-12-31": "", "2008-12-31": "", "2007-12-31": "", "2006-12-31": "", "2005-12-31": ""}, "SG&A Expenses": {"2019-12-31": "327.80000", "2018-12-31": "233.50000", "2017-12-31": "208.00000", "2016-12-31": "175.50000", "2015-12-31": "192.10000", "2014-12-31": "216.50000", "2013-12-31": "149.10000", "2012-12-31": "182.20000", "2011-12-31": "175.30000", "2010-12-31": "155.00000", "2009-12-31": "197.40000", "2008-12-31": "250.10000", "2007-12-31": "218.20000", "2006-12-31": "218.30000", "2005-12-31": "148.80000"}, "Other Operating Income Or Expenses": {"2019-12-31": "", "2018-12-31": "", "2017-12-31": "", "2016-12-31": "", "2015-12-31": "", "2014-12-31": "", "2013-12-31": "", "2012-12-31": "", "2011-12-31": "", "2010-12-31": "", "2009-12-31": "", "2008-12-31": "", "2007-12-31": "", "2006-12-31": "", "2005-12-31": ""}, "Operating Expenses": {"2019-12-31": "485.40000", "2018-12-31": "543.10000", "2017-12-31": "363.70000", "2016-12-31": "302.00000", "2015-12-31": "309.20000", "2014-12-31": "1426.30000", "2013-12-31": "1186.80000", "2012-12-31": "2128.10000", "2011-12-31": "2019.90000", "2010-12-31": "2087.10000", "2009-12-31": "2575.30000", "2008-12-31": "3968.30000", "2007-12-31": "3910.20000", "2006-12-31": "3955.70000", "2005-12-31": "4229.80000"}, "Operating Income": {"2019-12-31": "408.00000", "2018-12-31": "-174.00000", "2017-12-31": "10.10000", "2016-12-31": "-144.30000", "2015-12-31": "130.80000", "2014-12-31": "-15.20010", "2013-12-31": "174.80000", "2012-12-31": "307.59990", "2011-12-31": "153.20000", "2010-12-31": "246.59990", "2009-12-31": "868.00020", "2008-12-31": "-1022.90000", "2007-12-31": "823.59990", "2006-12-31": "838.50020", "2005-12-31": "402.10010"}, "Total Non-Operating Income/Expense": {"2019-12-31": "-2.90000", "2018-12-31": "-4.20000", "2017-12-31": "-2.30000", "2016-12-31": "-3.00000", "2015-12-31": "-1.60000", "2014-12-31": "-14.20000", "2013-12-31": "-16.20000", "2012-12-31": "-44.80000", "2011-12-31": "-55.20000", "2010-12-31": "-57.30000", "2009-12-31": "-70.80000", "2008-12-31": "-115.50000", "2007-12-31": "-138.40000", "2006-12-31": "-108.70000", "2005-12-31": "-96.90000"}, "Pre-Tax Income": {"2019-12-31": "405.10000", "2018-12-31": "-178.20000", "2017-12-31": "7.80000", "2016-12-31": "-147.30000", "2015-12-31": "129.20000", "2014-12-31": "-29.40000", "2013-12-31": "158.60000", "2012-12-31": "262.80000", "2011-12-31": "98.00000", "2010-12-31": "189.30000", "2009-12-31": "797.20000", "2008-12-31": "-1138.40000", "2007-12-31": "685.20000", "2006-12-31": "729.80000", "2005-12-31": "305.20000"}, "Income Taxes": {"2019-12-31": "29.30000", "2018-12-31": "-4.00000", "2017-12-31": "-7.80000", "2016-12-31": "-32.90000", "2015-12-31": "12.70000", "2014-12-31": "-14.80000", "2013-12-31": "32.60000", "2012-12-31": "-15.70000", "2011-12-31": "-110.00000", "2010-12-31": "29.60000", "2009-12-31": "214.20000", "2008-12-31": "-498.70000", "2007-12-31": "210.50000", "2006-12-31": "98.90000", "2005-12-31": "36.50000"}, "Income After Taxes": {"2019-12-31": "375.80000", "2018-12-31": "-174.20000", "2017-12-31": "15.60000", "2016-12-31": "-114.40000", "2015-12-31": "116.50000", "2014-12-31": "-14.60000", "2013-12-31": "126.00000", "2012-12-31": "278.50000", "2011-12-31": "208.00000", "2010-12-31": "159.70000", "2009-12-31": "583.00000", "2008-12-31": "-639.70000", "2007-12-31": "474.70000", "2006-12-31": "630.90000", "2005-12-31": "268.70000"}, "Other Income": {"2019-12-31": "", "2018-12-31": "", "2017-12-31": "", "2016-12-31": "", "2015-12-31": "", "2014-12-31": "", "2013-12-31": "", "2012-12-31": "", "2011-12-31": "", "2010-12-31": "", "2009-12-31": "", "2008-12-31": "", "2007-12-31": "", "2006-12-31": "", "2005-12-31": ""}, "Income From Continuous Operations": {"2019-12-31": "375.80000", "2018-12-31": "-174.20000", "2017-12-31": "15.60000", "2016-12-31": "-114.40000", "2015-12-31": "141.60000", "2014-12-31": "31.00000", "2013-12-31": "162.60000", "2012-12-31": "308.40000", "2011-12-31": "187.80000", "2010-12-31": "169.60000", "2009-12-31": "607.30000", "2008-12-31": "-633.90000", "2007-12-31": "504.10000", "2006-12-31": "651.80000", "2005-12-31": "290.10000"}, "Income From Discontinued Operations": {"2019-12-31": "0.80000", "2018-12-31": "-17.20000", "2017-12-31": "577.50000", "2016-12-31": "523.40000", "2015-12-31": "135.10000", "2014-12-31": "259.00000", "2013-12-31": "146.50000", "2012-12-31": "-115.00000", "2011-12-31": "621.60000", "2010-12-31": "-30.10000", "2009-12-31": "-27.80000", "2008-12-31": "", "2007-12-31": "", "2006-12-31": "", "2005-12-31": ""}, "Net Income": {"2019-12-31": "414.50000", "2018-12-31": "-141.20000", "2017-12-31": "627.20000", "2016-12-31": "401.80000", "2015-12-31": "295.20000", "2014-12-31": "312.20000", "2013-12-31": "321.60000", "2012-12-31": "207.40000", "2011-12-31": "767.90000", "2010-12-31": "86.50000", "2009-12-31": "470.00000", "2008-12-31": "-555.30000", "2007-12-31": "407.40000", "2006-12-31": "673.20000", "2005-12-31": "290.10000"}, "EBITDA": {"2019-12-31": "465.10000", "2018-12-31": "-127.30000", "2017-12-31": "47.30000", "2016-12-31": "-105.40000", "2015-12-31": "149.50000", "2014-12-31": "20.09990", "2013-12-31": "203.40010", "2012-12-31": "358.39980", "2011-12-31": "153.20000", "2010-12-31": "246.59990", "2009-12-31": "868.00020", "2008-12-31": "-1022.90000", "2007-12-31": "823.59990", "2006-12-31": "838.50020", "2005-12-31": "402.10010"}, "EBIT": {"2019-12-31": "424.80000", "2018-12-31": "-166.00000", "2017-12-31": "10.10000", "2016-12-31": "-144.30000", "2015-12-31": "130.80000", "2014-12-31": "-15.20010", "2013-12-31": "174.80000", "2012-12-31": "307.59990", "2011-12-31": "153.20000", "2010-12-31": "246.59990", "2009-12-31": "868.00020", "2008-12-31": "-1022.90000", "2007-12-31": "823.59990", "2006-12-31": "838.50020", "2005-12-31": "402.10010"}, "Basic Shares Outstanding": {"2019-12-31": "3.14100", "2018-12-31": "3.34200", "2017-12-31": "4.23900", "2016-12-31": "4.95000", "2015-12-31": "5.81100", "2014-12-31": "6.02600", "2013-12-31": "6.10900", "2012-12-31": "6.70900", "2011-12-31": "7.81200", "2010-12-31": "8.45100", "2009-12-31": "8.76400", "2008-12-31": "10.18300", "2007-12-31": "10.73200", "2006-12-31": "10.78000", "2005-12-31": "10.77400"}, "Shares Outstanding": {"2019-12-31": "3.14100", "2018-12-31": "3.34200", "2017-12-31": "4.23900", "2016-12-31": "4.95300", "2015-12-31": "5.81100", "2014-12-31": "6.02600", "2013-12-31": "6.10900", "2012-12-31": "6.70900", "2011-12-31": "7.81200", "2010-12-31": "8.45200", "2009-12-31": "8.76600", "2008-12-31": "10.23500", "2007-12-31": "10.79700", "2006-12-31": "10.80300", "2005-12-31": "10.79400"}, "Basic EPS": {"2019-12-31": "130.27000", "2018-12-31": "-41.76000", "2017-12-31": "146.06000", "2016-12-31": "80.11000", "2015-12-31": "50.20000", "2014-12-31": "51.13000", "2013-12-31": "51.85000", "2012-12-31": "30.50000", "2011-12-31": "97.44000", "2010-12-31": "10.12000", "2009-12-31": "53.11000", "2008-12-31": "-54.26000", "2007-12-31": "37.77000", "2006-12-31": "62.51000", "2005-12-31": "26.96000"}, "EPS - Earnings Per Share": {"2019-12-31": "130.27000", "2018-12-31": "-41.76000", "2017-12-31": "146.06000", "2016-12-31": "80.06000", "2015-12-31": "50.20000", "2014-12-31": "51.13000", "2013-12-31": "51.85000", "2012-12-31": "30.50000", "2011-12-31": "97.44000", "2010-12-31": "10.12000", "2009-12-31": "53.10000", "2008-12-31": "-54.26000", "2007-12-31": "37.73000", "2006-12-31": "62.32000", "2005-12-31": "26.56000"}}, "income statement, quarterly": {"Revenue": {"2020-09-30": "459.50000", "2020-06-30": "259.60000", "2020-03-31": "-59.20000", "2019-12-31": "175.30000", "2019-09-30": "155.50000", "2019-06-30": "129.00000", "2019-03-31": "433.60000", "2018-12-31": "6.00000", "2018-09-30": "198.70000", "2018-06-30": "122.30000", "2018-03-31": "42.10000", "2017-12-31": "114.00000", "2017-09-30": "87.50000", "2017-06-30": "83.50000", "2017-03-31": "88.80000", "2016-12-31": "268.20000", "2016-09-30": "56.80000", "2016-06-30": "49.20000", "2016-03-31": "369.30000", "2015-12-31": "602.60000", "2015-09-30": "296.10000", "2015-06-30": "368.70000", "2015-03-31": "391.80000", "2014-12-31": "405.60000", "2014-09-30": "323.20000", "2014-06-30": "653.30000", "2014-03-31": "578.70000", "2013-12-31": "626.60000", "2013-09-30": "574.10000", "2013-06-30": "489.30000", "2013-03-31": "627.40000", "2012-12-31": "566.40000", "2012-09-30": "697.40000", "2012-06-30": "542.30000", "2012-03-31": "629.60000", "2011-12-31": "588.10010", "2011-09-30": "501.80000", "2011-06-30": "553.60000", "2011-03-31": "529.60000", "2010-12-31": "796.50000", "2010-09-30": "551.00000", "2010-06-30": "689.60000", "2010-03-31": "1036.80000", "2009-12-31": "55.20010", "2009-09-30": "1202.70000", "2009-06-30": "1218.90000", "2009-03-31": "966.50000", "2008-12-31": "350.29990", "2008-09-30": "618.00000", "2008-06-30": "1039.20000", "2008-03-31": "937.90000", "2007-12-31": "1201.70000", "2007-09-30": "1155.40000", "2007-06-30": "1210.60000", "2007-03-31": "1166.10000", "2006-12-31": "1349.30000", "2006-09-30": "1186.20000", "2006-06-30": "1200.90000", "2006-03-31": "1057.80000", "2005-12-31": "1058.10000", "2005-09-30": "1177.60000", "2005-06-30": "1170.90000", "2005-03-31": "1225.30000"}, "Cost Of Goods Sold": {"2020-09-30": "21.10000", "2020-06-30": "25.50000", "2020-03-31": "22.00000", "2019-12-31": "20.20000", "2019-09-30": "19.10000", "2019-06-30": "21.20000", "2019-03-31": "58.50000", "2018-12-31": "79.50000", "2018-09-30": "74.80000", "2018-06-30": "69.00000", "2018-03-31": "59.50000", "2017-12-31": "51.80000", "2017-09-30": "34.10000", "2017-06-30": "27.80000", "2017-03-31": "31.30000", "2016-12-31": "261.80000", "2016-09-30": "27.70000", "2016-06-30": "28.20000", "2016-03-31": "269.20000", "2015-12-31": "281.90000", "2015-09-30": "281.80000", "2015-06-30": "307.00000", "2015-03-31": "276.90000", "2014-12-31": "376.90000", "2014-09-30": "292.00000", "2014-06-30": "463.50000", "2014-03-31": "405.80000", "2013-12-31": "426.50000", "2013-09-30": "465.40000", "2013-06-30": "435.20000", "2013-03-31": "421.60000", "2012-12-31": "569.50000", "2012-09-30": "492.30000", "2012-06-30": "451.70000", "2012-03-31": "432.40000", "2011-12-31": "422.50010", "2011-09-30": "451.50000", "2011-06-30": "448.40000", "2011-03-31": "522.20000", "2010-12-31": "649.80000", "2010-09-30": "430.50000", "2010-06-30": "618.60000", "2010-03-31": "1000.20000", "2009-12-31": "-149.00010", "2009-09-30": "848.70000", "2009-06-30": "837.40000", "2009-03-31": "840.80000", "2008-12-31": "828.59990", "2008-09-30": "1008.50000", "2008-06-30": "938.90000", "2008-03-31": "942.20000", "2007-12-31": "937.09990", "2007-09-30": "879.40000", "2007-06-30": "931.90000", "2007-03-31": "943.60000", "2006-12-31": "902.90000", "2006-09-30": "870.20000", "2006-06-30": "1074.30000", "2006-03-31": "865.50000", "2005-12-31": "997.20000", "2005-09-30": "1233.70000", "2005-06-30": "882.60000", "2005-03-31": "930.60000"}, "Gross Profit": {"2020-09-30": "438.40000", "2020-06-30": "234.10000", "2020-03-31": "-81.20000", "2019-12-31": "155.10000", "2019-09-30": "136.40000", "2019-06-30": "107.80000", "2019-03-31": "375.10000", "2018-12-31": "-73.50000", "2018-09-30": "123.90000", "2018-06-30": "53.30000", "2018-03-31": "-17.40000", "2017-12-31": "62.20000", "2017-09-30": "53.40000", "2017-06-30": "55.70000", "2017-03-31": "57.50000", "2016-12-31": "6.40000", "2016-09-30": "29.10000", "2016-06-30": "21.00000", "2016-03-31": "100.10000", "2015-12-31": "320.70000", "2015-09-30": "14.30000", "2015-06-30": "61.70000", "2015-03-31": "114.90000", "2014-12-31": "28.70000", "2014-09-30": "31.20000", "2014-06-30": "189.80000", "2014-03-31": "172.90000", "2013-12-31": "200.10000", "2013-09-30": "108.70000", "2013-06-30": "54.10000", "2013-03-31": "205.80000", "2012-12-31": "-3.10000", "2012-09-30": "205.10000", "2012-06-30": "90.60000", "2012-03-31": "197.20000", "2011-12-31": "165.60000", "2011-09-30": "50.30000", "2011-06-30": "105.20000", "2011-03-31": "7.40000", "2010-12-31": "146.70000", "2010-09-30": "120.50000", "2010-06-30": "71.00000", "2010-03-31": "36.60000", "2009-12-31": "204.20020", "2009-09-30": "354.00000", "2009-06-30": "381.50000", "2009-03-31": "125.70000", "2008-12-31": "-478.29990", "2008-09-30": "-390.50000", "2008-06-30": "100.29990", "2008-03-31": "-4.30000", "2007-12-31": "264.59990", "2007-09-30": "276.00000", "2007-06-30": "278.70000", "2007-03-31": "222.50000", "2006-12-31": "446.40000", "2006-09-30": "316.00000", "2006-06-30": "126.60000", "2006-03-31": "192.30000", "2005-12-31": "60.89990", "2005-09-30": "-56.10000", "2005-06-30": "288.30000", "2005-03-31": "294.70010"}, "Research And Development Expenses": {"2020-09-30": "", "2020-06-30": "", "2020-03-31": "", "2019-12-31": "", "2019-09-30": "", "2019-06-30": "", "2019-03-31": "", "2018-12-31": "", "2018-09-30": "", "2018-06-30": "", "2018-03-31": "", "2017-12-31": "", "2017-09-30": "", "2017-06-30": "", "2017-03-31": "", "2016-12-31": "", "2016-09-30": "", "2016-06-30": "", "2016-03-31": "", "2015-12-31": "", "2015-09-30": "", "2015-06-30": "", "2015-03-31": "", "2014-12-31": "", "2014-09-30": "", "2014-06-30": "", "2014-03-31": "", "2013-12-31": "", "2013-09-30": "", "2013-06-30": "", "2013-03-31": "", "2012-12-31": "", "2012-09-30": "", "2012-06-30": "", "2012-03-31": "", "2011-12-31": "", "2011-09-30": "", "2011-06-30": "", "2011-03-31": "", "2010-12-31": "", "2010-09-30": "", "2010-06-30": "", "2010-03-31": "", "2009-12-31": "", "2009-09-30": "", "2009-06-30": "", "2009-03-31": "", "2008-12-31": "", "2008-09-30": "", "2008-06-30": "", "2008-03-31": "", "2007-12-31": "", "2007-09-30": "", "2007-06-30": "", "2007-03-31": "", "2006-12-31": "", "2006-09-30": "", "2006-06-30": "", "2006-03-31": "", "2005-12-31": "", "2005-09-30": "", "2005-06-30": "", "2005-03-31": ""}, "SG&A Expenses": {"2020-09-30": "103.30000", "2020-06-30": "89.10000", "2020-03-31": "74.30000", "2019-12-31": "90.80000", "2019-09-30": "78.00000", "2019-06-30": "77.40000", "2019-03-31": "81.60000", "2018-12-31": "61.10000", "2018-09-30": "66.20000", "2018-06-30": "61.10000", "2018-03-31": "45.10000", "2017-12-31": "53.10000", "2017-09-30": "41.70000", "2017-06-30": "54.90000", "2017-03-31": "58.30000", "2016-12-31": "66.40000", "2016-09-30": "42.40000", "2016-06-30": "45.20000", "2016-03-31": "87.10000", "2015-12-31": "67.90000", "2015-09-30": "97.30000", "2015-06-30": "63.40000", "2015-03-31": "110.10000", "2014-12-31": "83.20000", "2014-09-30": "63.00000", "2014-06-30": "70.30000", "2014-03-31": "50.30000", "2013-12-31": "55.60000", "2013-09-30": "41.50000", "2013-06-30": "40.20000", "2013-03-31": "43.80000", "2012-12-31": "35.90000", "2012-09-30": "58.70000", "2012-06-30": "42.10000", "2012-03-31": "45.50000", "2011-12-31": "54.90000", "2011-09-30": "36.20000", "2011-06-30": "56.20000", "2011-03-31": "28.00000", "2010-12-31": "42.90000", "2010-09-30": "32.10000", "2010-06-30": "52.30000", "2010-03-31": "47.10000", "2009-12-31": "1.00000", "2009-09-30": "78.60000", "2009-06-30": "59.40000", "2009-03-31": "58.40000", "2008-12-31": "70.30000", "2008-09-30": "66.70000", "2008-06-30": "56.40000", "2008-03-31": "56.70000", "2007-12-31": "59.90000", "2007-09-30": "43.00000", "2007-06-30": "62.40000", "2007-03-31": "52.90000", "2006-12-31": "98.30000", "2006-09-30": "53.10000", "2006-06-30": "22.30000", "2006-03-31": "44.60000", "2005-12-31": "8.80000", "2005-09-30": "40.80000", "2005-06-30": "61.50000", "2005-03-31": "37.70000"}, "Other Operating Income Or Expenses": {"2020-09-30": "", "2020-06-30": "", "2020-03-31": "", "2019-12-31": "", "2019-09-30": "", "2019-06-30": "", "2019-03-31": "", "2018-12-31": "", "2018-09-30": "", "2018-06-30": "", "2018-03-31": "", "2017-12-31": "", "2017-09-30": "", "2017-06-30": "", "2017-03-31": "", "2016-12-31": "", "2016-09-30": "", "2016-06-30": "", "2016-03-31": "", "2015-12-31": "", "2015-09-30": "", "2015-06-30": "", "2015-03-31": "", "2014-12-31": "", "2014-09-30": "", "2014-06-30": "", "2014-03-31": "", "2013-12-31": "", "2013-09-30": "", "2013-06-30": "", "2013-03-31": "", "2012-12-31": "", "2012-09-30": "", "2012-06-30": "", "2012-03-31": "", "2011-12-31": "", "2011-09-30": "", "2011-06-30": "", "2011-03-31": "", "2010-12-31": "", "2010-09-30": "", "2010-06-30": "", "2010-03-31": "", "2009-12-31": "", "2009-09-30": "", "2009-06-30": "", "2009-03-31": "", "2008-12-31": "", "2008-09-30": "", "2008-06-30": "", "2008-03-31": "", "2007-12-31": "", "2007-09-30": "", "2007-06-30": "", "2007-03-31": "", "2006-12-31": "", "2006-09-30": "", "2006-06-30": "", "2006-03-31": "", "2005-12-31": "", "2005-09-30": "", "2005-06-30": "", "2005-03-31": ""}, "Operating Expenses": {"2020-09-30": "137.30000", "2020-06-30": "128.40000", "2020-03-31": "107.10000", "2019-12-31": "122.00000", "2019-09-30": "106.10000", "2019-06-30": "106.90000", "2019-03-31": "150.40000", "2018-12-31": "149.70000", "2018-09-30": "151.60000", "2018-06-30": "134.30000", "2018-03-31": "107.50000", "2017-12-31": "108.30000", "2017-09-30": "78.20000", "2017-06-30": "85.20000", "2017-03-31": "92.00000", "2016-12-31": "331.30000", "2016-09-30": "70.10000", "2016-06-30": "73.40000", "2016-03-31": "356.30000", "2015-12-31": "352.50000", "2015-09-30": "379.10000", "2015-06-30": "370.40000", "2015-03-31": "387.00000", "2014-12-31": "466.30000", "2014-09-30": "355.00000", "2014-06-30": "533.80000", "2014-03-31": "456.10000", "2013-12-31": "482.30000", "2013-09-30": "506.90000", "2013-06-30": "475.40000", "2013-03-31": "465.40000", "2012-12-31": "605.40000", "2012-09-30": "551.00000", "2012-06-30": "493.80000", "2012-03-31": "477.90000", "2011-12-31": "477.40020", "2011-09-30": "487.70000", "2011-06-30": "504.60000", "2011-03-31": "550.20000", "2010-12-31": "697.50010", "2010-09-30": "462.60000", "2010-06-30": "670.90000", "2010-03-31": "1047.30000", "2009-12-31": "-148.00020", "2009-09-30": "927.29990", "2009-06-30": "896.80000", "2009-03-31": "899.20010", "2008-12-31": "886.30000", "2008-09-30": "1079.50000", "2008-06-30": "999.40000", "2008-03-31": "1003.10000", "2007-12-31": "980.99990", "2007-09-30": "927.80000", "2007-06-30": "999.80000", "2007-03-31": "1001.60000", "2006-12-31": "1007.50000", "2006-09-30": "929.89990", "2006-06-30": "1103.00000", "2006-03-31": "915.30000", "2005-12-31": "1014.80000", "2005-09-30": "1283.60000", "2005-06-30": "953.20000", "2005-03-31": "978.20000"}, "Operating Income": {"2020-09-30": "322.20000", "2020-06-30": "131.20000", "2020-03-31": "-166.30000", "2019-12-31": "53.30000", "2019-09-30": "49.40000", "2019-06-30": "22.10000", "2019-03-31": "283.20000", "2018-12-31": "-143.70000", "2018-09-30": "47.10000", "2018-06-30": "-12.00000", "2018-03-31": "-65.40000", "2017-12-31": "5.70000", "2017-09-30": "9.30000", "2017-06-30": "-1.70000", "2017-03-31": "-3.20000", "2016-12-31": "-63.10000", "2016-09-30": "-13.30000", "2016-06-30": "-24.20000", "2016-03-31": "13.00000", "2015-12-31": "250.10000", "2015-09-30": "-83.00000", "2015-06-30": "-1.70000", "2015-03-31": "4.80000", "2014-12-31": "-60.70000", "2014-09-30": "-31.80000", "2014-06-30": "119.50000", "2014-03-31": "122.60000", "2013-12-31": "144.30000", "2013-09-30": "67.20000", "2013-06-30": "13.90000", "2013-03-31": "162.00000", "2012-12-31": "-39.00000", "2012-09-30": "146.40000", "2012-06-30": "48.50000", "2012-03-31": "151.70000", "2011-12-31": "110.69990", "2011-09-30": "14.10000", "2011-06-30": "49.00000", "2011-03-31": "-20.60000", "2010-12-31": "98.99990", "2010-09-30": "88.40000", "2010-06-30": "18.70000", "2010-03-31": "-10.50000", "2009-12-31": "203.20030", "2009-09-30": "275.40000", "2009-06-30": "322.10000", "2009-03-31": "67.29990", "2008-12-31": "-536.00010", "2008-09-30": "-461.50000", "2008-06-30": "39.79990", "2008-03-31": "-65.20000", "2007-12-31": "220.70000", "2007-09-30": "227.60000", "2007-06-30": "210.80000", "2007-03-31": "164.50000", "2006-12-31": "341.80010", "2006-09-30": "256.30000", "2006-06-30": "97.89990", "2006-03-31": "142.50010", "2005-12-31": "43.30010", "2005-09-30": "-106.00000", "2005-06-30": "217.70010", "2005-03-31": "247.10000"}, "Total Non-Operating Income/Expense": {"2020-09-30": "-1.00000", "2020-06-30": "1.50000", "2020-03-31": "0.30000", "2019-12-31": "3.20000", "2019-09-30": "1.70000", "2019-06-30": "-6.30000", "2019-03-31": "-1.50000", "2018-12-31": "-0.40000", "2018-09-30": "-2.80000", "2018-06-30": "-0.40000", "2018-03-31": "-0.60000", "2017-12-31": "-0.50000", "2017-09-30": "-0.90000", "2017-06-30": "-0.50000", "2017-03-31": "-0.40000", "2016-12-31": "-3.70000", "2016-09-30": "-0.50000", "2016-06-30": "-0.90000", "2016-03-31": "-4.50000", "2015-12-31": "-3.80000", "2015-09-30": "-3.90000", "2015-06-30": "-3.40000", "2015-03-31": "-4.30000", "2014-12-31": "-5.00000", "2014-09-30": "-3.70000", "2014-06-30": "-10.00000", "2014-03-31": "-10.10000", "2013-12-31": "-10.10000", "2013-09-30": "-11.90000", "2013-06-30": "-10.30000", "2013-03-31": "-10.20000", "2012-12-31": "-11.70000", "2012-09-30": "-11.30000", "2012-06-30": "-10.90000", "2012-03-31": "-10.90000", "2011-12-31": "-16.40000", "2011-09-30": "-12.80000", "2011-06-30": "-12.90000", "2011-03-31": "-13.10000", "2010-12-31": "-13.10000", "2010-09-30": "-13.20000", "2010-06-30": "-14.70000", "2010-03-31": "-16.30000", "2009-12-31": "-16.50000", "2009-09-30": "-17.10000", "2009-06-30": "-18.30000", "2009-03-31": "-18.90000", "2008-12-31": "-20.60000", "2008-09-30": "-20.40000", "2008-06-30": "-37.50000", "2008-03-31": "-37.00000", "2007-12-31": "-35.10000", "2007-09-30": "-36.10000", "2007-06-30": "-34.60000", "2007-03-31": "-32.60000", "2006-12-31": "-28.90000", "2006-09-30": "-27.80000", "2006-06-30": "-26.30000", "2006-03-31": "-25.70000", "2005-12-31": "-23.30000", "2005-09-30": "-24.80000", "2005-06-30": "-24.60000", "2005-03-31": "-24.20000"}, "Pre-Tax Income": {"2020-09-30": "321.20000", "2020-06-30": "132.70000", "2020-03-31": "-166.00000", "2019-12-31": "56.50000", "2019-09-30": "51.10000", "2019-06-30": "15.80000", "2019-03-31": "281.70000", "2018-12-31": "-144.10000", "2018-09-30": "44.30000", "2018-06-30": "-12.40000", "2018-03-31": "-66.00000", "2017-12-31": "5.20000", "2017-09-30": "8.40000", "2017-06-30": "-2.20000", "2017-03-31": "-3.60000", "2016-12-31": "-66.80000", "2016-09-30": "-13.80000", "2016-06-30": "-25.10000", "2016-03-31": "8.50000", "2015-12-31": "246.30000", "2015-09-30": "-86.90000", "2015-06-30": "-5.10000", "2015-03-31": "0.50000", "2014-12-31": "-65.70000", "2014-09-30": "-35.50000", "2014-06-30": "109.50000", "2014-03-31": "112.50000", "2013-12-31": "134.20000", "2013-09-30": "55.30000", "2013-06-30": "3.60000", "2013-03-31": "151.80000", "2012-12-31": "-50.70000", "2012-09-30": "135.10000", "2012-06-30": "37.60000", "2012-03-31": "140.80000", "2011-12-31": "94.30000", "2011-09-30": "1.30000", "2011-06-30": "36.10000", "2011-03-31": "-33.70000", "2010-12-31": "85.90000", "2010-09-30": "75.20000", "2010-06-30": "4.00000", "2010-03-31": "-26.80000", "2009-12-31": "186.70000", "2009-09-30": "258.30000", "2009-06-30": "303.80000", "2009-03-31": "48.40000", "2008-12-31": "-556.60000", "2008-09-30": "-481.90000", "2008-06-30": "2.30000", "2008-03-31": "-102.20000", "2007-12-31": "185.60000", "2007-09-30": "191.50000", "2007-06-30": "176.20000", "2007-03-31": "131.90000", "2006-12-31": "312.90000", "2006-09-30": "228.50000", "2006-06-30": "71.60000", "2006-03-31": "116.80000", "2005-12-31": "20.00000", "2005-09-30": "-130.80000", "2005-06-30": "193.10000", "2005-03-31": "222.90000"}, "Income Taxes": {"2020-09-30": "98.50000", "2020-06-30": "24.10000", "2020-03-31": "-25.50000", "2019-12-31": "10.40000", "2019-09-30": "8.80000", "2019-06-30": "-0.10000", "2019-03-31": "10.20000", "2018-12-31": "-3.60000", "2018-09-30": "-3.60000", "2018-06-30": "2.50000", "2018-03-31": "0.70000", "2017-12-31": "-2.50000", "2017-09-30": "-4.00000", "2017-06-30": "-1.00000", "2017-03-31": "-0.30000", "2016-12-31": "23.00000", "2016-09-30": "-17.10000", "2016-06-30": "-4.00000", "2016-03-31": "-9.70000", "2015-12-31": "1.00000", "2015-09-30": "-1.60000", "2015-06-30": "-2.20000", "2015-03-31": "4.60000", "2014-12-31": "26.20000", "2014-09-30": "-4.70000", "2014-06-30": "24.50000", "2014-03-31": "30.90000", "2013-12-31": "27.40000", "2013-09-30": "8.20000", "2013-06-30": "-0.60000", "2013-03-31": "41.60000", "2012-12-31": "-101.00000", "2012-09-30": "47.80000", "2012-06-30": "6.40000", "2012-03-31": "31.10000", "2011-12-31": "-111.70000", "2011-09-30": "-0.60000", "2011-06-30": "10.00000", "2011-03-31": "-7.70000", "2010-12-31": "4.70000", "2010-09-30": "11.70000", "2010-06-30": "-2.10000", "2010-03-31": "-0.20000", "2009-12-31": "39.40000", "2009-09-30": "73.90000", "2009-06-30": "88.60000", "2009-03-31": "12.30000", "2008-12-31": "-311.60000", "2008-09-30": "-151.60000", "2008-06-30": "-3.00000", "2008-03-31": "-32.50000", "2007-12-31": "59.20000", "2007-09-30": "64.30000", "2007-06-30": "55.80000", "2007-03-31": "31.20000", "2006-12-31": "32.00000", "2006-09-30": "69.30000", "2006-06-30": "-29.30000", "2006-03-31": "26.90000", "2005-12-31": "-19.60000", "2005-09-30": "-55.60000", "2005-06-30": "55.40000", "2005-03-31": "56.30000"}, "Income After Taxes": {"2020-09-30": "222.70000", "2020-06-30": "108.60000", "2020-03-31": "-140.50000", "2019-12-31": "46.10000", "2019-09-30": "42.30000", "2019-06-30": "15.90000", "2019-03-31": "271.50000", "2018-12-31": "-140.50000", "2018-09-30": "47.90000", "2018-06-30": "-14.90000", "2018-03-31": "-66.70000", "2017-12-31": "7.70000", "2017-09-30": "12.40000", "2017-06-30": "-1.20000", "2017-03-31": "-3.30000", "2016-12-31": "-89.80000", "2016-09-30": "3.30000", "2016-06-30": "-21.10000", "2016-03-31": "18.20000", "2015-12-31": "245.30000", "2015-09-30": "-85.30000", "2015-06-30": "-2.90000", "2015-03-31": "-4.10000", "2014-12-31": "-91.90000", "2014-09-30": "-30.80000", "2014-06-30": "85.00000", "2014-03-31": "81.60000", "2013-12-31": "106.80000", "2013-09-30": "47.10000", "2013-06-30": "4.20000", "2013-03-31": "110.20000", "2012-12-31": "50.30000", "2012-09-30": "87.30000", "2012-06-30": "31.20000", "2012-03-31": "109.70000", "2011-12-31": "206.00000", "2011-09-30": "1.90000", "2011-06-30": "26.10000", "2011-03-31": "-26.00000", "2010-12-31": "81.20000", "2010-09-30": "63.50000", "2010-06-30": "6.10000", "2010-03-31": "-26.60000", "2009-12-31": "147.30000", "2009-09-30": "184.40000", "2009-06-30": "215.20000", "2009-03-31": "36.10000", "2008-12-31": "-245.00000", "2008-09-30": "-330.30000", "2008-06-30": "5.30000", "2008-03-31": "-69.70000", "2007-12-31": "126.40000", "2007-09-30": "127.20000", "2007-06-30": "120.40000", "2007-03-31": "100.70000", "2006-12-31": "280.90000", "2006-09-30": "159.20000", "2006-06-30": "100.90000", "2006-03-31": "89.90000", "2005-12-31": "39.60000", "2005-09-30": "-75.20000", "2005-06-30": "137.70000", "2005-03-31": "166.60000"}, "Other Income": {"2020-09-30": "", "2020-06-30": "", "2020-03-31": "", "2019-12-31": "", "2019-09-30": "", "2019-06-30": "", "2019-03-31": "", "2018-12-31": "", "2018-09-30": "", "2018-06-30": "", "2018-03-31": "", "2017-12-31": "", "2017-09-30": "", "2017-06-30": "", "2017-03-31": "", "2016-12-31": "", "2016-09-30": "", "2016-06-30": "", "2016-03-31": "", "2015-12-31": "", "2015-09-30": "", "2015-06-30": "", "2015-03-31": "", "2014-12-31": "", "2014-09-30": "", "2014-06-30": "", "2014-03-31": "", "2013-12-31": "", "2013-09-30": "", "2013-06-30": "", "2013-03-31": "", "2012-12-31": "", "2012-09-30": "", "2012-06-30": "", "2012-03-31": "", "2011-12-31": "", "2011-09-30": "", "2011-06-30": "", "2011-03-31": "", "2010-12-31": "", "2010-09-30": "", "2010-06-30": "", "2010-03-31": "", "2009-12-31": "", "2009-09-30": "", "2009-06-30": "", "2009-03-31": "", "2008-12-31": "", "2008-09-30": "", "2008-06-30": "", "2008-03-31": "", "2007-12-31": "", "2007-09-30": "", "2007-06-30": "", "2007-03-31": "", "2006-12-31": "", "2006-09-30": "", "2006-06-30": "", "2006-03-31": "", "2005-12-31": "", "2005-09-30": "", "2005-06-30": "", "2005-03-31": ""}, "Income From Continuous Operations": {"2020-09-30": "222.70000", "2020-06-30": "108.60000", "2020-03-31": "-140.50000", "2019-12-31": "46.10000", "2019-09-30": "42.30000", "2019-06-30": "15.90000", "2019-03-31": "271.50000", "2018-12-31": "-140.50000", "2018-09-30": "47.90000", "2018-06-30": "-14.90000", "2018-03-31": "-66.70000", "2017-12-31": "7.70000", "2017-09-30": "12.40000", "2017-06-30": "-1.20000", "2017-03-31": "-3.30000", "2016-12-31": "-43.80000", "2016-09-30": "3.30000", "2016-06-30": "-21.10000", "2016-03-31": "18.20000", "2015-12-31": "247.30000", "2015-09-30": "-81.40000", "2015-06-30": "3.90000", "2015-03-31": "3.20000", "2014-12-31": "-39.50000", "2014-09-30": "-23.80000", "2014-06-30": "97.50000", "2014-03-31": "95.40000", "2013-12-31": "118.50000", "2013-09-30": "55.70000", "2013-06-30": "11.30000", "2013-03-31": "119.40000", "2012-12-31": "55.80000", "2012-09-30": "95.00000", "2012-06-30": "37.70000", "2012-03-31": "119.90000", "2011-12-31": "169.70000", "2011-09-30": "3.40000", "2011-06-30": "34.00000", "2011-03-31": "-19.30000", "2010-12-31": "89.50000", "2010-09-30": "71.40000", "2010-06-30": "11.40000", "2010-03-31": "-38.20000", "2009-12-31": "153.80000", "2009-09-30": "192.70000", "2009-06-30": "223.80000", "2009-03-31": "37.00000", "2008-12-31": "-246.40000", "2008-09-30": "-329.50000", "2008-06-30": "11.30000", "2008-03-31": "-69.30000", "2007-12-31": "197.90000", "2007-09-30": "111.40000", "2007-06-30": "102.60000", "2007-03-31": "92.20000", "2006-12-31": "277.90000", "2006-09-30": "162.10000", "2006-06-30": "115.80000", "2006-03-31": "96.00000", "2005-12-31": "33.30000", "2005-09-30": "-66.30000", "2005-06-30": "146.80000", "2005-03-31": "176.30000"}, "Income From Discontinued Operations": {"2020-09-30": "-0.70000", "2020-06-30": "-1.00000", "2020-03-31": "0.90000", "2019-12-31": "-0.80000", "2019-09-30": "0.90000", "2019-06-30": "", "2019-03-31": "0.70000", "2018-12-31": "0.00000", "2018-09-30": "-17.30000", "2018-06-30": "", "2018-03-31": "0.10000", "2017-12-31": "4.30000", "2017-09-30": "539.10000", "2017-06-30": "2.80000", "2017-03-31": "31.30000", "2016-12-31": "-6.80000", "2016-09-30": "84.40000", "2016-06-30": "383.60000", "2016-03-31": "1.10000", "2015-12-31": "19.60000", "2015-09-30": "6.50000", "2015-06-30": "-0.50000", "2015-03-31": "73.80000", "2014-12-31": "82.10000", "2014-09-30": "63.90000", "2014-06-30": "2.60000", "2014-03-31": "-0.50000", "2013-12-31": "-0.30000", "2013-09-30": "0.40000", "2013-06-30": "3.90000", "2013-03-31": "0.50000", "2012-12-31": "0.60000", "2012-09-30": "-106.80000", "2012-06-30": "0.50000", "2012-03-31": "-9.30000", "2011-12-31": "650.80000", "2011-09-30": "-30.20000", "2011-06-30": "-1.50000", "2011-03-31": "2.50000", "2010-12-31": "-35.50000", "2010-09-30": "3.60000", "2010-06-30": "1.80000", "2010-03-31": "", "2009-12-31": "", "2009-09-30": "", "2009-06-30": "", "2009-03-31": "", "2008-12-31": "", "2008-09-30": "", "2008-06-30": "", "2008-03-31": "", "2007-12-31": "", "2007-09-30": "", "2007-06-30": "", "2007-03-31": "", "2006-12-31": "", "2006-09-30": "", "2006-06-30": "", "2006-03-31": "", "2005-12-31": "", "2005-09-30": "", "2005-06-30": "", "2005-03-31": ""}, "Net Income": {"2020-09-30": "232.90000", "2020-06-30": "115.40000", "2020-03-31": "-128.80000", "2019-12-31": "60.90000", "2019-09-30": "48.70000", "2019-06-30": "20.50000", "2019-03-31": "284.40000", "2018-12-31": "-137.50000", "2018-09-30": "40.80000", "2018-06-30": "3.50000", "2018-03-31": "-48.00000", "2017-12-31": "22.50000", "2017-09-30": "562.10000", "2017-06-30": "13.60000", "2017-03-31": "29.00000", "2016-12-31": "-33.30000", "2016-09-30": "90.80000", "2016-06-30": "341.10000", "2016-03-31": "13.00000", "2015-12-31": "267.90000", "2015-09-30": "-58.90000", "2015-06-30": "4.30000", "2015-03-31": "84.30000", "2014-12-31": "69.90000", "2014-09-30": "51.30000", "2014-06-30": "95.50000", "2014-03-31": "95.50000", "2013-12-31": "117.90000", "2013-09-30": "57.20000", "2013-06-30": "26.30000", "2013-03-31": "120.40000", "2012-12-31": "68.40000", "2012-09-30": "19.10000", "2012-06-30": "26.10000", "2012-03-31": "93.80000", "2011-12-31": "800.30000", "2011-09-30": "-15.80000", "2011-06-30": "11.60000", "2011-03-31": "-28.20000", "2010-12-31": "72.90000", "2010-09-30": "50.70000", "2010-06-30": "2.50000", "2010-03-31": "-39.60000", "2009-12-31": "99.80000", "2009-09-30": "159.60000", "2009-06-30": "180.30000", "2009-03-31": "30.30000", "2008-12-31": "-212.60000", "2008-09-30": "-276.70000", "2008-06-30": "-9.20000", "2008-03-31": "-56.80000", "2007-12-31": "101.20000", "2007-09-30": "111.40000", "2007-06-30": "102.60000", "2007-03-31": "92.20000", "2006-12-31": "299.30000", "2006-09-30": "162.10000", "2006-06-30": "115.80000", "2006-03-31": "96.00000", "2005-12-31": "33.30000", "2005-09-30": "-66.30000", "2005-06-30": "146.80000", "2005-03-31": "176.30000"}, "EBITDA": {"2020-09-30": "343.00000", "2020-06-30": "152.30000", "2020-03-31": "-148.40000", "2019-12-31": "70.10000", "2019-09-30": "64.50000", "2019-06-30": "32.50000", "2019-03-31": "298.00000", "2018-12-31": "-129.90000", "2018-09-30": "63.10000", "2018-06-30": "-3.10000", "2018-03-31": "-57.40000", "2017-12-31": "17.00000", "2017-09-30": "16.30000", "2017-06-30": "9.60000", "2017-03-31": "4.40000", "2016-12-31": "-37.50000", "2016-09-30": "-8.80000", "2016-06-30": "-26.80000", "2016-03-31": "24.40000", "2015-12-31": "237.00000", "2015-09-30": "-72.10000", "2015-06-30": "3.90000", "2015-03-31": "20.10000", "2014-12-31": "-53.00010", "2014-09-30": "-36.70000", "2014-06-30": "136.60000", "2014-03-31": "138.00000", "2013-12-31": "144.30000", "2013-09-30": "67.20000", "2013-06-30": "13.90000", "2013-03-31": "162.00000", "2012-12-31": "-39.00000", "2012-09-30": "146.40000", "2012-06-30": "48.50000", "2012-03-31": "151.70000", "2011-12-31": "110.69990", "2011-09-30": "14.10000", "2011-06-30": "49.00000", "2011-03-31": "-20.60000", "2010-12-31": "98.99990", "2010-09-30": "88.40000", "2010-06-30": "18.70000", "2010-03-31": "-10.50000", "2009-12-31": "203.20030", "2009-09-30": "275.40000", "2009-06-30": "322.10000", "2009-03-31": "67.29990", "2008-12-31": "-536.00010", "2008-09-30": "-461.50000", "2008-06-30": "39.79990", "2008-03-31": "-65.20000", "2007-12-31": "220.70000", "2007-09-30": "227.60000", "2007-06-30": "210.80000", "2007-03-31": "164.50000", "2006-12-31": "341.80010", "2006-09-30": "256.30000", "2006-06-30": "97.89990", "2006-03-31": "142.50010", "2005-12-31": "43.30010", "2005-09-30": "-106.00000", "2005-06-30": "217.70010", "2005-03-31": "247.10000"}, "EBIT": {"2020-09-30": "329.70000", "2020-06-30": "138.40000", "2020-03-31": "-160.60000", "2019-12-31": "57.90000", "2019-09-30": "53.80000", "2019-06-30": "26.20000", "2019-03-31": "286.90000", "2018-12-31": "-140.50000", "2018-09-30": "50.30000", "2018-06-30": "-10.40000", "2018-03-31": "-65.40000", "2017-12-31": "5.70000", "2017-09-30": "9.30000", "2017-06-30": "-1.70000", "2017-03-31": "-3.20000", "2016-12-31": "-63.10000", "2016-09-30": "-13.30000", "2016-06-30": "-24.20000", "2016-03-31": "13.00000", "2015-12-31": "250.10000", "2015-09-30": "-83.00000", "2015-06-30": "-1.70000", "2015-03-31": "4.80000", "2014-12-31": "-60.70000", "2014-09-30": "-31.80000", "2014-06-30": "119.50000", "2014-03-31": "122.60000", "2013-12-31": "144.30000", "2013-09-30": "67.20000", "2013-06-30": "13.90000", "2013-03-31": "162.00000", "2012-12-31": "-39.00010", "2012-09-30": "146.40000", "2012-06-30": "48.50000", "2012-03-31": "151.70000", "2011-12-31": "110.70000", "2011-09-30": "14.10000", "2011-06-30": "49.00000", "2011-03-31": "-20.60000", "2010-12-31": "98.99990", "2010-09-30": "88.40000", "2010-06-30": "18.70000", "2010-03-31": "-10.50000", "2009-12-31": "203.20030", "2009-09-30": "275.40000", "2009-06-30": "322.10000", "2009-03-31": "67.29990", "2008-12-31": "-536.00010", "2008-09-30": "-461.50000", "2008-06-30": "39.79990", "2008-03-31": "-65.20000", "2007-12-31": "220.69990", "2007-09-30": "227.60000", "2007-06-30": "210.80000", "2007-03-31": "164.50000", "2006-12-31": "341.80020", "2006-09-30": "256.30000", "2006-06-30": "97.89990", "2006-03-31": "142.50010", "2005-12-31": "43.30000", "2005-09-30": "-106.00000", "2005-06-30": "217.70010", "2005-03-31": "247.10000"}, "Basic Shares Outstanding": {"2020-09-30": "3.05900", "2020-06-30": "3.06500", "2020-03-31": "3.14400", "2019-12-31": "3.14100", "2019-09-30": "3.14200", "2019-06-30": "3.14100", "2019-03-31": "3.14000", "2018-12-31": "3.34200", "2018-09-30": "3.18900", "2018-06-30": "3.39100", "2018-03-31": "3.71000", "2017-12-31": "4.23900", "2017-09-30": "4.24300", "2017-06-30": "4.51500", "2017-03-31": "4.51200", "2016-12-31": "4.56160", "2016-09-30": "4.79900", "2016-06-30": "5.02960", "2016-03-31": "5.48600", "2015-12-31": "5.66620", "2015-09-30": "5.89000", "2015-06-30": "5.91400", "2015-03-31": "5.92000", "2014-12-31": "6.00000", "2014-09-30": "6.09100", "2014-06-30": "6.08000", "2014-03-31": "6.10000", "2013-12-31": "6.17600", "2013-09-30": "6.08100", "2013-06-30": "6.08100", "2013-03-31": "6.19500", "2012-12-31": "6.70900", "2012-09-30": "6.49400", "2012-06-30": "6.54500", "2012-03-31": "7.43200", "2011-12-31": "7.81200", "2011-09-30": "7.84600", "2011-06-30": "7.88600", "2011-03-31": "8.03200", "2010-12-31": "8.25590", "2010-09-30": "8.43100", "2010-06-30": "8.57100", "2010-03-31": "8.74200", "2009-12-31": "8.76400", "2009-09-30": "8.76900", "2009-06-30": "8.76800", "2009-03-31": "8.76600", "2008-12-31": "10.18300", "2008-09-30": "10.51700", "2008-06-30": "10.53200", "2008-03-31": "10.56200", "2007-12-31": "10.73200", "2007-09-30": "10.84200", "2007-06-30": "10.83700", "2007-03-31": "10.82400", "2006-12-31": "10.78000", "2006-09-30": "10.78000", "2006-06-30": "10.78000", "2006-03-31": "10.76700", "2005-12-31": "10.77400", "2005-09-30": "10.76100", "2005-06-30": "10.76000", "2005-03-31": "10.76000"}, "Shares Outstanding": {"2020-09-30": "3.05900", "2020-06-30": "3.06500", "2020-03-31": "3.14400", "2019-12-31": "3.14100", "2019-09-30": "3.14200", "2019-06-30": "3.14100", "2019-03-31": "3.14000", "2018-12-31": "3.34200", "2018-09-30": "3.18900", "2018-06-30": "3.39100", "2018-03-31": "3.71000", "2017-12-31": "4.23900", "2017-09-30": "4.24300", "2017-06-30": "4.51500", "2017-03-31": "4.51200", "2016-12-31": "4.56160", "2016-09-30": "4.81100", "2016-06-30": "5.04050", "2016-03-31": "5.48700", "2015-12-31": "5.66980", "2015-09-30": "5.89000", "2015-06-30": "5.91400", "2015-03-31": "5.92000", "2014-12-31": "6.00000", "2014-09-30": "6.09100", "2014-06-30": "6.08000", "2014-03-31": "6.10000", "2013-12-31": "6.17600", "2013-09-30": "6.08100", "2013-06-30": "6.08100", "2013-03-31": "6.19500", "2012-12-31": "6.70900", "2012-09-30": "6.49400", "2012-06-30": "6.54500", "2012-03-31": "7.43200", "2011-12-31": "7.81200", "2011-09-30": "7.84600", "2011-06-30": "7.88600", "2011-03-31": "8.03200", "2010-12-31": "8.25590", "2010-09-30": "8.43100", "2010-06-30": "8.57100", "2010-03-31": "8.83400", "2009-12-31": "8.76600", "2009-09-30": "8.76900", "2009-06-30": "8.76800", "2009-03-31": "8.82600", "2008-12-31": "10.23500", "2008-09-30": "10.51700", "2008-06-30": "10.53200", "2008-03-31": "10.56200", "2007-12-31": "10.79700", "2007-09-30": "10.84200", "2007-06-30": "10.83700", "2007-03-31": "10.82400", "2006-12-31": "10.80300", "2006-09-30": "10.78000", "2006-06-30": "10.78000", "2006-03-31": "10.80200", "2005-12-31": "10.79400", "2005-09-30": "10.76100", "2005-06-30": "10.76000", "2005-03-31": "10.79500"}, "Basic EPS": {"2020-09-30": "75.09000", "2020-06-30": "37.14000", "2020-03-31": "-40.54000", "2019-12-31": "18.90000", "2019-09-30": "15.29000", "2019-06-30": "6.44000", "2019-03-31": "89.64000", "2018-12-31": "-42.79000", "2018-09-30": "12.83000", "2018-06-30": "1.02000", "2018-03-31": "-12.82000", "2017-12-31": "5.94000", "2017-09-30": "130.81000", "2017-06-30": "2.97000", "2017-03-31": "6.34000", "2016-12-31": "-7.30000", "2016-09-30": "18.65000", "2016-06-30": "66.93000", "2016-03-31": "2.34000", "2015-12-31": "47.28000", "2015-09-30": "-10.01000", "2015-06-30": "0.72000", "2015-03-31": "14.09000", "2014-12-31": "11.65000", "2014-09-30": "8.42000", "2014-06-30": "15.51000", "2014-03-31": "15.48000", "2013-12-31": "19.09000", "2013-09-30": "9.26000", "2013-06-30": "4.26000", "2013-03-31": "19.17000", "2012-12-31": "11.07000", "2012-09-30": "2.90000", "2012-06-30": "3.92000", "2012-03-31": "12.61000", "2011-12-31": "101.47000", "2011-09-30": "-2.00000", "2011-06-30": "1.48000", "2011-03-31": "-3.51000", "2010-12-31": "8.83000", "2010-09-30": "6.01000", "2010-06-30": "0.28000", "2010-03-31": "-4.48000", "2009-12-31": "11.30000", "2009-09-30": "18.02000", "2009-06-30": "20.35000", "2009-03-31": "3.44000", "2008-12-31": "-21.82000", "2008-09-30": "-26.19000", "2008-06-30": "-0.87000", "2008-03-31": "-5.38000", "2007-12-31": "9.37000", "2007-09-30": "10.33000", "2007-06-30": "9.51000", "2007-03-31": "8.56000", "2006-12-31": "27.79000", "2006-09-30": "15.05000", "2006-06-30": "10.75000", "2006-03-31": "8.92000", "2005-12-31": "3.10000", "2005-09-30": "-6.16000", "2005-06-30": "13.64000", "2005-03-31": "16.38000"}, "EPS - Earnings Per Share": {"2020-09-30": "75.09000", "2020-06-30": "37.14000", "2020-03-31": "-40.54000", "2019-12-31": "18.90000", "2019-09-30": "15.29000", "2019-06-30": "6.44000", "2019-03-31": "89.64000", "2018-12-31": "-42.79000", "2018-09-30": "12.83000", "2018-06-30": "1.02000", "2018-03-31": "-12.82000", "2017-12-31": "5.94000", "2017-09-30": "130.81000", "2017-06-30": "2.97000", "2017-03-31": "6.34000", "2016-12-31": "-7.30000", "2016-09-30": "18.61000", "2016-06-30": "66.79000", "2016-03-31": "2.34000", "2015-12-31": "47.25000", "2015-09-30": "-10.01000", "2015-06-30": "0.72000", "2015-03-31": "14.09000", "2014-12-31": "11.65000", "2014-09-30": "8.42000", "2014-06-30": "15.51000", "2014-03-31": "15.48000", "2013-12-31": "19.09000", "2013-09-30": "9.26000", "2013-06-30": "4.26000", "2013-03-31": "19.17000", "2012-12-31": "11.07000", "2012-09-30": "2.90000", "2012-06-30": "3.92000", "2012-03-31": "12.61000", "2011-12-31": "101.47000", "2011-09-30": "-2.00000", "2011-06-30": "1.48000", "2011-03-31": "-3.51000", "2010-12-31": "8.83000", "2010-09-30": "6.01000", "2010-06-30": "0.28000", "2010-03-31": "-4.48000", "2009-12-31": "11.29000", "2009-09-30": "18.02000", "2009-06-30": "20.35000", "2009-03-31": "3.44000", "2008-12-31": "-21.82000", "2008-09-30": "-26.19000", "2008-06-30": "-0.87000", "2008-03-31": "-5.38000", "2007-12-31": "9.38000", "2007-09-30": "10.32000", "2007-06-30": "9.49000", "2007-03-31": "8.54000", "2006-12-31": "27.70000", "2006-09-30": "15.01000", "2006-06-30": "10.72000", "2006-03-31": "8.89000", "2005-12-31": "2.84000", "2005-09-30": "-6.16000", "2005-06-30": "13.64000", "2005-03-31": "16.24000"}}, "balance sheet": {"Cash On Hand": {"2019-12-31": "161.00000", "2018-12-31": "110.30000", "2017-12-31": "97.10000", "2016-12-31": "80.20000", "2015-12-31": "173.00000", "2014-12-31": "261.70000", "2013-12-31": "382.80000", "2012-12-31": "462.40000", "2011-12-31": "705.40000", "2010-12-31": "395.00000", "2009-12-31": "366.00000", "2008-12-31": "409.60000", "2007-12-31": "171.30000", "2006-12-31": "159.00000", "2005-12-31": "187.70000"}, "Receivables": {"2019-12-31": "77.50000", "2018-12-31": "87.40000", "2017-12-31": "57.80000", "2016-12-31": "24.80000", "2015-12-31": "455.70000", "2014-12-31": "452.80000", "2013-12-31": "984.50000", "2012-12-31": "1007.20000", "2011-12-31": "3031.70000", "2010-12-31": "2979.10000", "2009-12-31": "3639.00000", "2008-12-31": "4011.60000", "2007-12-31": "4582.50000", "2006-12-31": "5097.20000", "2005-12-31": "6138.70000"}, "Inventory": {"2019-12-31": "", "2018-12-31": "", "2017-12-31": "", "2016-12-31": "", "2015-12-31": "", "2014-12-31": "", "2013-12-31": "", "2012-12-31": "", "2011-12-31": "", "2010-12-31": "", "2009-12-31": "", "2008-12-31": "", "2007-12-31": "", "2006-12-31": "", "2005-12-31": ""}, "Pre-Paid Expenses": {"2019-12-31": "", "2018-12-31": "", "2017-12-31": "", "2016-12-31": "", "2015-12-31": "", "2014-12-31": "", "2013-12-31": "", "2012-12-31": "", "2011-12-31": "", "2010-12-31": "", "2009-12-31": "", "2008-12-31": "", "2007-12-31": "", "2006-12-31": "", "2005-12-31": ""}, "Other Current Assets": {"2019-12-31": "", "2018-12-31": "", "2017-12-31": "", "2016-12-31": "", "2015-12-31": "", "2014-12-31": "", "2013-12-31": "", "2012-12-31": "", "2011-12-31": "", "2010-12-31": "", "2009-12-31": "", "2008-12-31": "", "2007-12-31": "", "2006-12-31": "", "2005-12-31": ""}, "Total Current Assets": {"2019-12-31": "238.50000", "2018-12-31": "197.70000", "2017-12-31": "154.90000", "2016-12-31": "105.00000", "2015-12-31": "628.70000", "2014-12-31": "714.50000", "2013-12-31": "1367.30000", "2012-12-31": "1469.60000", "2011-12-31": "3737.10000", "2010-12-31": "3374.10000", "2009-12-31": "4005.00000", "2008-12-31": "4421.20000", "2007-12-31": "4753.80000", "2006-12-31": "5256.20000", "2005-12-31": "6326.40000"}, "Property, Plant, And Equipment": {"2019-12-31": "", "2018-12-31": "", "2017-12-31": "", "2016-12-31": "", "2015-12-31": "", "2014-12-31": "", "2013-12-31": "", "2012-12-31": "", "2011-12-31": "", "2010-12-31": "", "2009-12-31": "", "2008-12-31": "", "2007-12-31": "", "2006-12-31": "", "2005-12-31": ""}, "Long-Term Investments": {"2019-12-31": "2964.10000", "2018-12-31": "2553.30000", "2017-12-31": "3398.00000", "2016-12-31": "2729.20000", "2015-12-31": "4285.00000", "2014-12-31": "4171.10000", "2013-12-31": "7553.30000", "2012-12-31": "7711.90000", "2011-12-31": "8594.70000", "2010-12-31": "8396.50000", "2009-12-31": "9644.70000", "2008-12-31": "9407.00000", "2007-12-31": "12800.10000", "2006-12-31": "12405.40000", "2005-12-31": "11114.50000"}, "Goodwill And Intangible Assets": {"2019-12-31": "654.70000", "2018-12-31": "537.50000", "2017-12-31": "62.10000", "2016-12-31": "45.20000", "2015-12-31": "55.40000", "2014-12-31": "351.20000", "2013-12-31": "20.70000", "2012-12-31": "", "2011-12-31": "", "2010-12-31": "", "2009-12-31": "", "2008-12-31": "", "2007-12-31": "", "2006-12-31": "", "2005-12-31": ""}, "Other Long-Term Assets": {"2019-12-31": "103.80000", "2018-12-31": "55.10000", "2017-12-31": "29.40000", "2016-12-31": "3630.20000", "2015-12-31": "5093.10000", "2014-12-31": "4997.10000", "2013-12-31": "2516.20000", "2012-12-31": "2949.00000", "2011-12-31": "1008.30000", "2010-12-31": "2155.50000", "2009-12-31": "925.70000", "2008-12-31": "1020.60000", "2007-12-31": "966.10000", "2006-12-31": "1185.80000", "2005-12-31": "1347.60000"}, "Total Long-Term Assets": {"2019-12-31": "3744.70000", "2018-12-31": "3164.90000", "2017-12-31": "3504.30000", "2016-12-31": "6415.20000", "2015-12-31": "9653.90000", "2014-12-31": "9741.20000", "2013-12-31": "10777.00000", "2012-12-31": "11425.80000", "2011-12-31": "10326.90000", "2010-12-31": "11160.00000", "2009-12-31": "11438.20000", "2008-12-31": "11474.60000", "2007-12-31": "14328.80000", "2006-12-31": "14187.50000", "2005-12-31": "13091.70000"}, "Total Assets": {"2019-12-31": "3983.20000", "2018-12-31": "3362.60000", "2017-12-31": "3659.20000", "2016-12-31": "6520.20000", "2015-12-31": "10282.60000", "2014-12-31": "10455.70000", "2013-12-31": "12144.30000", "2012-12-31": "12895.40000", "2011-12-31": "14064.00000", "2010-12-31": "14534.10000", "2009-12-31": "15443.20000", "2008-12-31": "15895.80000", "2007-12-31": "19082.60000", "2006-12-31": "19443.70000", "2005-12-31": "19418.10000"}, "Total Current Liabilities": {"2019-12-31": "377.50000", "2018-12-31": "312.50000", "2017-12-31": "198.00000", "2016-12-31": "178.60000", "2015-12-31": "2278.80000", "2014-12-31": "2190.50000", "2013-12-31": "4418.50000", "2012-12-31": "4423.60000", "2011-12-31": "6949.20000", "2010-12-31": "7162.10000", "2009-12-31": "8704.00100", "2008-12-31": "9339.70000", "2007-12-31": "10142.70000", "2006-12-31": "10994.10000", "2005-12-31": "12697.30000"}, "Long Term Debt": {"2019-12-31": "283.50000", "2018-12-31": "192.70000", "2017-12-31": "23.80000", "2016-12-31": "12.70000", "2015-12-31": "337.60000", "2014-12-31": "343.10000", "2013-12-31": "676.40000", "2012-12-31": "751.20000", "2011-12-31": "677.50000", "2010-12-31": "818.80000", "2009-12-31": "1050.70000", "2008-12-31": "1362.00000", "2007-12-31": "1192.90000", "2006-12-31": "1106.70000", "2005-12-31": "779.10000"}, "Other Non-Current Liabilities": {"2019-12-31": "177.50000", "2018-12-31": "139.20000", "2017-12-31": "76.60000", "2016-12-31": "2612.90000", "2015-12-31": "3298.20000", "2014-12-31": "3383.70000", "2013-12-31": "2295.80000", "2012-12-31": "3121.10000", "2011-12-31": "1403.90000", "2010-12-31": "1919.20000", "2009-12-31": "991.70000", "2008-12-31": "1375.60000", "2007-12-31": "1534.70000", "2006-12-31": "1710.60000", "2005-12-31": "1503.80000"}, "Total Long Term Liabilities": {"2019-12-31": "461.00000", "2018-12-31": "331.90000", "2017-12-31": "100.40000", "2016-12-31": "2625.60000", "2015-12-31": "3635.80000", "2014-12-31": "3726.80000", "2013-12-31": "3328.40000", "2012-12-31": "4213.60000", "2011-12-31": "2446.90000", "2010-12-31": "3111.20000", "2009-12-31": "2397.70000", "2008-12-31": "3043.60000", "2007-12-31": "4226.50000", "2006-12-31": "3994.30000", "2005-12-31": "2887.60000"}, "Total Liabilities": {"2019-12-31": "838.50000", "2018-12-31": "644.40000", "2017-12-31": "298.40000", "2016-12-31": "2804.20000", "2015-12-31": "5914.60000", "2014-12-31": "5917.30000", "2013-12-31": "7746.90000", "2012-12-31": "8637.20000", "2011-12-31": "9396.10000", "2010-12-31": "10273.30000", "2009-12-31": "11101.70000", "2008-12-31": "12383.30000", "2007-12-31": "14369.20000", "2006-12-31": "14988.40000", "2005-12-31": "15584.90000"}, "Common Stock Net": {"2019-12-31": "3.20000", "2018-12-31": "3.20000", "2017-12-31": "3.80000", "2016-12-31": "4.60000", "2015-12-31": "5.60000", "2014-12-31": "6.00000", "2013-12-31": "6.20000", "2012-12-31": "6.30000", "2011-12-31": "7.60000", "2010-12-31": "8.20000", "2009-12-31": "8.90000", "2008-12-31": "8.80000", "2007-12-31": "10.50000", "2006-12-31": "10.80000", "2005-12-31": "10.80000"}, "Retained Earnings (Accumulated Deficit)": {"2019-12-31": "2672.40000", "2018-12-31": "2264.90000", "2017-12-31": "2823.20000", "2016-12-31": "2776.60000", "2015-12-31": "3084.90000", "2014-12-31": "3010.50000", "2013-12-31": "2802.30000", "2012-12-31": "2542.70000", "2011-12-31": "2789.70000", "2010-12-31": "2175.60000", "2009-12-31": "2215.90000", "2008-12-31": "1751.90000", "2007-12-31": "2718.50000", "2006-12-31": "2496.00000", "2005-12-31": "1899.80000"}, "Comprehensive Income": {"2019-12-31": "-7.20000", "2018-12-31": "-5.80000", "2017-12-31": "-1.30000", "2016-12-31": "-4.60000", "2015-12-31": "-149.90000", "2014-12-31": "-49.50000", "2013-12-31": "52.10000", "2012-12-31": "131.90000", "2011-12-31": "36.70000", "2010-12-31": "118.40000", "2009-12-31": "-3.50000", "2008-12-31": "-281.30000", "2007-12-31": "303.70000", "2006-12-31": "231.80000", "2005-12-31": "208.10000"}, "Other Share Holders Equity": {"2019-12-31": "", "2018-12-31": "", "2017-12-31": "", "2016-12-31": "", "2015-12-31": "", "2014-12-31": "", "2013-12-31": "", "2012-12-31": "", "2011-12-31": "", "2010-12-31": "", "2009-12-31": "", "2008-12-31": "", "2007-12-31": "", "2006-12-31": "", "2005-12-31": ""}, "Share Holder Equity": {"2019-12-31": "3144.70000", "2018-12-31": "2718.20000", "2017-12-31": "3360.80000", "2016-12-31": "3716.00000", "2015-12-31": "4368.00000", "2014-12-31": "4538.40000", "2013-12-31": "4397.40000", "2012-12-31": "4258.20000", "2011-12-31": "4667.90000", "2010-12-31": "4260.80000", "2009-12-31": "4341.50000", "2008-12-31": "3512.50000", "2007-12-31": "4713.40000", "2006-12-31": "4455.30000", "2005-12-31": "3833.20000"}, "Total Liabilities And Share Holders Equity": {"2019-12-31": "3983.20000", "2018-12-31": "3362.60000", "2017-12-31": "3659.20000", "2016-12-31": "6520.20000", "2015-12-31": "10282.60000", "2014-12-31": "10455.70000", "2013-12-31": "12144.30000", "2012-12-31": "12895.40000", "2011-12-31": "14064.00000", "2010-12-31": "14534.10000", "2009-12-31": "15443.20000", "2008-12-31": "15895.80000", "2007-12-31": "19082.60000", "2006-12-31": "19443.70000", "2005-12-31": "19418.10000"}}, "balance sheet, quarterly": {"Cash On Hand": {"2020-09-30": "214.80000", "2020-06-30": "211.30000", "2020-03-31": "136.40000", "2019-12-31": "161.00000", "2019-09-30": "149.20000", "2019-06-30": "150.30000", "2019-03-31": "132.20000", "2018-12-31": "110.30000", "2018-09-30": "112.20000", "2018-06-30": "131.10000", "2018-03-31": "120.20000", "2017-12-31": "97.10000", "2017-09-30": "48.60000", "2017-06-30": "53.30000", "2017-03-31": "125.00000", "2016-12-31": "80.20000", "2016-09-30": "244.70000", "2016-06-30": "135.00000", "2016-03-31": "178.80000", "2015-12-31": "173.00000", "2015-09-30": "200.00000", "2015-06-30": "354.20000", "2015-03-31": "335.80000", "2014-12-31": "261.70000", "2014-09-30": "543.50000", "2014-06-30": "331.00000", "2014-03-31": "338.60000", "2013-12-31": "382.80000", "2013-09-30": "411.00000", "2013-06-30": "348.30000", "2013-03-31": "411.50000", "2012-12-31": "462.40000", "2012-09-30": "549.20000", "2012-06-30": "811.60000", "2012-03-31": "605.40000", "2011-12-31": "705.40000", "2011-09-30": "557.70000", "2011-06-30": "483.70000", "2011-03-31": "452.50000", "2010-12-31": "395.00000", "2010-09-30": "401.20000", "2010-06-30": "348.80000", "2010-03-31": "345.00000", "2009-12-31": "366.00000", "2009-09-30": "258.10000", "2009-06-30": "405.20000", "2009-03-31": "448.80000", "2008-12-31": "409.60000", "2008-09-30": "220.80000", "2008-06-30": "198.30000", "2008-03-31": "229.60000", "2007-12-31": "171.30000", "2007-09-30": "185.60000", "2007-06-30": "172.90000", "2007-03-31": "186.30000", "2006-12-31": "159.00000", "2006-09-30": "210.30000", "2006-06-30": "191.60000", "2006-03-31": "183.10000", "2005-12-31": "187.70000", "2005-09-30": "205.40000", "2005-06-30": "204.00000", "2005-03-31": "261.30000"}, "Receivables": {"2020-09-30": "129.60000", "2020-06-30": "107.40000", "2020-03-31": "136.40000", "2019-12-31": "86.50000", "2019-09-30": "60.60000", "2019-06-30": "145.00000", "2019-03-31": "66.60000", "2018-12-31": "87.40000", "2018-09-30": "74.80000", "2018-06-30": "77.50000", "2018-03-31": "54.60000", "2017-12-31": "57.80000", "2017-09-30": "194.60000", "2017-06-30": "202.30000", "2017-03-31": "430.10000", "2016-12-31": "24.80000", "2016-09-30": "629.40000", "2016-06-30": "445.40000", "2016-03-31": "406.30000", "2015-12-31": "455.70000", "2015-09-30": "522.00000", "2015-06-30": "1194.40000", "2015-03-31": "1185.60000", "2014-12-31": "452.80000", "2014-09-30": "1174.70000", "2014-06-30": "1246.60000", "2014-03-31": "1195.10000", "2013-12-31": "984.50000", "2013-09-30": "1157.90000", "2013-06-30": "1125.40000", "2013-03-31": "1243.00000", "2012-12-31": "1007.20000", "2012-09-30": "1216.90000", "2012-06-30": "3232.30000", "2012-03-31": "3248.30000", "2011-12-31": "3031.70000", "2011-09-30": "3277.20000", "2011-06-30": "2933.00000", "2011-03-31": "3258.60000", "2010-12-31": "2979.10000", "2010-09-30": "3642.90000", "2010-06-30": "3763.90000", "2010-03-31": "4086.10000", "2009-12-31": "3639.00000", "2009-09-30": "3844.80000", "2009-06-30": "3864.70000", "2009-03-31": "4059.80000", "2008-12-31": "4011.60000", "2008-09-30": "4272.20000", "2008-06-30": "4358.60000", "2008-03-31": "4475.00000", "2007-12-31": "4582.50000", "2007-09-30": "4632.80000", "2007-06-30": "4782.50000", "2007-03-31": "5053.20000", "2006-12-31": "5097.20000", "2006-09-30": "5696.00000", "2006-06-30": "5862.90000", "2006-03-31": "6101.00000", "2005-12-31": "6138.70000", "2005-09-30": "5994.00000", "2005-06-30": "5521.20000", "2005-03-31": "4945.20000"}, "Inventory": {"2020-09-30": "", "2020-06-30": "", "2020-03-31": "", "2019-12-31": "", "2019-09-30": "", "2019-06-30": "", "2019-03-31": "", "2018-12-31": "", "2018-09-30": "", "2018-06-30": "", "2018-03-31": "", "2017-12-31": "", "2017-09-30": "", "2017-06-30": "", "2017-03-31": "", "2016-12-31": "", "2016-09-30": "", "2016-06-30": "", "2016-03-31": "", "2015-12-31": "", "2015-09-30": "", "2015-06-30": "", "2015-03-31": "", "2014-12-31": "", "2014-09-30": "", "2014-06-30": "", "2014-03-31": "", "2013-12-31": "", "2013-09-30": "", "2013-06-30": "", "2013-03-31": "", "2012-12-31": "", "2012-09-30": "", "2012-06-30": "", "2012-03-31": "", "2011-12-31": "", "2011-09-30": "", "2011-06-30": "", "2011-03-31": "", "2010-12-31": "", "2010-09-30": "", "2010-06-30": "", "2010-03-31": "", "2009-12-31": "", "2009-09-30": "", "2009-06-30": "", "2009-03-31": "", "2008-12-31": "", "2008-09-30": "", "2008-06-30": "", "2008-03-31": "", "2007-12-31": "", "2007-09-30": "", "2007-06-30": "", "2007-03-31": "", "2006-12-31": "", "2006-09-30": "", "2006-06-30": "", "2006-03-31": "", "2005-12-31": "", "2005-09-30": "", "2005-06-30": "", "2005-03-31": ""}, "Pre-Paid Expenses": {"2020-09-30": "", "2020-06-30": "", "2020-03-31": "", "2019-12-31": "", "2019-09-30": "", "2019-06-30": "", "2019-03-31": "", "2018-12-31": "", "2018-09-30": "", "2018-06-30": "", "2018-03-31": "", "2017-12-31": "", "2017-09-30": "", "2017-06-30": "", "2017-03-31": "", "2016-12-31": "", "2016-09-30": "", "2016-06-30": "", "2016-03-31": "", "2015-12-31": "", "2015-09-30": "", "2015-06-30": "", "2015-03-31": "", "2014-12-31": "", "2014-09-30": "", "2014-06-30": "", "2014-03-31": "", "2013-12-31": "", "2013-09-30": "", "2013-06-30": "", "2013-03-31": "", "2012-12-31": "", "2012-09-30": "", "2012-06-30": "", "2012-03-31": "", "2011-12-31": "", "2011-09-30": "", "2011-06-30": "", "2011-03-31": "", "2010-12-31": "", "2010-09-30": "", "2010-06-30": "", "2010-03-31": "", "2009-12-31": "", "2009-09-30": "", "2009-06-30": "", "2009-03-31": "", "2008-12-31": "", "2008-09-30": "", "2008-06-30": "", "2008-03-31": "", "2007-12-31": "", "2007-09-30": "", "2007-06-30": "", "2007-03-31": "", "2006-12-31": "", "2006-09-30": "", "2006-06-30": "", "2006-03-31": "", "2005-12-31": "", "2005-09-30": "", "2005-06-30": "", "2005-03-31": ""}, "Other Current Assets": {"2020-09-30": "", "2020-06-30": "", "2020-03-31": "", "2019-12-31": "", "2019-09-30": "", "2019-06-30": "", "2019-03-31": "", "2018-12-31": "", "2018-09-30": "", "2018-06-30": "", "2018-03-31": "", "2017-12-31": "", "2017-09-30": "", "2017-06-30": "", "2017-03-31": "", "2016-12-31": "", "2016-09-30": "", "2016-06-30": "", "2016-03-31": "", "2015-12-31": "", "2015-09-30": "", "2015-06-30": "", "2015-03-31": "", "2014-12-31": "", "2014-09-30": "", "2014-06-30": "", "2014-03-31": "", "2013-12-31": "", "2013-09-30": "", "2013-06-30": "", "2013-03-31": "", "2012-12-31": "", "2012-09-30": "", "2012-06-30": "", "2012-03-31": "", "2011-12-31": "", "2011-09-30": "", "2011-06-30": "", "2011-03-31": "", "2010-12-31": "", "2010-09-30": "", "2010-06-30": "", "2010-03-31": "", "2009-12-31": "", "2009-09-30": "", "2009-06-30": "", "2009-03-31": "", "2008-12-31": "", "2008-09-30": "", "2008-06-30": "", "2008-03-31": "", "2007-12-31": "", "2007-09-30": "", "2007-06-30": "", "2007-03-31": "", "2006-12-31": "", "2006-09-30": "", "2006-06-30": "", "2006-03-31": "", "2005-12-31": "", "2005-09-30": "", "2005-06-30": "", "2005-03-31": ""}, "Total Current Assets": {"2020-09-30": "344.40000", "2020-06-30": "318.70000", "2020-03-31": "272.80000", "2019-12-31": "247.50000", "2019-09-30": "209.80000", "2019-06-30": "295.30000", "2019-03-31": "198.80000", "2018-12-31": "197.70000", "2018-09-30": "187.00000", "2018-06-30": "208.60000", "2018-03-31": "174.80000", "2017-12-31": "154.90000", "2017-09-30": "243.20000", "2017-06-30": "255.60000", "2017-03-31": "555.10000", "2016-12-31": "105.00000", "2016-09-30": "874.10000", "2016-06-30": "580.40000", "2016-03-31": "585.10000", "2015-12-31": "628.70000", "2015-09-30": "722.00000", "2015-06-30": "1548.60000", "2015-03-31": "1521.40000", "2014-12-31": "714.50000", "2014-09-30": "1718.20000", "2014-06-30": "1577.60000", "2014-03-31": "1533.70000", "2013-12-31": "1367.30000", "2013-09-30": "1568.90000", "2013-06-30": "1473.70000", "2013-03-31": "1654.50000", "2012-12-31": "1469.60000", "2012-09-30": "1766.10000", "2012-06-30": "4043.90000", "2012-03-31": "3853.70000", "2011-12-31": "3737.10000", "2011-09-30": "3834.90000", "2011-06-30": "3416.70000", "2011-03-31": "3711.10000", "2010-12-31": "3374.10000", "2010-09-30": "4044.10000", "2010-06-30": "4112.70000", "2010-03-31": "4431.10000", "2009-12-31": "4005.00000", "2009-09-30": "4102.90000", "2009-06-30": "4269.90000", "2009-03-31": "4508.60000", "2008-12-31": "4421.20000", "2008-09-30": "4493.00000", "2008-06-30": "4556.89900", "2008-03-31": "4704.60000", "2007-12-31": "4753.80000", "2007-09-30": "4818.40000", "2007-06-30": "4955.39900", "2007-03-31": "5239.50000", "2006-12-31": "5256.20000", "2006-09-30": "5906.30000", "2006-06-30": "6054.50000", "2006-03-31": "6284.10000", "2005-12-31": "6326.40000", "2005-09-30": "6199.40000", "2005-06-30": "5725.20000", "2005-03-31": "5206.50000"}, "Property, Plant, And Equipment": {"2020-09-30": "", "2020-06-30": "", "2020-03-31": "", "2019-12-31": "", "2019-09-30": "", "2019-06-30": "", "2019-03-31": "", "2018-12-31": "", "2018-09-30": "", "2018-06-30": "", "2018-03-31": "", "2017-12-31": "", "2017-09-30": "", "2017-06-30": "", "2017-03-31": "", "2016-12-31": "", "2016-09-30": "", "2016-06-30": "", "2016-03-31": "", "2015-12-31": "", "2015-09-30": "", "2015-06-30": "", "2015-03-31": "", "2014-12-31": "", "2014-09-30": "", "2014-06-30": "", "2014-03-31": "", "2013-12-31": "", "2013-09-30": "", "2013-06-30": "", "2013-03-31": "", "2012-12-31": "", "2012-09-30": "", "2012-06-30": "", "2012-03-31": "", "2011-12-31": "", "2011-09-30": "", "2011-06-30": "", "2011-03-31": "", "2010-12-31": "", "2010-09-30": "", "2010-06-30": "", "2010-03-31": "", "2009-12-31": "", "2009-09-30": "", "2009-06-30": "", "2009-03-31": "", "2008-12-31": "", "2008-09-30": "", "2008-06-30": "", "2008-03-31": "", "2007-12-31": "", "2007-09-30": "", "2007-06-30": "", "2007-03-31": "", "2006-12-31": "", "2006-09-30": "", "2006-06-30": "", "2006-03-31": "", "2005-12-31": "", "2005-09-30": "", "2005-06-30": "", "2005-03-31": ""}, "Long-Term Investments": {"2020-09-30": "3119.40000", "2020-06-30": "2789.30000", "2020-03-31": "2697.60000", "2019-12-31": "2964.10000", "2019-09-30": "2857.20000", "2019-06-30": "2683.50000", "2019-03-31": "2815.70000", "2018-12-31": "2553.30000", "2018-09-30": "2689.30000", "2018-06-30": "2607.60000", "2018-03-31": "3310.60000", "2017-12-31": "3398.00000", "2017-09-30": "3295.90000", "2017-06-30": "2708.90000", "2017-03-31": "5366.20000", "2016-12-31": "2729.20000", "2016-09-30": "5232.40000", "2016-06-30": "5537.30000", "2016-03-31": "3653.10000", "2015-12-31": "4285.00000", "2015-09-30": "4115.80000", "2015-06-30": "7254.30000", "2015-03-31": "7387.60000", "2014-12-31": "4171.10000", "2014-09-30": "7422.50000", "2014-06-30": "7624.50000", "2014-03-31": "7623.70000", "2013-12-31": "7553.30000", "2013-09-30": "7422.90000", "2013-06-30": "7323.40000", "2013-03-31": "7401.10000", "2012-12-31": "7711.90000", "2012-09-30": "7705.40000", "2012-06-30": "7615.90000", "2012-03-31": "7963.90000", "2011-12-31": "8594.70000", "2011-09-30": "7716.50000", "2011-06-30": "8014.00000", "2011-03-31": "9132.40000", "2010-12-31": "8396.50000", "2010-09-30": "9157.00000", "2010-06-30": "8859.89900", "2010-03-31": "9553.50000", "2009-12-31": "9644.70000", "2009-09-30": "9711.19900", "2009-06-30": "9292.20000", "2009-03-31": "9074.70000", "2008-12-31": "9407.00000", "2008-09-30": "11363.20000", "2008-06-30": "12378.00000", "2008-03-31": "13072.20000", "2007-12-31": "12800.10000", "2007-09-30": "13228.40000", "2007-06-30": "12516.50000", "2007-03-31": "12256.90000", "2006-12-31": "12405.40000", "2006-09-30": "11046.70000", "2006-06-30": "10748.20000", "2006-03-31": "10847.00000", "2005-12-31": "11114.50000", "2005-09-30": "11493.40000", "2005-06-30": "11283.60000", "2005-03-31": "11234.80000"}, "Goodwill And Intangible Assets": {"2020-09-30": "776.30000", "2020-06-30": "759.90000", "2020-03-31": "646.80000", "2019-12-31": "654.70000", "2019-09-30": "660.90000", "2019-06-30": "667.60000", "2019-03-31": "510.20000", "2018-12-31": "537.50000", "2018-09-30": "485.20000", "2018-06-30": "492.80000", "2018-03-31": "59.20000", "2017-12-31": "62.10000", "2017-09-30": "37.80000", "2017-06-30": "49.50000", "2017-03-31": "53.00000", "2016-12-31": "45.20000", "2016-09-30": "59.30000", "2016-06-30": "53.30000", "2016-03-31": "371.50000", "2015-12-31": "55.40000", "2015-09-30": "381.70000", "2015-06-30": "355.60000", "2015-03-31": "362.60000", "2014-12-31": "351.20000", "2014-09-30": "", "2014-06-30": "", "2014-03-31": "", "2013-12-31": "20.70000", "2013-09-30": "", "2013-06-30": "", "2013-03-31": "", "2012-12-31": "", "2012-09-30": "", "2012-06-30": "", "2012-03-31": "", "2011-12-31": "", "2011-09-30": "", "2011-06-30": "", "2011-03-31": "", "2010-12-31": "", "2010-09-30": "", "2010-06-30": "", "2010-03-31": "", "2009-12-31": "", "2009-09-30": "", "2009-06-30": "", "2009-03-31": "", "2008-12-31": "", "2008-09-30": "", "2008-06-30": "", "2008-03-31": "", "2007-12-31": "", "2007-09-30": "", "2007-06-30": "", "2007-03-31": "", "2006-12-31": "", "2006-09-30": "", "2006-06-30": "", "2006-03-31": "", "2005-12-31": "", "2005-09-30": "", "2005-06-30": "", "2005-03-31": ""}, "Other Long-Term Assets": {"2020-09-30": "117.20000", "2020-06-30": "107.40000", "2020-03-31": "99.20000", "2019-12-31": "94.80000", "2019-09-30": "87.00000", "2019-06-30": "85.30000", "2019-03-31": "85.40000", "2018-12-31": "55.10000", "2018-09-30": "43.70000", "2018-06-30": "41.90000", "2018-03-31": "26.50000", "2017-12-31": "29.40000", "2017-09-30": "46.10000", "2017-06-30": "3759.20000", "2017-03-31": "306.70000", "2016-12-31": "3630.20000", "2016-09-30": "288.40000", "2016-06-30": "658.50000", "2016-03-31": "5538.70000", "2015-12-31": "5093.10000", "2015-09-30": "4881.80000", "2015-06-30": "632.50000", "2015-03-31": "626.30000", "2014-12-31": "4997.10000", "2014-09-30": "2404.10000", "2014-06-30": "2501.80000", "2014-03-31": "2584.10000", "2013-12-31": "2516.20000", "2013-09-30": "2572.00000", "2013-06-30": "2765.50000", "2013-03-31": "2826.40000", "2012-12-31": "2949.00000", "2012-09-30": "3231.00000", "2012-06-30": "916.10000", "2012-03-31": "837.50000", "2011-12-31": "1008.30000", "2011-09-30": "2395.70000", "2011-06-30": "2170.30000", "2011-03-31": "1039.80000", "2010-12-31": "2155.50000", "2010-09-30": "1067.60000", "2010-06-30": "1720.90000", "2010-03-31": "988.80000", "2009-12-31": "925.70000", "2009-09-30": "1019.90000", "2009-06-30": "1092.00000", "2009-03-31": "1071.40000", "2008-12-31": "1020.60000", "2008-09-30": "1072.90000", "2008-06-30": "1106.40000", "2008-03-31": "1008.60000", "2007-12-31": "966.10000", "2007-09-30": "1074.60000", "2007-06-30": "1138.40000", "2007-03-31": "1200.60000", "2006-12-31": "1185.80000", "2006-09-30": "1136.70000", "2006-06-30": "1276.20000", "2006-03-31": "1320.40000", "2005-12-31": "1347.60000", "2005-09-30": "1456.40000", "2005-06-30": "1552.00000", "2005-03-31": "1741.70000"}, "Total Long-Term Assets": {"2020-09-30": "4039.00000", "2020-06-30": "3681.60000", "2020-03-31": "3466.90000", "2019-12-31": "3735.70000", "2019-09-30": "3626.50000", "2019-06-30": "3456.90000", "2019-03-31": "3430.90000", "2018-12-31": "3164.90000", "2018-09-30": "3235.80000", "2018-06-30": "3159.50000", "2018-03-31": "3412.20000", "2017-12-31": "3504.30000", "2017-09-30": "3393.90000", "2017-06-30": "6530.60000", "2017-03-31": "5961.80000", "2016-12-31": "6415.20000", "2016-09-30": "5809.20000", "2016-06-30": "6485.20000", "2016-03-31": "9806.70000", "2015-12-31": "9653.90000", "2015-09-30": "9624.00000", "2015-06-30": "8880.70000", "2015-03-31": "8986.40000", "2014-12-31": "9741.20000", "2014-09-30": "10470.10000", "2014-06-30": "10780.30000", "2014-03-31": "10882.70000", "2013-12-31": "10777.00000", "2013-09-30": "10738.60000", "2013-06-30": "10810.00000", "2013-03-31": "10957.00000", "2012-12-31": "11425.80000", "2012-09-30": "11702.70000", "2012-06-30": "9236.60000", "2012-03-31": "9524.90000", "2011-12-31": "10326.90000", "2011-09-30": "10746.80000", "2011-06-30": "10785.80000", "2011-03-31": "10886.30000", "2010-12-31": "11160.00000", "2010-09-30": "10949.80000", "2010-06-30": "11390.00000", "2010-03-31": "11391.70000", "2009-12-31": "11438.20000", "2009-09-30": "11572.90000", "2009-06-30": "11281.10000", "2009-03-31": "11131.90000", "2008-12-31": "11474.60000", "2008-09-30": "13271.40000", "2008-06-30": "14146.90000", "2008-03-31": "14660.20000", "2007-12-31": "14328.80000", "2007-09-30": "14900.30000", "2007-06-30": "14228.90000", "2007-03-31": "14038.70000", "2006-12-31": "14187.50000", "2006-09-30": "12805.80000", "2006-06-30": "12673.50000", "2006-03-31": "12797.30000", "2005-12-31": "13091.70000", "2005-09-30": "13596.40000", "2005-06-30": "13459.50000", "2005-03-31": "13623.70000"}, "Total Assets": {"2020-09-30": "4383.40000", "2020-06-30": "4000.30000", "2020-03-31": "3739.70000", "2019-12-31": "3983.20000", "2019-09-30": "3836.30000", "2019-06-30": "3752.20000", "2019-03-31": "3629.70000", "2018-12-31": "3362.60000", "2018-09-30": "3422.80000", "2018-06-30": "3368.10000", "2018-03-31": "3587.00000", "2017-12-31": "3659.20000", "2017-09-30": "3637.10000", "2017-06-30": "6786.20000", "2017-03-31": "6516.90000", "2016-12-31": "6520.20000", "2016-09-30": "6683.30000", "2016-06-30": "7065.60000", "2016-03-31": "10391.80000", "2015-12-31": "10282.60000", "2015-09-30": "10346.00000", "2015-06-30": "10429.30000", "2015-03-31": "10507.80000", "2014-12-31": "10455.70000", "2014-09-30": "12188.30000", "2014-06-30": "12357.90000", "2014-03-31": "12416.40000", "2013-12-31": "12144.30000", "2013-09-30": "12307.50000", "2013-06-30": "12283.70000", "2013-03-31": "12611.50000", "2012-12-31": "12895.40000", "2012-09-30": "13468.80000", "2012-06-30": "13280.50000", "2012-03-31": "13378.60000", "2011-12-31": "14064.00000", "2011-09-30": "14581.70000", "2011-06-30": "14202.50000", "2011-03-31": "14597.40000", "2010-12-31": "14534.10000", "2010-09-30": "14993.90000", "2010-06-30": "15502.70000", "2010-03-31": "15822.80000", "2009-12-31": "15443.20000", "2009-09-30": "15675.80000", "2009-06-30": "15551.00000", "2009-03-31": "15640.50000", "2008-12-31": "15895.80000", "2008-09-30": "17764.40000", "2008-06-30": "18703.80000", "2008-03-31": "19364.80000", "2007-12-31": "19082.60000", "2007-09-30": "19718.70000", "2007-06-30": "19184.30000", "2007-03-31": "19278.20000", "2006-12-31": "19443.70000", "2006-09-30": "18712.10000", "2006-06-30": "18728.00000", "2006-03-31": "19081.40000", "2005-12-31": "19418.10000", "2005-09-30": "19795.80000", "2005-06-30": "19184.70000", "2005-03-31": "18830.20000"}, "Total Current Liabilities": {"2020-09-30": "411.50000", "2020-06-30": "394.30000", "2020-03-31": "335.90000", "2019-12-31": "377.50000", "2019-09-30": "363.60000", "2019-06-30": "357.80000", "2019-03-31": "314.80000", "2018-12-31": "312.50000", "2018-09-30": "273.80000", "2018-06-30": "280.30000", "2018-03-31": "209.70000", "2017-12-31": "198.00000", "2017-09-30": "245.10000", "2017-06-30": "287.80000", "2017-03-31": "2296.10000", "2016-12-31": "178.60000", "2016-09-30": "2374.70000", "2016-06-30": "2337.30000", "2016-03-31": "2263.90000", "2015-12-31": "2278.80000", "2015-09-30": "2418.70000", "2015-06-30": "4660.20000", "2015-03-31": "4625.70000", "2014-12-31": "2190.50000", "2014-09-30": "4642.10000", "2014-06-30": "4616.00000", "2014-03-31": "4656.50000", "2013-12-31": "4418.50000", "2013-09-30": "4550.80000", "2013-06-30": "4486.89900", "2013-03-31": "4535.00000", "2012-12-31": "4423.60000", "2012-09-30": "4491.70000", "2012-06-30": "6776.60000", "2012-03-31": "7017.90000", "2011-12-31": "6949.20000", "2011-09-30": "7313.00000", "2011-06-30": "7074.50000", "2011-03-31": "8057.50000", "2010-12-31": "7162.10000", "2010-09-30": "8415.60100", "2010-06-30": "8562.60000", "2010-03-31": "9274.10000", "2009-12-31": "8704.00100", "2009-09-30": "9060.20000", "2009-06-30": "9090.70000", "2009-03-31": "9326.80100", "2008-12-31": "9339.70000", "2008-09-30": "10033.60000", "2008-06-30": "10086.80000", "2008-03-31": "10240.30000", "2007-12-31": "10142.70000", "2007-09-30": "10582.70000", "2007-06-30": "10637.00000", "2007-03-31": "10951.60000", "2006-12-31": "10994.10000", "2006-09-30": "11541.30000", "2006-06-30": "12080.90000", "2006-03-31": "12423.10000", "2005-12-31": "12697.30000", "2005-09-30": "12640.60000", "2005-06-30": "12041.70000", "2005-03-31": "11842.50000"}, "Long Term Debt": {"2020-09-30": "359.40000", "2020-06-30": "349.80000", "2020-03-31": "294.70000", "2019-12-31": "283.50000", "2019-09-30": "230.20000", "2019-06-30": "230.50000", "2019-03-31": "195.40000", "2018-12-31": "192.70000", "2018-09-30": "164.30000", "2018-06-30": "169.60000", "2018-03-31": "21.50000", "2017-12-31": "23.80000", "2017-09-30": "9.40000", "2017-06-30": "10.60000", "2017-03-31": "284.70000", "2016-12-31": "12.70000", "2016-09-30": "288.50000", "2016-06-30": "289.80000", "2016-03-31": "532.60000", "2015-12-31": "337.60000", "2015-09-30": "383.30000", "2015-06-30": "748.50000", "2015-03-31": "749.80000", "2014-12-31": "343.10000", "2014-09-30": "678.10000", "2014-06-30": "677.50000", "2014-03-31": "677.60000", "2013-12-31": "676.40000", "2013-09-30": "676.30000", "2013-06-30": "676.30000", "2013-03-31": "676.20000", "2012-12-31": "751.20000", "2012-09-30": "676.60000", "2012-06-30": "677.60000", "2012-03-31": "677.20000", "2011-12-31": "677.50000", "2011-09-30": "669.00000", "2011-06-30": "669.00000", "2011-03-31": "818.80000", "2010-12-31": "818.80000", "2010-09-30": "818.70000", "2010-06-30": "851.70000", "2010-03-31": "1026.10000", "2009-12-31": "1050.70000", "2009-09-30": "1050.50000", "2009-06-30": "1271.40000", "2009-03-31": "1349.20000", "2008-12-31": "1362.00000", "2008-09-30": "1367.10000", "2008-06-30": "1520.60000", "2008-03-31": "1666.00000", "2007-12-31": "1192.90000", "2007-09-30": "1192.80000", "2007-06-30": "1183.60000", "2007-03-31": "1183.60000", "2006-12-31": "1106.70000", "2006-09-30": "794.20000", "2006-06-30": "838.20000", "2006-03-31": "779.10000", "2005-12-31": "779.10000", "2005-09-30": "775.20000", "2005-06-30": "777.60000", "2005-03-31": "777.40000"}, "Other Non-Current Liabilities": {"2020-09-30": "303.30000", "2020-06-30": "192.90000", "2020-03-31": "150.00000", "2019-12-31": "177.50000", "2019-09-30": "171.60000", "2019-06-30": "156.00000", "2019-03-31": "141.20000", "2018-12-31": "139.20000", "2018-09-30": "145.10000", "2018-06-30": "120.70000", "2018-03-31": "60.00000", "2017-12-31": "76.60000", "2017-09-30": "45.40000", "2017-06-30": "2723.70000", "2017-03-31": "178.50000", "2016-12-31": "2612.90000", "2016-09-30": "218.70000", "2016-06-30": "339.10000", "2016-03-31": "3350.90000", "2015-12-31": "3298.20000", "2015-09-30": "3337.70000", "2015-06-30": "297.30000", "2015-03-31": "338.50000", "2014-12-31": "3383.70000", "2014-09-30": "2066.30000", "2014-06-30": "2119.30000", "2014-03-31": "2200.50000", "2013-12-31": "2295.80000", "2013-09-30": "2463.60000", "2013-06-30": "2612.60000", "2013-03-31": "2781.20000", "2012-12-31": "3121.10000", "2012-09-30": "3522.40000", "2012-06-30": "1123.70000", "2012-03-31": "989.90000", "2011-12-31": "1403.90000", "2011-09-30": "2220.00000", "2011-06-30": "1869.00000", "2011-03-31": "1142.80000", "2010-12-31": "1919.20000", "2010-09-30": "1119.90000", "2010-06-30": "1607.10000", "2010-03-31": "928.10000", "2009-12-31": "991.70000", "2009-09-30": "973.80000", "2009-06-30": "1028.10000", "2009-03-31": "1192.70000", "2008-12-31": "1375.60000", "2008-09-30": "1254.10000", "2008-06-30": "1296.60000", "2008-03-31": "1345.70000", "2007-12-31": "1534.70000", "2007-09-30": "1726.10000", "2007-06-30": "1329.60000", "2007-03-31": "1389.70000", "2006-12-31": "1710.60000", "2006-09-30": "1762.30000", "2006-06-30": "1456.30000", "2006-03-31": "1489.10000", "2005-12-31": "1503.80000", "2005-09-30": "1987.60000", "2005-06-30": "1770.10000", "2005-03-31": "1773.20000"}, "Total Long Term Liabilities": {"2020-09-30": "662.70000", "2020-06-30": "542.70000", "2020-03-31": "444.70000", "2019-12-31": "461.00000", "2019-09-30": "401.80000", "2019-06-30": "386.50000", "2019-03-31": "336.60000", "2018-12-31": "331.90000", "2018-09-30": "309.40000", "2018-06-30": "290.30000", "2018-03-31": "81.50000", "2017-12-31": "100.40000", "2017-09-30": "54.80000", "2017-06-30": "2734.30000", "2017-03-31": "463.20000", "2016-12-31": "2625.60000", "2016-09-30": "507.20000", "2016-06-30": "628.90000", "2016-03-31": "3890.60000", "2015-12-31": "3635.80000", "2015-09-30": "3721.00000", "2015-06-30": "1310.60000", "2015-03-31": "1342.30000", "2014-12-31": "3726.80000", "2014-09-30": "3047.40000", "2014-06-30": "3133.30000", "2014-03-31": "3232.00000", "2013-12-31": "3328.40000", "2013-09-30": "3469.50000", "2013-06-30": "3606.40000", "2013-03-31": "3794.50000", "2012-12-31": "4213.60000", "2012-09-30": "4598.70000", "2012-06-30": "2169.40000", "2012-03-31": "2051.20000", "2011-12-31": "2446.90000", "2011-09-30": "3249.60000", "2011-06-30": "2912.20000", "2011-03-31": "2330.80000", "2010-12-31": "3111.20000", "2010-09-30": "2306.70000", "2010-06-30": "2779.70000", "2010-03-31": "2293.80000", "2009-12-31": "2397.70000", "2009-09-30": "2367.90000", "2009-06-30": "2608.90000", "2009-03-31": "2831.40000", "2008-12-31": "3043.60000", "2008-09-30": "3668.90000", "2008-06-30": "4019.70000", "2008-03-31": "4445.30000", "2007-12-31": "4226.50000", "2007-09-30": "4403.40000", "2007-06-30": "3972.00000", "2007-03-31": "3783.70000", "2006-12-31": "3994.30000", "2006-09-30": "3052.10000", "2006-06-30": "2782.80000", "2006-03-31": "2786.10000", "2005-12-31": "2887.60000", "2005-09-30": "3272.40000", "2005-06-30": "3051.20000", "2005-03-31": "3075.20000"}, "Total Liabilities": {"2020-09-30": "1074.20000", "2020-06-30": "937.00000", "2020-03-31": "780.60000", "2019-12-31": "838.50000", "2019-09-30": "765.40000", "2019-06-30": "744.30000", "2019-03-31": "651.40000", "2018-12-31": "644.40000", "2018-09-30": "583.20000", "2018-06-30": "570.60000", "2018-03-31": "291.20000", "2017-12-31": "298.40000", "2017-09-30": "299.90000", "2017-06-30": "3022.10000", "2017-03-31": "2759.30000", "2016-12-31": "2804.20000", "2016-09-30": "2881.90000", "2016-06-30": "2966.20000", "2016-03-31": "6154.50000", "2015-12-31": "5914.60000", "2015-09-30": "6139.70000", "2015-06-30": "5970.80000", "2015-03-31": "5968.00000", "2014-12-31": "5917.30000", "2014-09-30": "7689.50000", "2014-06-30": "7749.30000", "2014-03-31": "7888.50000", "2013-12-31": "7746.90000", "2013-09-30": "8020.30000", "2013-06-30": "8093.30000", "2013-03-31": "8329.50000", "2012-12-31": "8637.20000", "2012-09-30": "9090.40000", "2012-06-30": "8946.00000", "2012-03-31": "9069.10000", "2011-12-31": "9396.10000", "2011-09-30": "10562.60000", "2011-06-30": "9986.70000", "2011-03-31": "10388.30000", "2010-12-31": "10273.30000", "2010-09-30": "10722.30000", "2010-06-30": "11342.30000", "2010-03-31": "11567.90000", "2009-12-31": "11101.70000", "2009-09-30": "11428.10000", "2009-06-30": "11699.60000", "2009-03-31": "12158.20000", "2008-12-31": "12383.30000", "2008-09-30": "13702.50000", "2008-06-30": "14106.50000", "2008-03-31": "14685.60000", "2007-12-31": "14369.20000", "2007-09-30": "14986.10000", "2007-06-30": "14609.00000", "2007-03-31": "14735.30000", "2006-12-31": "14988.40000", "2006-09-30": "14593.40000", "2006-06-30": "14863.70000", "2006-03-31": "15209.20000", "2005-12-31": "15584.90000", "2005-09-30": "15913.00000", "2005-06-30": "15092.90000", "2005-03-31": "14917.70000"}, "Common Stock Net": {"2020-09-30": "592.10000", "2020-06-30": "587.00000", "2020-03-31": "589.30000", "2019-12-31": "596.30000", "2019-09-30": "3.20000", "2019-06-30": "3.20000", "2019-03-31": "3.20000", "2018-12-31": "3.20000", "2018-09-30": "3.20000", "2018-06-30": "3.20000", "2018-03-31": "3.80000", "2017-12-31": "3.80000", "2017-09-30": "3.70000", "2017-06-30": "4.60000", "2017-03-31": "4.60000", "2016-12-31": "4.60000", "2016-09-30": "4.60000", "2016-06-30": "5.00000", "2016-03-31": "5.40000", "2015-12-31": "5.60000", "2015-09-30": "5.70000", "2015-06-30": "6.00000", "2015-03-31": "6.00000", "2014-12-31": "6.00000", "2014-09-30": "6.00000", "2014-06-30": "6.20000", "2014-03-31": "6.20000", "2013-12-31": "6.20000", "2013-09-30": "6.20000", "2013-06-30": "6.20000", "2013-03-31": "6.20000", "2012-12-31": "6.30000", "2012-09-30": "6.60000", "2012-06-30": "6.60000", "2012-03-31": "6.60000", "2011-12-31": "7.60000", "2011-09-30": "7.60000", "2011-06-30": "8.00000", "2011-03-31": "8.00000", "2010-12-31": "8.20000", "2010-09-30": "8.30000", "2010-06-30": "8.50000", "2010-03-31": "8.80000", "2009-12-31": "8.90000", "2009-09-30": "8.90000", "2009-06-30": "8.90000", "2009-03-31": "8.90000", "2008-12-31": "8.80000", "2008-09-30": "10.40000", "2008-06-30": "10.60000", "2008-03-31": "10.60000", "2007-12-31": "10.50000", "2007-09-30": "10.80000", "2007-06-30": "10.80000", "2007-03-31": "10.80000", "2006-12-31": "10.80000", "2006-09-30": "10.80000", "2006-06-30": "10.80000", "2006-03-31": "10.80000", "2005-12-31": "10.80000", "2005-09-30": "10.80000", "2005-06-30": "10.80000", "2005-03-31": "10.80000"}, "Retained Earnings (Accumulated Deficit)": {"2020-09-30": "2822.10000", "2020-06-30": "2589.30000", "2020-03-31": "2498.00000", "2019-12-31": "2672.40000", "2019-09-30": "2611.50000", "2019-06-30": "2562.80000", "2019-03-31": "2542.30000", "2018-12-31": "2264.90000", "2018-09-30": "2407.30000", "2018-06-30": "2366.50000", "2018-03-31": "2765.00000", "2017-12-31": "2823.20000", "2017-09-30": "2800.80000", "2017-06-30": "2835.20000", "2017-03-31": "2821.80000", "2016-12-31": "2776.60000", "2016-09-30": "2846.70000", "2016-06-30": "3006.60000", "2016-03-31": "2959.60000", "2015-12-31": "3084.90000", "2015-09-30": "2888.30000", "2015-06-30": "3069.20000", "2015-03-31": "3080.80000", "2014-12-31": "3010.50000", "2014-09-30": "2961.50000", "2014-06-30": "2965.80000", "2014-03-31": "2880.80000", "2013-12-31": "2802.30000", "2013-09-30": "2684.40000", "2013-06-30": "2627.20000", "2013-03-31": "2601.40000", "2012-12-31": "2542.70000", "2012-09-30": "2577.40000", "2012-06-30": "2576.30000", "2012-03-31": "2553.70000", "2011-12-31": "2789.70000", "2011-09-30": "2004.00000", "2011-06-30": "2102.00000", "2011-03-31": "2094.20000", "2010-12-31": "2175.60000", "2010-09-30": "2125.90000", "2010-06-30": "2108.70000", "2010-03-31": "2148.20000", "2009-12-31": "2215.90000", "2009-09-30": "2116.20000", "2009-06-30": "1956.60000", "2009-03-31": "1776.30000", "2008-12-31": "1751.90000", "2008-09-30": "2495.40000", "2008-06-30": "2802.20000", "2008-03-31": "2837.60000", "2007-12-31": "2718.50000", "2007-09-30": "2737.30000", "2007-06-30": "2647.50000", "2007-03-31": "2566.70000", "2006-12-31": "2496.00000", "2006-09-30": "2218.20000", "2006-06-30": "2077.70000", "2006-03-31": "1983.40000", "2005-12-31": "1899.80000", "2005-09-30": "1888.00000", "2005-06-30": "1975.90000", "2005-03-31": "1850.70000"}, "Comprehensive Income": {"2020-09-30": "-6.50000", "2020-06-30": "-10.30000", "2020-03-31": "-10.60000", "2019-12-31": "-7.20000", "2019-09-30": "-11.30000", "2019-06-30": "-9.00000", "2019-03-31": "-6.10000", "2018-12-31": "-5.80000", "2018-09-30": "-2.80000", "2018-06-30": "-2.20000", "2018-03-31": "-1.30000", "2017-12-31": "-1.30000", "2017-09-30": "-1.30000", "2017-06-30": "-3.00000", "2017-03-31": "-3.70000", "2016-12-31": "-4.60000", "2016-09-30": "-4.30000", "2016-06-30": "-4.50000", "2016-03-31": "-112.60000", "2015-12-31": "-149.90000", "2015-09-30": "-140.80000", "2015-06-30": "-125.80000", "2015-03-31": "-108.20000", "2014-12-31": "-49.50000", "2014-09-30": "11.70000", "2014-06-30": "85.80000", "2014-03-31": "80.80000", "2013-12-31": "52.10000", "2013-09-30": "59.00000", "2013-06-30": "19.60000", "2013-03-31": "120.20000", "2012-12-31": "131.90000", "2012-09-30": "129.70000", "2012-06-30": "57.40000", "2012-03-31": "59.00000", "2011-12-31": "36.70000", "2011-09-30": "170.40000", "2011-06-30": "197.00000", "2011-03-31": "180.40000", "2010-12-31": "118.40000", "2010-09-30": "162.80000", "2010-06-30": "-1.20000", "2010-03-31": "17.80000", "2009-12-31": "-3.50000", "2009-09-30": "20.60000", "2009-06-30": "-188.70000", "2009-03-31": "-341.80000", "2008-12-31": "-281.30000", "2008-09-30": "-120.60000", "2008-06-30": "93.40000", "2008-03-31": "140.40000", "2007-12-31": "303.70000", "2007-09-30": "260.60000", "2007-06-30": "195.90000", "2007-03-31": "248.80000", "2006-12-31": "231.80000", "2006-09-30": "173.80000", "2006-06-30": "60.20000", "2006-03-31": "162.80000", "2005-12-31": "208.10000", "2005-09-30": "267.90000", "2005-06-30": "388.70000", "2005-03-31": "336.20000"}, "Other Share Holders Equity": {"2020-09-30": "", "2020-06-30": "", "2020-03-31": "", "2019-12-31": "", "2019-09-30": "", "2019-06-30": "", "2019-03-31": "", "2018-12-31": "", "2018-09-30": "", "2018-06-30": "", "2018-03-31": "", "2017-12-31": "", "2017-09-30": "", "2017-06-30": "", "2017-03-31": "132.40000", "2016-12-31": "", "2016-09-30": "", "2016-06-30": "", "2016-03-31": "", "2015-12-31": "", "2015-09-30": "", "2015-06-30": "", "2015-03-31": "", "2014-12-31": "", "2014-09-30": "", "2014-06-30": "", "2014-03-31": "", "2013-12-31": "", "2013-09-30": "", "2013-06-30": "", "2013-03-31": "", "2012-12-31": "", "2012-09-30": "", "2012-06-30": "", "2012-03-31": "", "2011-12-31": "", "2011-09-30": "", "2011-06-30": "", "2011-03-31": "", "2010-12-31": "", "2010-09-30": "", "2010-06-30": "", "2010-03-31": "", "2009-12-31": "", "2009-09-30": "", "2009-06-30": "", "2009-03-31": "", "2008-12-31": "", "2008-09-30": "", "2008-06-30": "", "2008-03-31": "", "2007-12-31": "", "2007-09-30": "", "2007-06-30": "", "2007-03-31": "", "2006-12-31": "", "2006-09-30": "", "2006-06-30": "", "2006-03-31": "", "2005-12-31": "", "2005-09-30": "", "2005-06-30": "", "2005-03-31": ""}, "Share Holder Equity": {"2020-09-30": "3309.20000", "2020-06-30": "3063.30000", "2020-03-31": "2959.10000", "2019-12-31": "3144.70000", "2019-09-30": "3070.90000", "2019-06-30": "3007.90000", "2019-03-31": "2978.30000", "2018-12-31": "2718.20000", "2018-09-30": "2839.60000", "2018-06-30": "2797.50000", "2018-03-31": "3295.80000", "2017-12-31": "3360.80000", "2017-09-30": "3337.20000", "2017-06-30": "3764.10000", "2017-03-31": "3757.60000", "2016-12-31": "3716.00000", "2016-09-30": "3801.40000", "2016-06-30": "4099.40000", "2016-03-31": "4237.30000", "2015-12-31": "4368.00000", "2015-09-30": "4206.30000", "2015-06-30": "4458.50000", "2015-03-31": "4539.80000", "2014-12-31": "4538.40000", "2014-09-30": "4498.80000", "2014-06-30": "4608.60000", "2014-03-31": "4527.90000", "2013-12-31": "4397.40000", "2013-09-30": "4287.20000", "2013-06-30": "4190.40000", "2013-03-31": "4282.00000", "2012-12-31": "4258.20000", "2012-09-30": "4378.40000", "2012-06-30": "4334.50000", "2012-03-31": "4309.50000", "2011-12-31": "4667.90000", "2011-09-30": "4019.10000", "2011-06-30": "4215.80000", "2011-03-31": "4209.10000", "2010-12-31": "4260.80000", "2010-09-30": "4271.60000", "2010-06-30": "4160.40000", "2010-03-31": "4254.90000", "2009-12-31": "4341.50000", "2009-09-30": "4247.70000", "2009-06-30": "3851.40000", "2009-03-31": "3482.30000", "2008-12-31": "3512.50000", "2008-09-30": "4061.90000", "2008-06-30": "4597.30000", "2008-03-31": "4679.20000", "2007-12-31": "4713.40000", "2007-09-30": "4732.60000", "2007-06-30": "4575.30000", "2007-03-31": "4542.90000", "2006-12-31": "4455.30000", "2006-09-30": "4118.70000", "2006-06-30": "3864.30000", "2006-03-31": "3872.20000", "2005-12-31": "3833.20000", "2005-09-30": "3882.80000", "2005-06-30": "4091.80000", "2005-03-31": "3912.50000"}, "Total Liabilities And Share Holders Equity": {"2020-09-30": "4383.40000", "2020-06-30": "4000.30000", "2020-03-31": "3739.70000", "2019-12-31": "3983.20000", "2019-09-30": "3836.30000", "2019-06-30": "3752.20000", "2019-03-31": "3629.70000", "2018-12-31": "3362.60000", "2018-09-30": "3422.80000", "2018-06-30": "3368.10000", "2018-03-31": "3587.00000", "2017-12-31": "3659.20000", "2017-09-30": "3637.10000", "2017-06-30": "6786.20000", "2017-03-31": "6516.90000", "2016-12-31": "6520.20000", "2016-09-30": "6683.30000", "2016-06-30": "7065.60000", "2016-03-31": "10391.80000", "2015-12-31": "10282.60000", "2015-09-30": "10346.00000", "2015-06-30": "10429.30000", "2015-03-31": "10507.80000", "2014-12-31": "10455.70000", "2014-09-30": "12188.30000", "2014-06-30": "12357.90000", "2014-03-31": "12416.40000", "2013-12-31": "12144.30000", "2013-09-30": "12307.50000", "2013-06-30": "12283.70000", "2013-03-31": "12611.50000", "2012-12-31": "12895.40000", "2012-09-30": "13468.80000", "2012-06-30": "13280.50000", "2012-03-31": "13378.60000", "2011-12-31": "14064.00000", "2011-09-30": "14581.70000", "2011-06-30": "14202.50000", "2011-03-31": "14597.40000", "2010-12-31": "14534.10000", "2010-09-30": "14993.90000", "2010-06-30": "15502.70000", "2010-03-31": "15822.80000", "2009-12-31": "15443.20000", "2009-09-30": "15675.80000", "2009-06-30": "15551.00000", "2009-03-31": "15640.50000", "2008-12-31": "15895.80000", "2008-09-30": "17764.40000", "2008-06-30": "18703.80000", "2008-03-31": "19364.80000", "2007-12-31": "19082.60000", "2007-09-30": "19718.70000", "2007-06-30": "19184.30000", "2007-03-31": "19278.20000", "2006-12-31": "19443.70000", "2006-09-30": "18712.10000", "2006-06-30": "18728.00000", "2006-03-31": "19081.40000", "2005-12-31": "19418.10000", "2005-09-30": "19795.80000", "2005-06-30": "19184.70000", "2005-03-31": "18830.20000"}}, "cash flow statement": {"Net Income/Loss": {"2019-12-31": "376.60000", "2018-12-31": "-191.40000", "2017-12-31": "593.10000", "2016-12-31": "409.00000", "2015-12-31": "276.70000", "2014-12-31": "290.00000", "2013-12-31": "309.10000", "2012-12-31": "193.40000", "2011-12-31": "809.40000", "2010-12-31": "139.50000", "2009-12-31": "579.50000", "2008-12-31": "-629.70000", "2007-12-31": "504.10000", "2006-12-31": "673.20000", "2005-12-31": "290.10000"}, "Total Depreciation And Amortization - Cash Flow": {"2019-12-31": "40.30000", "2018-12-31": "38.70000", "2017-12-31": "37.20000", "2016-12-31": "38.90000", "2015-12-31": "18.70000", "2014-12-31": "35.30000", "2013-12-31": "28.60000", "2012-12-31": "50.80000", "2011-12-31": "", "2010-12-31": "", "2009-12-31": "", "2008-12-31": "", "2007-12-31": "", "2006-12-31": "", "2005-12-31": ""}, "Other Non-Cash Items": {"2019-12-31": "-595.10000", "2018-12-31": "117.10000", "2017-12-31": "-565.20000", "2016-12-31": "-484.90010", "2015-12-31": "-180.80000", "2014-12-31": "-356.70000", "2013-12-31": "-389.70000", "2012-12-31": "-280.30000", "2011-12-31": "-962.30000", "2010-12-31": "27.60000", "2009-12-31": "-173.00000", "2008-12-31": "630.20000", "2007-12-31": "-196.30000", "2006-12-31": "-367.50000", "2005-12-31": "-105.80000"}, "Total Non-Cash Items": {"2019-12-31": "-554.80000", "2018-12-31": "155.80000", "2017-12-31": "-528.00000", "2016-12-31": "-446.00000", "2015-12-31": "-162.10000", "2014-12-31": "-321.40000", "2013-12-31": "-361.10000", "2012-12-31": "-229.50000", "2011-12-31": "-962.30000", "2010-12-31": "27.60000", "2009-12-31": "-173.00000", "2008-12-31": "630.20000", "2007-12-31": "-196.30000", "2006-12-31": "-367.50000", "2005-12-31": "-105.80000"}, "Change In Accounts Receivable": {"2019-12-31": "", "2018-12-31": "", "2017-12-31": "", "2016-12-31": "", "2015-12-31": "", "2014-12-31": "-8.80000", "2013-12-31": "-2.60000", "2012-12-31": "-79.20000", "2011-12-31": "-42.40000", "2010-12-31": "-123.40000", "2009-12-31": "71.40000", "2008-12-31": "-8.10000", "2007-12-31": "50.70000", "2006-12-31": "111.10000", "2005-12-31": "-58.90000"}, "Change In Inventories": {"2019-12-31": "", "2018-12-31": "", "2017-12-31": "", "2016-12-31": "", "2015-12-31": "", "2014-12-31": "", "2013-12-31": "", "2012-12-31": "", "2011-12-31": "", "2010-12-31": "", "2009-12-31": "", "2008-12-31": "", "2007-12-31": "", "2006-12-31": "", "2005-12-31": ""}, "Change In Accounts Payable": {"2019-12-31": "35.80000", "2018-12-31": "39.20000", "2017-12-31": "54.50000", "2016-12-31": "31.70000", "2015-12-31": "23.90000", "2014-12-31": "54.10000", "2013-12-31": "-18.60000", "2012-12-31": "63.10000", "2011-12-31": "58.40000", "2010-12-31": "-20.30000", "2009-12-31": "-118.90000", "2008-12-31": "59.30000", "2007-12-31": "-36.60000", "2006-12-31": "113.80000", "2005-12-31": "-36.80000"}, "Change In Assets/Liabilities": {"2019-12-31": "21.90000", "2018-12-31": "-34.70000", "2017-12-31": "-25.00000", "2016-12-31": "-149.80000", "2015-12-31": "43.90000", "2014-12-31": "104.90000", "2013-12-31": "-27.80000", "2012-12-31": "-173.60000", "2011-12-31": "22.40000", "2010-12-31": "32.60000", "2009-12-31": "-405.70000", "2008-12-31": "37.40000", "2007-12-31": "23.90000", "2006-12-31": "-435.10000", "2005-12-31": "-373.60010"}, "Total Change In Assets/Liabilities": {"2019-12-31": "57.70000", "2018-12-31": "4.50000", "2017-12-31": "29.50000", "2016-12-31": "-118.10000", "2015-12-31": "67.80000", "2014-12-31": "150.20000", "2013-12-31": "-49.00000", "2012-12-31": "-189.70000", "2011-12-31": "38.40000", "2010-12-31": "-111.10000", "2009-12-31": "-453.20000", "2008-12-31": "88.60000", "2007-12-31": "38.00000", "2006-12-31": "-210.20000", "2005-12-31": "-469.30010"}, "Cash Flow From Operating Activities": {"2019-12-31": "-120.50000", "2018-12-31": "-31.10000", "2017-12-31": "94.60000", "2016-12-31": "-155.10000", "2015-12-31": "182.40000", "2014-12-31": "118.80000", "2013-12-31": "-101.00000", "2012-12-31": "-225.80000", "2011-12-31": "-114.50000", "2010-12-31": "56.00000", "2009-12-31": "-46.70000", "2008-12-31": "89.10000", "2007-12-31": "345.80000", "2006-12-31": "95.50000", "2005-12-31": "-285.00000"}, "Net Change In Property, Plant, And Equipment": {"2019-12-31": "", "2018-12-31": "", "2017-12-31": "", "2016-12-31": "", "2015-12-31": "", "2014-12-31": "-4.50000", "2013-12-31": "-11.70000", "2012-12-31": "-2.30000", "2011-12-31": "-5.50000", "2010-12-31": "-5.80000", "2009-12-31": "-7.60000", "2008-12-31": "-9.60000", "2007-12-31": "-26.20000", "2006-12-31": "-19.80000", "2005-12-31": "-38.50000"}, "Net Change In Intangible Assets": {"2019-12-31": "", "2018-12-31": "", "2017-12-31": "", "2016-12-31": "", "2015-12-31": "", "2014-12-31": "", "2013-12-31": "", "2012-12-31": "", "2011-12-31": "", "2010-12-31": "", "2009-12-31": "", "2008-12-31": "", "2007-12-31": "", "2006-12-31": "32.00000", "2005-12-31": ""}, "Net Acquisitions/Divestitures": {"2019-12-31": "-258.00000", "2018-12-31": "-295.20000", "2017-12-31": "1103.40000", "2016-12-31": "2632.80000", "2015-12-31": "21.40000", "2014-12-31": "-205.00000", "2013-12-31": "32.40000", "2012-12-31": "-16.50000", "2011-12-31": "1285.60000", "2010-12-31": "135.30000", "2009-12-31": "-123.10000", "2008-12-31": "-212.70000", "2007-12-31": "38.50000", "2006-12-31": "738.40000", "2005-12-31": "180.70000"}, "Net Change In Short-term Investments": {"2019-12-31": "21.90000", "2018-12-31": "-39.00000", "2017-12-31": "-1.70000", "2016-12-31": "-27.20000", "2015-12-31": "6.90000", "2014-12-31": "-138.00000", "2013-12-31": "64.60000", "2012-12-31": "145.30000", "2011-12-31": "174.50000", "2010-12-31": "475.60000", "2009-12-31": "218.40000", "2008-12-31": "-1005.60000", "2007-12-31": "16.00000", "2006-12-31": "-526.20000", "2005-12-31": "295.30000"}, "Net Change In Long-Term Investments": {"2019-12-31": "203.50000", "2018-12-31": "769.99990", "2017-12-31": "-371.50020", "2016-12-31": "-1031.40000", "2015-12-31": "74.70000", "2014-12-31": "477.00000", "2013-12-31": "236.40010", "2012-12-31": "725.49950", "2011-12-31": "-530.19970", "2010-12-31": "-109.80030", "2009-12-31": "236.69970", "2008-12-31": "2185.70000", "2007-12-31": "-130.10060", "2006-12-31": "-605.09960", "2005-12-31": "-110.59960"}, "Net Change In Investments - Total": {"2019-12-31": "225.40000", "2018-12-31": "730.99990", "2017-12-31": "-373.20030", "2016-12-31": "-1058.60000", "2015-12-31": "81.60000", "2014-12-31": "339.00000", "2013-12-31": "301.00020", "2012-12-31": "870.79950", "2011-12-31": "-355.69970", "2010-12-31": "365.79970", "2009-12-31": "455.09970", "2008-12-31": "1180.10000", "2007-12-31": "-114.10060", "2006-12-31": "-1131.30000", "2005-12-31": "184.70040"}, "Investing Activities - Other": {"2019-12-31": "-27.30000", "2018-12-31": "23.40000", "2017-12-31": "-11.70000", "2016-12-31": "-297.40000", "2015-12-31": "-91.70000", "2014-12-31": "-81.60000", "2013-12-31": "80.10000", "2012-12-31": "-22.40000", "2011-12-31": "-124.80000", "2010-12-31": "-10.00000", "2009-12-31": "40.70000", "2008-12-31": "84.00000", "2007-12-31": "-213.00000", "2006-12-31": "36.60000", "2005-12-31": "10.70000"}, "Cash Flow From Investing Activities": {"2019-12-31": "-59.90000", "2018-12-31": "459.20000", "2017-12-31": "718.50000", "2016-12-31": "1276.80000", "2015-12-31": "11.30000", "2014-12-31": "47.90000", "2013-12-31": "401.80000", "2012-12-31": "829.60000", "2011-12-31": "799.60000", "2010-12-31": "485.30000", "2009-12-31": "365.10000", "2008-12-31": "1041.80000", "2007-12-31": "-314.80000", "2006-12-31": "-344.10000", "2005-12-31": "337.60000"}, "Net Long-Term Debt": {"2019-12-31": "183.50000", "2018-12-31": "68.70000", "2017-12-31": "11.00000", "2016-12-31": "-52.10000", "2015-12-31": "95.40000", "2014-12-31": "63.10000", "2013-12-31": "-80.70000", "2012-12-31": "66.10000", "2011-12-31": "-138.50000", "2010-12-31": "-211.30000", "2009-12-31": "-305.90000", "2008-12-31": "175.70000", "2007-12-31": "72.40000", "2006-12-31": "327.40000", "2005-12-31": "18.40000"}, "Net Current Debt": {"2019-12-31": "", "2018-12-31": "", "2017-12-31": "", "2016-12-31": "", "2015-12-31": "", "2014-12-31": "", "2013-12-31": "", "2012-12-31": "", "2011-12-31": "", "2010-12-31": "", "2009-12-31": "", "2008-12-31": "", "2007-12-31": "", "2006-12-31": "", "2005-12-31": ""}, "Debt Issuance/Retirement Net - Total": {"2019-12-31": "183.50000", "2018-12-31": "68.70000", "2017-12-31": "11.00000", "2016-12-31": "-52.10000", "2015-12-31": "95.40000", "2014-12-31": "63.10000", "2013-12-31": "-80.70000", "2012-12-31": "66.10000", "2011-12-31": "-138.50000", "2010-12-31": "-211.30000", "2009-12-31": "-305.90000", "2008-12-31": "175.70000", "2007-12-31": "72.40000", "2006-12-31": "327.40000", "2005-12-31": "18.40000"}, "Net Common Equity Issued/Repurchased": {"2019-12-31": "41.60000", "2018-12-31": "-513.60000", "2017-12-31": "-715.30000", "2016-12-31": "-877.60000", "2015-12-31": "-277.70000", "2014-12-31": "-129.90000", "2013-12-31": "-79.80000", "2012-12-31": "-669.10000", "2011-12-31": "-252.10000", "2010-12-31": "-235.40000", "2009-12-31": "0.50000", "2008-12-31": "-127.50000", "2007-12-31": "-178.80000", "2006-12-31": "0.60000", "2005-12-31": "1.10000"}, "Net Total Equity Issued/Repurchased": {"2019-12-31": "41.60000", "2018-12-31": "-513.60000", "2017-12-31": "-715.30000", "2016-12-31": "-877.60000", "2015-12-31": "-277.70000", "2014-12-31": "-129.90000", "2013-12-31": "-79.80000", "2012-12-31": "-669.10000", "2011-12-31": "-252.10000", "2010-12-31": "-235.40000", "2009-12-31": "0.50000", "2008-12-31": "-427.50000", "2007-12-31": "47.80000", "2006-12-31": "0.60000", "2005-12-31": "1.10000"}, "Total Common And Preferred Stock Dividends Paid": {"2019-12-31": "-3.20000", "2018-12-31": "-3.80000", "2017-12-31": "-4.60000", "2016-12-31": "-5.40000", "2015-12-31": "-6.00000", "2014-12-31": "-6.20000", "2013-12-31": "-26.10000", "2012-12-31": "-45.20000", "2011-12-31": "-69.60000", "2010-12-31": "-103.50000", "2009-12-31": "-47.30000", "2008-12-31": "-142.40000", "2007-12-31": "-150.20000", "2006-12-31": "-116.50000", "2005-12-31": "-116.50000"}, "Financial Activities - Other": {"2019-12-31": "8.60000", "2018-12-31": "34.40000", "2017-12-31": "9.90000", "2016-12-31": "-13.30000", "2015-12-31": "-33.00000", "2014-12-31": "-56.60000", "2013-12-31": "0.10000", "2012-12-31": "", "2011-12-31": "", "2010-12-31": "", "2009-12-31": "-7.50000", "2008-12-31": "-707.90000", "2007-12-31": "-2.40000", "2006-12-31": "", "2005-12-31": ""}, "Cash Flow From Financial Activities": {"2019-12-31": "230.50000", "2018-12-31": "-414.30000", "2017-12-31": "-699.00000", "2016-12-31": "-948.40000", "2015-12-31": "-221.30000", "2014-12-31": "-129.60000", "2013-12-31": "-186.50000", "2012-12-31": "-648.20000", "2011-12-31": "-460.20000", "2010-12-31": "-550.20000", "2009-12-31": "-360.20000", "2008-12-31": "-1102.10000", "2007-12-31": "-32.40000", "2006-12-31": "211.50000", "2005-12-31": "-97.00000"}, "Net Cash Flow": {"2019-12-31": "50.70000", "2018-12-31": "13.20000", "2017-12-31": "16.00000", "2016-12-31": "7.90000", "2015-12-31": "-74.80000", "2014-12-31": "-0.80000", "2013-12-31": "114.60000", "2012-12-31": "-39.30000", "2011-12-31": "148.30000", "2010-12-31": "-16.30000", "2009-12-31": "-38.80000", "2008-12-31": "21.10000", "2007-12-31": "3.80000", "2006-12-31": "-28.70000", "2005-12-31": "-55.40000"}, "Stock-Based Compensation": {"2019-12-31": "", "2018-12-31": "", "2017-12-31": "", "2016-12-31": "", "2015-12-31": "", "2014-12-31": "", "2013-12-31": "", "2012-12-31": "", "2011-12-31": "", "2010-12-31": "", "2009-12-31": "", "2008-12-31": "", "2007-12-31": "", "2006-12-31": "", "2005-12-31": ""}, "Common Stock Dividends Paid": {"2019-12-31": "-3.20000", "2018-12-31": "-3.80000", "2017-12-31": "-4.60000", "2016-12-31": "-5.40000", "2015-12-31": "-6.00000", "2014-12-31": "-6.20000", "2013-12-31": "-26.10000", "2012-12-31": "-26.40000", "2011-12-31": "-69.60000", "2010-12-31": "-84.70000", "2009-12-31": "-28.50000", "2008-12-31": "-111.80000", "2007-12-31": "-109.60000", "2006-12-31": "-86.20000", "2005-12-31": "-86.20000"}}, "cash flow statement, quarterly": {"Net Income/Loss": {"2020-09-30": 222, "2020-06-30": 107.6, "2020-03-31": "-139.60000", "2019-12-31": 45.3, "2019-09-30": 43.2, "2019-06-30": 15.9, "2019-03-31": "272.20000", "2018-12-31": -140.5, "2018-09-30": 30.6, "2018-06-30": -14.9, "2018-03-31": "-66.60000", "2017-12-31": 12, "2017-09-30": 551.5, "2017-06-30": 1.6, "2017-03-31": "28.00000", "2016-12-31": -56.3, "2016-09-30": 83.5, "2016-06-30": 362.5, "2016-03-31": "19.30000", "2015-12-31": 271.2, "2015-09-30": -74.9, "2015-06-30": 3.4, "2015-03-31": "77.00000", "2014-12-31": 54.9, "2014-09-30": 40.1, "2014-06-30": 100.1, "2014-03-31": "94.90000", "2013-12-31": 117.9, "2013-09-30": 56.1, "2013-06-30": 15.2, "2013-03-31": "119.90000", "2012-12-31": 56.2, "2012-09-30": -11.6, "2012-06-30": 38.2, "2012-03-31": "110.60000", "2011-12-31": 820.5, "2011-09-30": -26.8, "2011-06-30": 32.5, "2011-03-31": "-16.80000", "2010-12-31": 89.5, "2010-09-30": 75, "2010-06-30": 13.2, "2010-03-31": "-38.20000", "2009-12-31": 126, "2009-09-30": 192.7, "2009-06-30": 223.8, "2009-03-31": "37.00000", "2008-12-31": -246.4, "2008-09-30": -329.5, "2008-06-30": 3, "2008-03-31": "-56.80000", "2007-12-31": 197.9, "2007-09-30": 111.4, "2007-06-30": 102.6, "2007-03-31": "92.20000", "2006-12-31": 299.3, "2006-09-30": 162.1, "2006-06-30": 115.8, "2006-03-31": "96.00000", "2005-12-31": 33.3, "2005-09-30": -66.3, "2005-06-30": 146.8, "2005-03-31": "176.30000"}, "Total Depreciation And Amortization - Cash Flow": {"2020-09-30": 13.3, "2020-06-30": 13.9, "2020-03-31": "12.20000", "2019-12-31": 12.2, "2019-09-30": 10.7, "2019-06-30": 6.3, "2019-03-31": "11.10000", "2018-12-31": 10.6, "2018-09-30": 12.8, "2018-06-30": 7.3, "2018-03-31": "8.00000", "2017-12-31": 11.3, "2017-09-30": 7, "2017-06-30": 11.3, "2017-03-31": "7.60000", "2016-12-31": 25.6, "2016-09-30": 4.5, "2016-06-30": -2.6, "2016-03-31": "11.40000", "2015-12-31": -13.1, "2015-09-30": 10.9, "2015-06-30": 5.6, "2015-03-31": "15.30000", "2014-12-31": 7.7, "2014-09-30": -4.9, "2014-06-30": 17.1, "2014-03-31": "15.40000", "2013-12-31": 28.6, "2013-09-30": 0, "2013-06-30": 0, "2013-03-31": "", "2012-12-31": 50.8, "2012-09-30": 0, "2012-06-30": 0, "2012-03-31": "", "2011-12-31": 0, "2011-09-30": 0, "2011-06-30": 0, "2011-03-31": "", "2010-12-31": 0, "2010-09-30": 0, "2010-06-30": 0, "2010-03-31": "", "2009-12-31": 0, "2009-09-30": 0, "2009-06-30": 0, "2009-03-31": "", "2008-12-31": 0, "2008-09-30": 0, "2008-06-30": 0, "2008-03-31": "", "2007-12-31": 0, "2007-09-30": 0, "2007-06-30": 0, "2007-03-31": "", "2006-12-31": 0, "2006-09-30": 0, "2006-06-30": 0, "2006-03-31": "", "2005-12-31": 0, "2005-09-30": 0, "2005-06-30": 0, "2005-03-31": ""}, "Other Non-Cash Items": {"2020-09-30": -215.4, "2020-06-30": -163.1, "2020-03-31": "106.90000", "2019-12-31": -115.2, "2019-09-30": -134.9, "2019-06-30": -40, "2019-03-31": "-305.00000", "2018-12-31": 127.5, "2018-09-30": -52, "2018-06-30": -11.3, "2018-03-31": "52.90000", "2017-12-31": -39.6, "2017-09-30": -504, "2017-06-30": 50.3, "2017-03-31": "-71.90000", "2016-12-31": 35.7999, "2016-09-30": -5.8, "2016-06-30": -448.6, "2016-03-31": "-66.30000", "2015-12-31": -105.8, "2015-09-30": 55.2, "2015-06-30": -9.5, "2015-03-31": "-120.70000", "2014-12-31": -138.1, "2014-09-30": -3.7, "2014-06-30": -144.2, "2014-03-31": "-70.70000", "2013-12-31": -175.9, "2013-09-30": -60.7, "2013-06-30": -23.4, "2013-03-31": "-129.70000", "2012-12-31": -143, "2012-09-30": -16, "2012-06-30": -27, "2012-03-31": "-94.30000", "2011-12-31": -756.3, "2011-09-30": -141.5, "2011-06-30": -39.4, "2011-03-31": "-25.10000", "2010-12-31": 106.3, "2010-09-30": -0.1, "2010-06-30": 21.2, "2010-03-31": "-99.80000", "2009-12-31": 189.3, "2009-09-30": -170.7, "2009-06-30": -214.9, "2009-03-31": "23.30000", "2008-12-31": 7.4, "2008-09-30": 449.9, "2008-06-30": 67.4, "2008-03-31": "105.50000", "2007-12-31": -72.8, "2007-09-30": -5.9, "2007-06-30": -62.7, "2007-03-31": "-54.90000", "2006-12-31": -170.2, "2006-09-30": -65.1, "2006-06-30": -106.6, "2006-03-31": "-25.60000", "2005-12-31": 13.5, "2005-09-30": -18.9, "2005-06-30": -63.3, "2005-03-31": "-37.10000"}, "Total Non-Cash Items": {"2020-09-30": -202.1, "2020-06-30": -149.2, "2020-03-31": "119.10000", "2019-12-31": -103, "2019-09-30": -124.2, "2019-06-30": -33.7, "2019-03-31": "-293.90000", "2018-12-31": 138.1, "2018-09-30": -39.2, "2018-06-30": -4, "2018-03-31": "60.90000", "2017-12-31": -28.3, "2017-09-30": -497, "2017-06-30": 61.6, "2017-03-31": "-64.30000", "2016-12-31": 61.4, "2016-09-30": -1.3, "2016-06-30": -451.2, "2016-03-31": "-54.90000", "2015-12-31": -118.9, "2015-09-30": 66.1, "2015-06-30": -3.9, "2015-03-31": "-105.40000", "2014-12-31": -130.4, "2014-09-30": -8.6, "2014-06-30": -127.1, "2014-03-31": "-55.30000", "2013-12-31": -147.3, "2013-09-30": -60.7, "2013-06-30": -23.4, "2013-03-31": "-129.70000", "2012-12-31": -92.2, "2012-09-30": -16, "2012-06-30": -27, "2012-03-31": "-94.30000", "2011-12-31": -756.3, "2011-09-30": -141.5, "2011-06-30": -39.4, "2011-03-31": "-25.10000", "2010-12-31": 106.3, "2010-09-30": -0.1, "2010-06-30": 21.2, "2010-03-31": "-99.80000", "2009-12-31": 189.3, "2009-09-30": -170.7, "2009-06-30": -214.9, "2009-03-31": "23.30000", "2008-12-31": 7.4, "2008-09-30": 449.9, "2008-06-30": 67.4, "2008-03-31": "105.50000", "2007-12-31": -72.8, "2007-09-30": -5.9, "2007-06-30": -62.7, "2007-03-31": "-54.90000", "2006-12-31": -170.2, "2006-09-30": -65.1, "2006-06-30": -106.6, "2006-03-31": "-25.60000", "2005-12-31": 13.5, "2005-09-30": -18.9, "2005-06-30": -63.3, "2005-03-31": "-37.10000"}, "Change In Accounts Receivable": {"2020-09-30": 9, "2020-06-30": -2.3, "2020-03-31": "-0.70000", "2019-12-31": 9.4, "2019-09-30": 4.2, "2019-06-30": -5.7, "2019-03-31": "-7.90000", "2018-12-31": 0, "2018-09-30": 0, "2018-06-30": 0, "2018-03-31": "", "2017-12-31": 0, "2017-09-30": 0, "2017-06-30": 0, "2017-03-31": "", "2016-12-31": 0, "2016-09-30": 0, "2016-06-30": 11, "2016-03-31": "-11.00000", "2015-12-31": 32, "2015-09-30": 20.5, "2015-06-30": -34.2, "2015-03-31": "-18.30000", "2014-12-31": -8.8, "2014-09-30": 195.6, "2014-06-30": 16.8, "2014-03-31": "-212.40000", "2013-12-31": 141.2, "2013-09-30": 47.9, "2013-06-30": -12, "2013-03-31": "-179.70000", "2012-12-31": 127.7, "2012-09-30": 61.5, "2012-06-30": -26.3, "2012-03-31": "-242.10000", "2011-12-31": 122.6, "2011-09-30": -38, "2011-06-30": 38.4, "2011-03-31": "-165.40000", "2010-12-31": -22.7, "2010-09-30": 78.1, "2010-06-30": 40.4, "2010-03-31": "-219.20000", "2009-12-31": -123.7, "2009-09-30": 100.6, "2009-06-30": 208.9, "2009-03-31": "-114.40000", "2008-12-31": -151.3, "2008-09-30": 31.2, "2008-06-30": 114.5, "2008-03-31": "-2.50000", "2007-12-31": -448.7, "2007-09-30": 167, "2007-06-30": 261.5, "2007-03-31": "70.90000", "2006-12-31": -424.4, "2006-09-30": 229.2, "2006-06-30": 240.6, "2006-03-31": "65.70000", "2005-12-31": 1238, "2005-09-30": -681.9, "2005-06-30": -627.3, "2005-03-31": "12.30000"}, "Change In Inventories": {"2020-09-30": 0, "2020-06-30": 0, "2020-03-31": "", "2019-12-31": 0, "2019-09-30": 0, "2019-06-30": 0, "2019-03-31": "", "2018-12-31": 0, "2018-09-30": 0, "2018-06-30": 0, "2018-03-31": "", "2017-12-31": 0, "2017-09-30": 0, "2017-06-30": 0, "2017-03-31": "", "2016-12-31": 0, "2016-09-30": 0, "2016-06-30": 0, "2016-03-31": "", "2015-12-31": 0, "2015-09-30": 0, "2015-06-30": 0, "2015-03-31": "", "2014-12-31": 0, "2014-09-30": 0, "2014-06-30": 0, "2014-03-31": "", "2013-12-31": 0, "2013-09-30": 0, "2013-06-30": 0, "2013-03-31": "", "2012-12-31": 0, "2012-09-30": 0, "2012-06-30": 0, "2012-03-31": "", "2011-12-31": 0, "2011-09-30": 0, "2011-06-30": 0, "2011-03-31": "", "2010-12-31": 0, "2010-09-30": 0, "2010-06-30": 0, "2010-03-31": "", "2009-12-31": 0, "2009-09-30": 0, "2009-06-30": 0, "2009-03-31": "", "2008-12-31": 0, "2008-09-30": 0, "2008-06-30": 0, "2008-03-31": "", "2007-12-31": 0, "2007-09-30": 0, "2007-06-30": 0, "2007-03-31": "", "2006-12-31": 0, "2006-09-30": 0, "2006-06-30": 0, "2006-03-31": "", "2005-12-31": 0, "2005-09-30": 0, "2005-06-30": 0, "2005-03-31": ""}, "Change In Accounts Payable": {"2020-09-30": -14.4, "2020-06-30": 35.5, "2020-03-31": "12.80000", "2019-12-31": -7.1, "2019-09-30": -10.4, "2019-06-30": 33.5, "2019-03-31": "19.80000", "2018-12-31": 19.8, "2018-09-30": 0.7, "2018-06-30": 15.3, "2018-03-31": "3.40000", "2017-12-31": 18.3, "2017-09-30": 8.6, "2017-06-30": 10.2, "2017-03-31": "17.40000", "2016-12-31": 11.6, "2016-09-30": 7.3, "2016-06-30": 5.7, "2016-03-31": "7.10000", "2015-12-31": -7.2, "2015-09-30": 17.5, "2015-06-30": 7.5, "2015-03-31": "6.10000", "2014-12-31": -36.3, "2014-09-30": -51, "2014-06-30": -15.7, "2014-03-31": "157.10000", "2013-12-31": -79.2, "2013-09-30": 2.8, "2013-06-30": -35.9, "2013-03-31": "93.70000", "2012-12-31": -121.4, "2012-09-30": 8.5, "2012-06-30": 15.1, "2012-03-31": "160.90000", "2011-12-31": -107, "2011-09-30": 40.2, "2011-06-30": 7.5, "2011-03-31": "117.70000", "2010-12-31": 97.3, "2010-09-30": -81.5, "2010-06-30": -114, "2010-03-31": "77.90000", "2009-12-31": -116.7, "2009-09-30": -50.9, "2009-06-30": -44.6, "2009-03-31": "93.30000", "2008-12-31": -87.2, "2008-09-30": 58.2, "2008-06-30": 22.4, "2008-03-31": "65.90000", "2007-12-31": -134.5, "2007-09-30": -9.2, "2007-06-30": -14, "2007-03-31": "121.10000", "2006-12-31": -119.5, "2006-09-30": 66, "2006-06-30": 23.7, "2006-03-31": "143.60000", "2005-12-31": -129.9, "2005-09-30": 78.9, "2005-06-30": -75.9, "2005-03-31": "90.10000"}, "Change In Assets/Liabilities": {"2020-09-30": 36.6, "2020-06-30": 29.3, "2020-03-31": "-51.40000", "2019-12-31": 7.4, "2019-09-30": 12.9, "2019-06-30": 32.9, "2019-03-31": "-31.30000", "2018-12-31": -18, "2018-09-30": 2.8, "2018-06-30": 22.9, "2018-03-31": "-42.40000", "2017-12-31": 0, "2017-09-30": 8.4, "2017-06-30": 3.8, "2017-03-31": "-37.20000", "2016-12-31": -35.2, "2016-09-30": -44, "2016-06-30": -23.5, "2016-03-31": "-47.10000", "2015-12-31": -82, "2015-09-30": 93.8, "2015-06-30": 49.2, "2015-03-31": "-17.10000", "2014-12-31": 116.1, "2014-09-30": -10.4, "2014-06-30": 30.7, "2014-03-31": "-31.50000", "2013-12-31": -62.8, "2013-09-30": 147.5, "2013-06-30": 16.6, "2013-03-31": "-129.10000", "2012-12-31": -67.5, "2012-09-30": 112.8, "2012-06-30": 49.5, "2012-03-31": "-268.40000", "2011-12-31": -234.9, "2011-09-30": 342.3, "2011-06-30": -45, "2011-03-31": "-40.00000", "2010-12-31": -193.4, "2010-09-30": -147.1, "2010-06-30": 165.3, "2010-03-31": "207.80000", "2009-12-31": -78.2, "2009-09-30": 98.5, "2009-06-30": -354.3, "2009-03-31": "-71.70000", "2008-12-31": 431.4, "2008-09-30": -14, "2008-06-30": -241, "2008-03-31": "-139.00000", "2007-12-31": 641.2, "2007-09-30": -32.1, "2007-06-30": -214.3, "2007-03-31": "-370.90000", "2006-12-31": 449.2, "2006-09-30": -181.4, "2006-06-30": -277.6, "2006-03-31": "-425.30000", "2005-12-31": -1408.0001, "2005-09-30": 913.3, "2005-06-30": 603.1, "2005-03-31": "-482.00000"}, "Total Change In Assets/Liabilities": {"2020-09-30": 31.2, "2020-06-30": 62.5, "2020-03-31": "-39.30000", "2019-12-31": 9.7, "2019-09-30": 6.7, "2019-06-30": 60.7, "2019-03-31": "-19.40000", "2018-12-31": 1.8, "2018-09-30": 3.5, "2018-06-30": 38.2, "2018-03-31": "-39.00000", "2017-12-31": 18.3, "2017-09-30": 17, "2017-06-30": 14, "2017-03-31": "-19.80000", "2016-12-31": -23.6, "2016-09-30": -36.7, "2016-06-30": -6.8, "2016-03-31": "-51.00000", "2015-12-31": -57.2, "2015-09-30": 131.8, "2015-06-30": 22.5, "2015-03-31": "-29.30000", "2014-12-31": 71, "2014-09-30": 134.2, "2014-06-30": 31.8, "2014-03-31": "-86.80000", "2013-12-31": -0.8, "2013-09-30": 198.2, "2013-06-30": -31.3, "2013-03-31": "-215.10000", "2012-12-31": -61.2, "2012-09-30": 182.8, "2012-06-30": 38.3, "2012-03-31": "-349.60000", "2011-12-31": -219.3, "2011-09-30": 344.5, "2011-06-30": 0.9, "2011-03-31": "-87.70000", "2010-12-31": -118.8, "2010-09-30": -150.5, "2010-06-30": 91.7, "2010-03-31": "66.50000", "2009-12-31": -318.6, "2009-09-30": 148.2, "2009-06-30": -190, "2009-03-31": "-92.80000", "2008-12-31": 192.9, "2008-09-30": 75.4, "2008-06-30": -104.1, "2008-03-31": "-75.60000", "2007-12-31": 58.0001, "2007-09-30": 125.6999, "2007-06-30": 33.2, "2007-03-31": "-178.90000", "2006-12-31": -94.6999, "2006-09-30": 113.7999, "2006-06-30": -13.3, "2006-03-31": "-216.00000", "2005-12-31": -299.9001, "2005-09-30": 310.3, "2005-06-30": -100.1, "2005-03-31": "-379.60000"}, "Cash Flow From Operating Activities": {"2020-09-30": 51.1, "2020-06-30": 20.9, "2020-03-31": "-59.80000", "2019-12-31": -48, "2019-09-30": -74.3, "2019-06-30": 42.9, "2019-03-31": "-41.10000", "2018-12-31": -0.6, "2018-09-30": -5.1, "2018-06-30": 19.3, "2018-03-31": "-44.70000", "2017-12-31": 2, "2017-09-30": 71.5, "2017-06-30": 77.2, "2017-03-31": "-56.10000", "2016-12-31": -18.5, "2016-09-30": 45.5, "2016-06-30": -95.5, "2016-03-31": "-86.60000", "2015-12-31": 95.1, "2015-09-30": 123, "2015-06-30": 22, "2015-03-31": "-57.70000", "2014-12-31": -4.5, "2014-09-30": 165.7, "2014-06-30": 4.8, "2014-03-31": "-47.20000", "2013-12-31": -30.2, "2013-09-30": 193.6, "2013-06-30": -39.5, "2013-03-31": "-224.90000", "2012-12-31": -97.2, "2012-09-30": 155.2, "2012-06-30": 49.5, "2012-03-31": "-333.30000", "2011-12-31": -155.1, "2011-09-30": 176.2, "2011-06-30": -6, "2011-03-31": "-129.60000", "2010-12-31": 77, "2010-09-30": -75.6, "2010-06-30": 126.1, "2010-03-31": "-71.50000", "2009-12-31": -3.3, "2009-09-30": 170.2, "2009-06-30": -181.1, "2009-03-31": "-32.50000", "2008-12-31": -46.1, "2008-09-30": 195.8, "2008-06-30": -33.7, "2008-03-31": "-26.90000", "2007-12-31": 183.1, "2007-09-30": 231.2, "2007-06-30": 73.1, "2007-03-31": "-141.60000", "2006-12-31": 34.4, "2006-09-30": 210.8, "2006-06-30": -4.1, "2006-03-31": "-145.60000", "2005-12-31": -253.1, "2005-09-30": 225.1, "2005-06-30": -16.6, "2005-03-31": "-240.40000"}, "Net Change In Property, Plant, And Equipment": {"2020-09-30": 0, "2020-06-30": 0, "2020-03-31": "", "2019-12-31": 0, "2019-09-30": 0, "2019-06-30": 0, "2019-03-31": "", "2018-12-31": 0, "2018-09-30": 0, "2018-06-30": 0, "2018-03-31": "", "2017-12-31": 0, "2017-09-30": 0.1, "2017-06-30": -0.1, "2017-03-31": "", "2016-12-31": 0.9, "2016-09-30": 0.7, "2016-06-30": -0.3, "2016-03-31": "-1.30000", "2015-12-31": -37, "2015-09-30": -17.9, "2015-06-30": 58.9, "2015-03-31": "-4.00000", "2014-12-31": -1.2, "2014-09-30": 0.6, "2014-06-30": -3.4, "2014-03-31": "-0.50000", "2013-12-31": -1.3, "2013-09-30": -4.2, "2013-06-30": -2.7, "2013-03-31": "-3.50000", "2012-12-31": -0.8, "2012-09-30": -0.7, "2012-06-30": -0.2, "2012-03-31": "-0.60000", "2011-12-31": -2.2, "2011-09-30": 0.8, "2011-06-30": -1.9, "2011-03-31": "-2.20000", "2010-12-31": -2.6, "2010-09-30": -2.2, "2010-06-30": 0, "2010-03-31": "-1.00000", "2009-12-31": 4.6, "2009-09-30": -6.7, "2009-06-30": -2.8, "2009-03-31": "-2.70000", "2008-12-31": -0.3, "2008-09-30": -2.8, "2008-06-30": -3.2, "2008-03-31": "-3.30000", "2007-12-31": -6.3, "2007-09-30": -7.2, "2007-06-30": -9, "2007-03-31": "-3.70000", "2006-12-31": -7.9, "2006-09-30": -3.4, "2006-06-30": -2.2, "2006-03-31": "-6.30000", "2005-12-31": -2.1, "2005-09-30": -4.5, "2005-06-30": -31.1, "2005-03-31": "-0.80000"}, "Net Change In Intangible Assets": {"2020-09-30": 0, "2020-06-30": 0, "2020-03-31": "", "2019-12-31": 0, "2019-09-30": 0, "2019-06-30": 0, "2019-03-31": "", "2018-12-31": 0, "2018-09-30": 0, "2018-06-30": 0, "2018-03-31": "", "2017-12-31": 0, "2017-09-30": 0, "2017-06-30": 0, "2017-03-31": "", "2016-12-31": 0, "2016-09-30": 0, "2016-06-30": 0, "2016-03-31": "", "2015-12-31": 0, "2015-09-30": 0, "2015-06-30": 0, "2015-03-31": "", "2014-12-31": 0, "2014-09-30": 0, "2014-06-30": 0, "2014-03-31": "", "2013-12-31": 0, "2013-09-30": 0, "2013-06-30": 0, "2013-03-31": "", "2012-12-31": 0, "2012-09-30": 0, "2012-06-30": 0, "2012-03-31": "", "2011-12-31": 0, "2011-09-30": 0, "2011-06-30": 0, "2011-03-31": "", "2010-12-31": 0, "2010-09-30": 0, "2010-06-30": 0, "2010-03-31": "", "2009-12-31": 0, "2009-09-30": 0, "2009-06-30": 0, "2009-03-31": "", "2008-12-31": 0, "2008-09-30": 0, "2008-06-30": 0, "2008-03-31": "", "2007-12-31": 0, "2007-09-30": 0, "2007-06-30": 0, "2007-03-31": "", "2006-12-31": 0, "2006-09-30": 32, "2006-06-30": 0, "2006-03-31": "", "2005-12-31": 0, "2005-09-30": 0, "2005-06-30": 0, "2005-03-31": ""}, "Net Acquisitions/Divestitures": {"2020-09-30": -9.1, "2020-06-30": -120.3, "2020-03-31": "", "2019-12-31": -14.6, "2019-09-30": 0, "2019-06-30": -233.8, "2019-03-31": "-9.60000", "2018-12-31": -43.1, "2018-09-30": 0, "2018-06-30": -252.1, "2018-03-31": "", "2017-12-31": -27.6, "2017-09-30": 1131, "2017-06-30": 0, "2017-03-31": "", "2016-12-31": -10.7, "2016-09-30": 403.1, "2016-06-30": 2248.5, "2016-03-31": "-8.10000", "2015-12-31": -0.2, "2015-09-30": 0, "2015-06-30": 24, "2015-03-31": "-2.40000", "2014-12-31": -172.8, "2014-09-30": -12.8, "2014-06-30": 0, "2014-03-31": "-19.40000", "2013-12-31": 10.3, "2013-09-30": 0, "2013-06-30": 0, "2013-03-31": "22.10000", "2012-12-31": -26.3, "2012-09-30": 9.8, "2012-06-30": 0, "2012-03-31": "", "2011-12-31": 1534.1, "2011-09-30": -189.8, "2011-06-30": -2.3, "2011-03-31": "-56.40000", "2010-12-31": -9.6, "2010-09-30": 167, "2010-06-30": -17.2, "2010-03-31": "-4.90000", "2009-12-31": -123.1, "2009-09-30": 0, "2009-06-30": 0, "2009-03-31": "", "2008-12-31": 7.5, "2008-09-30": -51.8, "2008-06-30": 9.4, "2008-03-31": "-177.80000", "2007-12-31": 42.9, "2007-09-30": 47.2, "2007-06-30": -68.3, "2007-03-31": "16.70000", "2006-12-31": 617.3, "2006-09-30": 121.1, "2006-06-30": 0, "2006-03-31": "", "2005-12-31": 0.1, "2005-09-30": 180.6, "2005-06-30": 0, "2005-03-31": ""}, "Net Change In Short-term Investments": {"2020-09-30": -454.3, "2020-06-30": 20.1, "2020-03-31": "63.90000", "2019-12-31": 76.4, "2019-09-30": -85.4, "2019-06-30": 86.2, "2019-03-31": "-55.30000", "2018-12-31": 99.5, "2018-09-30": 8.1, "2018-06-30": 440.9, "2018-03-31": "-587.50000", "2017-12-31": 610.5, "2017-09-30": -715, "2017-06-30": 66.7, "2017-03-31": "36.10000", "2016-12-31": 55.1, "2016-09-30": 80, "2016-06-30": -111.9, "2016-03-31": "-50.40000", "2015-12-31": -19.7, "2015-09-30": 76.3, "2015-06-30": 25.9, "2015-03-31": "-75.60000", "2014-12-31": -33.8, "2014-09-30": -154.5, "2014-06-30": 111.8, "2014-03-31": "-61.50000", "2013-12-31": 74.5, "2013-09-30": -34.1, "2013-06-30": -2.1, "2013-03-31": "26.30000", "2012-12-31": 272.6, "2012-09-30": -300.1, "2012-06-30": 260.9, "2012-03-31": "-88.10000", "2011-12-31": 61.9, "2011-09-30": -50.1, "2011-06-30": 74.3, "2011-03-31": "88.40000", "2010-12-31": 336.3, "2010-09-30": 321.2, "2010-06-30": -194, "2010-03-31": "12.10000", "2009-12-31": 242, "2009-09-30": -255.9, "2009-06-30": 144.7, "2009-03-31": "87.60000", "2008-12-31": -66.8, "2008-09-30": -307.5, "2008-06-30": 388.3, "2008-03-31": "-1019.60000", "2007-12-31": 283.7, "2007-09-30": -459.6, "2007-06-30": 293.7, "2007-03-31": "-101.80000", "2006-12-31": -53.8, "2006-09-30": -362.6, "2006-06-30": 108.3, "2006-03-31": "-218.10000", "2005-12-31": 316.7, "2005-09-30": -321.8, "2005-06-30": 293.6, "2005-03-31": "6.80000"}, "Net Change In Long-Term Investments": {"2020-09-30": 429.1001, "2020-06-30": 73.1, "2020-03-31": "67.50000", "2019-12-31": -46.8, "2019-09-30": 54.6, "2019-06-30": 156.2, "2019-03-31": "39.50000", "2018-12-31": -95.2002, "2018-09-30": -23.8999, "2018-06-30": 266.9, "2018-03-31": "622.20000", "2017-12-31": -514.3, "2017-09-30": 157.7998, "2017-06-30": 17.2, "2017-03-31": "-32.20000", "2016-12-31": -195.5001, "2016-09-30": 616.3001, "2016-06-30": -1608.9, "2016-03-31": "156.70000", "2015-12-31": 193.1, "2015-09-30": -34.5, "2015-06-30": -83.8, "2015-03-31": "-0.10000", "2014-12-31": 153.0002, "2014-09-30": 224.2998, "2014-06-30": 12.7, "2014-03-31": "87.00000", "2013-12-31": -150.4998, "2013-09-30": -55.3001, "2013-06-30": 3.4003, "2013-03-31": "438.79970", "2012-12-31": -170.6006, "2012-09-30": 4.8999, "2012-06-30": 54.7002, "2012-03-31": "836.50000", "2011-12-31": -949.3997, "2011-09-30": 81.1004, "2011-06-30": 195.6997, "2011-03-31": "142.39990", "2010-12-31": -352.1001, "2010-09-30": -316.9002, "2010-06-30": 371.5999, "2010-03-31": "187.60010", "2009-12-31": -69.5003, "2009-09-30": 275.5999, "2009-06-30": 38.5, "2009-03-31": "-7.89990", "2008-12-31": 908.4, "2008-09-30": 390, "2008-06-30": 171.4, "2008-03-31": "715.90000", "2007-12-31": -78.6001, "2007-09-30": 183.6995, "2007-06-30": -539.7, "2007-03-31": "304.50000", "2006-12-31": -1036.4995, "2006-09-30": 174.9998, "2006-06-30": -37.8998, "2006-03-31": "294.29990", "2005-12-31": 46.1001, "2005-09-30": -119.3996, "2005-06-30": -391.7001, "2005-03-31": "354.40000"}, "Net Change In Investments - Total": {"2020-09-30": -25.1999, "2020-06-30": 93.2, "2020-03-31": "131.40000", "2019-12-31": 29.6, "2019-09-30": -30.7999, "2019-06-30": 242.3999, "2019-03-31": "-15.80000", "2018-12-31": 4.2998, "2018-09-30": -15.7999, "2018-06-30": 707.8, "2018-03-31": "34.70000", "2017-12-31": 96.1999, "2017-09-30": -557.2002, "2017-06-30": 83.9, "2017-03-31": "3.90000", "2016-12-31": -140.4001, "2016-09-30": 696.3001, "2016-06-30": -1720.7999, "2016-03-31": "106.29990", "2015-12-31": 173.4, "2015-09-30": 41.8, "2015-06-30": -57.9, "2015-03-31": "-75.70000", "2014-12-31": 119.2002, "2014-09-30": 69.7998, "2014-06-30": 124.5, "2014-03-31": "25.50000", "2013-12-31": -75.9997, "2013-09-30": -89.4001, "2013-06-30": 1.3003, "2013-03-31": "465.09970", "2012-12-31": 101.9994, "2012-09-30": -295.1999, "2012-06-30": 315.6, "2012-03-31": "748.40000", "2011-12-31": -887.4996, "2011-09-30": 31.0003, "2011-06-30": 269.9997, "2011-03-31": "230.79990", "2010-12-31": -15.8001, "2010-09-30": 4.2998, "2010-06-30": 177.5999, "2010-03-31": "199.70010", "2009-12-31": 172.4998, "2009-09-30": 19.6998, "2009-06-30": 183.2, "2009-03-31": "79.70010", "2008-12-31": 841.6002, "2008-09-30": 82.4997, "2008-06-30": 559.7001, "2008-03-31": "-303.70000", "2007-12-31": 205.0999, "2007-09-30": -275.9005, "2007-06-30": -246, "2007-03-31": "202.70000", "2006-12-31": -1090.2999, "2006-09-30": -187.6002, "2006-06-30": 70.4002, "2006-03-31": "76.19990", "2005-12-31": 362.8001, "2005-09-30": -441.1996, "2005-06-30": -98.1001, "2005-03-31": "361.20000"}, "Investing Activities - Other": {"2020-09-30": -26.7, "2020-06-30": 35.6, "2020-03-31": "-50.90000", "2019-12-31": -14.4, "2019-09-30": 82.9, "2019-06-30": -78.4, "2019-03-31": "-17.40000", "2018-12-31": -10.4, "2018-09-30": -2.3, "2018-06-30": -6.6, "2018-03-31": "42.70000", "2017-12-31": -47.8, "2017-09-30": 159.8, "2017-06-30": -159.1, "2017-03-31": "35.40000", "2016-12-31": 84.8, "2016-09-30": -706.8, "2016-06-30": 246.7, "2016-03-31": "77.90000", "2015-12-31": -185.8, "2015-09-30": -28.7, "2015-06-30": 4.9, "2015-03-31": "117.90000", "2014-12-31": -110.8, "2014-09-30": 87, "2014-06-30": -110.4, "2014-03-31": "52.60000", "2013-12-31": 97.9, "2013-09-30": -52.1, "2013-06-30": 115.1, "2013-03-31": "-80.80000", "2012-12-31": 127.1, "2012-09-30": -87.9, "2012-06-30": -128.7, "2012-03-31": "67.10000", "2011-12-31": -503.9, "2011-09-30": 332.7, "2011-06-30": -14.4, "2011-03-31": "60.80000", "2010-12-31": 30.4, "2010-09-30": -10, "2010-06-30": 26.3, "2010-03-31": "-56.70000", "2009-12-31": -43.2, "2009-09-30": -40.9, "2009-06-30": 56.2, "2009-03-31": "68.60000", "2008-12-31": -61.1, "2008-09-30": -45.9, "2008-06-30": -34.8, "2008-03-31": "225.80000", "2007-12-31": -235.2, "2007-09-30": 55.9, "2007-06-30": 45, "2007-03-31": "-78.70000", "2006-12-31": 108.8, "2006-09-30": -90.6, "2006-06-30": -80, "2006-03-31": "98.40000", "2005-12-31": -114.2, "2005-09-30": 59.7, "2005-06-30": 129.3, "2005-03-31": "-64.10000"}, "Cash Flow From Investing Activities": {"2020-09-30": -61, "2020-06-30": 8.5, "2020-03-31": "80.50000", "2019-12-31": 0.6, "2019-09-30": 52.1, "2019-06-30": -69.8, "2019-03-31": "-42.80000", "2018-12-31": -49.2, "2018-09-30": -18.1, "2018-06-30": 449.1, "2018-03-31": "77.40000", "2017-12-31": 20.8, "2017-09-30": 733.7, "2017-06-30": -75.3, "2017-03-31": "39.30000", "2016-12-31": -65.4, "2016-09-30": 393.3, "2016-06-30": 774.1, "2016-03-31": "174.80000", "2015-12-31": -49.6, "2015-09-30": -4.8, "2015-06-30": 29.9, "2015-03-31": "35.80000", "2014-12-31": -165.6, "2014-09-30": 144.6, "2014-06-30": 10.7, "2014-03-31": "58.20000", "2013-12-31": 30.9, "2013-09-30": -145.7, "2013-06-30": 113.7, "2013-03-31": "402.90000", "2012-12-31": 202, "2012-09-30": -374, "2012-06-30": 186.7, "2012-03-31": "814.90000", "2011-12-31": 140.5, "2011-09-30": 174.7, "2011-06-30": 251.4, "2011-03-31": "233.00000", "2010-12-31": 2.4, "2010-09-30": 159.1, "2010-06-30": 186.7, "2010-03-31": "137.10000", "2009-12-31": 10.8, "2009-09-30": -27.9, "2009-06-30": 236.6, "2009-03-31": "145.60000", "2008-12-31": 787.7, "2008-09-30": -18, "2008-06-30": 531.1, "2008-03-31": "-259.00000", "2007-12-31": 6.5, "2007-09-30": -180, "2007-06-30": -278.3, "2007-03-31": "137.00000", "2006-12-31": -372.1, "2006-09-30": -128.5, "2006-06-30": -11.8, "2006-03-31": "168.30000", "2005-12-31": 246.6, "2005-09-30": -205.4, "2005-06-30": 0.1, "2005-03-31": "296.30000"}, "Net Long-Term Debt": {"2020-09-30": -1.6, "2020-06-30": 57.3, "2020-03-31": "11.00000", "2019-12-31": 56.3, "2019-09-30": -0.5, "2019-06-30": 36, "2019-03-31": "91.70000", "2018-12-31": 29, "2018-09-30": -5.1, "2018-06-30": 47.1, "2018-03-31": "-2.30000", "2017-12-31": 14.6, "2017-09-30": -1.3, "2017-06-30": -1.1, "2017-03-31": "-1.20000", "2016-12-31": -2.8, "2016-09-30": -1.3, "2016-06-30": -150.5, "2016-03-31": "102.50000", "2015-12-31": 84.9, "2015-09-30": 13.3, "2015-06-30": -4.7, "2015-03-31": "1.90000", "2014-12-31": 67.3, "2014-09-30": -1.4, "2014-06-30": -1.5, "2014-03-31": "-1.30000", "2013-12-31": -1.7, "2013-09-30": -1.3, "2013-06-30": -0.9, "2013-03-31": "-76.80000", "2012-12-31": 66.1, "2012-09-30": 2.4, "2012-06-30": -1.2, "2012-03-31": "-1.20000", "2011-12-31": 23.1, "2011-09-30": 0, "2011-06-30": -161.6, "2011-03-31": "", "2010-12-31": 0, "2010-09-30": 0, "2010-06-30": -184.2, "2010-03-31": "-27.10000", "2009-12-31": 0.1, "2009-09-30": -219.9, "2009-06-30": -76, "2009-03-31": "-10.10000", "2008-12-31": 0, "2008-09-30": -122.3, "2008-06-30": -175, "2008-03-31": "473.00000", "2007-12-31": 0, "2007-09-30": 0, "2007-06-30": 0, "2007-03-31": "72.40000", "2006-12-31": 312.4, "2006-09-30": -35, "2006-06-30": 50, "2006-03-31": "", "2005-12-31": 18.4, "2005-09-30": 0, "2005-06-30": 0, "2005-03-31": ""}, "Net Current Debt": {"2020-09-30": 0, "2020-06-30": 0, "2020-03-31": "", "2019-12-31": 0, "2019-09-30": 0, "2019-06-30": 0, "2019-03-31": "", "2018-12-31": 0, "2018-09-30": 0, "2018-06-30": 0, "2018-03-31": "", "2017-12-31": 0, "2017-09-30": 0, "2017-06-30": 0, "2017-03-31": "", "2016-12-31": 0, "2016-09-30": 0, "2016-06-30": 0, "2016-03-31": "", "2015-12-31": 0, "2015-09-30": 0, "2015-06-30": 0, "2015-03-31": "", "2014-12-31": 0, "2014-09-30": 0, "2014-06-30": 0, "2014-03-31": "", "2013-12-31": 0, "2013-09-30": 0, "2013-06-30": 0, "2013-03-31": "", "2012-12-31": 0, "2012-09-30": 0, "2012-06-30": 0, "2012-03-31": "", "2011-12-31": 0, "2011-09-30": 0, "2011-06-30": 0, "2011-03-31": "", "2010-12-31": 0, "2010-09-30": 0, "2010-06-30": 0, "2010-03-31": "", "2009-12-31": 0, "2009-09-30": 0, "2009-06-30": 0, "2009-03-31": "", "2008-12-31": 0, "2008-09-30": 0, "2008-06-30": 0, "2008-03-31": "", "2007-12-31": 0, "2007-09-30": 0, "2007-06-30": 0, "2007-03-31": "", "2006-12-31": 0, "2006-09-30": 0, "2006-06-30": 0, "2006-03-31": "", "2005-12-31": 0, "2005-09-30": 0, "2005-06-30": 0, "2005-03-31": ""}, "Debt Issuance/Retirement Net - Total": {"2020-09-30": -1.6, "2020-06-30": 57.3, "2020-03-31": "11.00000", "2019-12-31": 56.3, "2019-09-30": -0.5, "2019-06-30": 36, "2019-03-31": "91.70000", "2018-12-31": 29, "2018-09-30": -5.1, "2018-06-30": 47.1, "2018-03-31": "-2.30000", "2017-12-31": 14.6, "2017-09-30": -1.3, "2017-06-30": -1.1, "2017-03-31": "-1.20000", "2016-12-31": -2.8, "2016-09-30": -1.3, "2016-06-30": -150.5, "2016-03-31": "102.50000", "2015-12-31": 84.9, "2015-09-30": 13.3, "2015-06-30": -4.7, "2015-03-31": "1.90000", "2014-12-31": 67.3, "2014-09-30": -1.4, "2014-06-30": -1.5, "2014-03-31": "-1.30000", "2013-12-31": -1.7, "2013-09-30": -1.3, "2013-06-30": -0.9, "2013-03-31": "-76.80000", "2012-12-31": 66.1, "2012-09-30": 2.4, "2012-06-30": -1.2, "2012-03-31": "-1.20000", "2011-12-31": 23.1, "2011-09-30": 0, "2011-06-30": -161.6, "2011-03-31": "", "2010-12-31": 0, "2010-09-30": 0, "2010-06-30": -184.2, "2010-03-31": "-27.10000", "2009-12-31": 0.1, "2009-09-30": -219.9, "2009-06-30": -76, "2009-03-31": "-10.10000", "2008-12-31": 0, "2008-09-30": -122.3, "2008-06-30": -175, "2008-03-31": "473.00000", "2007-12-31": 0, "2007-09-30": 0, "2007-06-30": 0, "2007-03-31": "72.40000", "2006-12-31": 312.4, "2006-09-30": -35, "2006-06-30": 50, "2006-03-31": "", "2005-12-31": 18.4, "2005-09-30": 0, "2005-06-30": 0, "2005-03-31": ""}, "Net Common Equity Issued/Repurchased": {"2020-09-30": 0, "2020-06-30": -30.7, "2020-03-31": "-47.80000", "2019-12-31": 0, "2019-09-30": 0, "2019-06-30": 0, "2019-03-31": "41.60000", "2018-12-31": -7.2, "2018-09-30": 0, "2018-06-30": -506.4, "2018-03-31": "", "2017-12-31": 0, "2017-09-30": -715.3, "2017-06-30": 0, "2017-03-31": "", "2016-12-31": -20.4, "2016-09-30": -319.4, "2016-06-30": -360.4, "2016-03-31": "-177.40000", "2015-12-31": -98.3, "2015-09-30": -151.6, "2015-06-30": -21.8, "2015-03-31": "-6.00000", "2014-12-31": -27.5, "2014-09-30": -76.7, "2014-06-30": -14.8, "2014-03-31": "-10.90000", "2013-12-31": 0, "2013-09-30": 0, "2013-06-30": -0.8, "2013-03-31": "-79.00000", "2012-12-31": -151.6, "2012-09-30": -26.5, "2012-06-30": -5.2, "2012-03-31": "-485.80000", "2011-12-31": -23.3, "2011-09-30": -136.5, "2011-06-30": -6.2, "2011-03-31": "-86.10000", "2010-12-31": -47.5, "2010-09-30": -64.5, "2010-06-30": -87.4, "2010-03-31": "-36.00000", "2009-12-31": 0.3, "2009-09-30": 0, "2009-06-30": 0.2, "2009-03-31": "", "2008-12-31": 0.2, "2008-09-30": -54.3, "2008-06-30": -17.4, "2008-03-31": "-56.00000", "2007-12-31": -172.3, "2007-09-30": -5.8, "2007-06-30": 1.6, "2007-03-31": "-2.30000", "2006-12-31": 0.5, "2006-09-30": 0, "2006-06-30": 0, "2006-03-31": "0.10000", "2005-12-31": 0.8, "2005-09-30": 0, "2005-06-30": 0, "2005-03-31": "0.30000"}, "Net Total Equity Issued/Repurchased": {"2020-09-30": 0, "2020-06-30": -30.7, "2020-03-31": "-47.80000", "2019-12-31": 0, "2019-09-30": 0, "2019-06-30": 0, "2019-03-31": "41.60000", "2018-12-31": -7.2, "2018-09-30": 0, "2018-06-30": -506.4, "2018-03-31": "", "2017-12-31": 0, "2017-09-30": -715.3, "2017-06-30": 0, "2017-03-31": "", "2016-12-31": -20.4, "2016-09-30": -319.4, "2016-06-30": -360.4, "2016-03-31": "-177.40000", "2015-12-31": -98.3, "2015-09-30": -151.6, "2015-06-30": -21.8, "2015-03-31": "-6.00000", "2014-12-31": -27.5, "2014-09-30": -76.7, "2014-06-30": -14.8, "2014-03-31": "-10.90000", "2013-12-31": 0, "2013-09-30": 0, "2013-06-30": -0.8, "2013-03-31": "-79.00000", "2012-12-31": -151.6, "2012-09-30": -26.5, "2012-06-30": -5.2, "2012-03-31": "-485.80000", "2011-12-31": -23.3, "2011-09-30": -136.5, "2011-06-30": -6.2, "2011-03-31": "-86.10000", "2010-12-31": -47.5, "2010-09-30": -64.5, "2010-06-30": -87.4, "2010-03-31": "-36.00000", "2009-12-31": 0.3, "2009-09-30": 0, "2009-06-30": 0.2, "2009-03-31": "", "2008-12-31": 0.2, "2008-09-30": -54.3, "2008-06-30": -317.4, "2008-03-31": "-56.00000", "2007-12-31": -172.3, "2007-09-30": -5.8, "2007-06-30": 228.2, "2007-03-31": "-2.30000", "2006-12-31": 0.5, "2006-09-30": 0, "2006-06-30": 0, "2006-03-31": "0.10000", "2005-12-31": 0.8, "2005-09-30": 0, "2005-06-30": 0, "2005-03-31": "0.30000"}, "Total Common And Preferred Stock Dividends Paid": {"2020-09-30": 0, "2020-06-30": -0.5, "2020-03-31": "-3.90000", "2019-12-31": 27.7, "2019-09-30": -0.1, "2019-06-30": 0, "2019-03-31": "-30.80000", "2018-12-31": 4.6, "2018-09-30": -1.5, "2018-06-30": -3.1, "2018-03-31": "-3.80000", "2017-12-31": 0.9, "2017-09-30": -0.4, "2017-06-30": -0.5, "2017-03-31": "-4.60000", "2016-12-31": 0.9, "2016-09-30": -0.9, "2016-06-30": 4.7, "2016-03-31": "-10.10000", "2015-12-31": 14.8, "2015-09-30": -4.9, "2015-06-30": -5, "2015-03-31": "-10.90000", "2014-12-31": 14.8, "2014-09-30": 4.5, "2014-06-30": -14.4, "2014-03-31": "-11.10000", "2013-12-31": 4.4, "2013-09-30": -5, "2013-06-30": -14.3, "2013-03-31": "-11.20000", "2012-12-31": -14.3, "2012-09-30": -5, "2012-06-30": -20.9, "2012-03-31": "-5.00000", "2011-12-31": -14.3, "2011-09-30": -4.9, "2011-06-30": -37.6, "2011-03-31": "-12.80000", "2010-12-31": -14.1, "2010-09-30": -61.4, "2010-06-30": -14.3, "2010-03-31": "-13.70000", "2009-12-31": -14.3, "2009-09-30": -4.9, "2009-06-30": -14.3, "2009-03-31": "-13.80000", "2008-12-31": -14.3, "2008-09-30": -4.9, "2008-06-30": -47.3, "2008-03-31": "-75.90000", "2007-12-31": -43.2, "2007-09-30": -34.7, "2007-06-30": -37.1, "2007-03-31": "-35.20000", "2006-12-31": -29.1, "2006-09-30": -29.2, "2006-06-30": -29, "2006-03-31": "-29.20000", "2005-12-31": -29.2, "2005-09-30": -29.1, "2005-06-30": -29.1, "2005-03-31": "-29.10000"}, "Financial Activities - Other": {"2020-09-30": 14.1, "2020-06-30": 19.4, "2020-03-31": "-3.50000", "2019-12-31": -26.2, "2019-09-30": 22.3, "2019-06-30": 9.5, "2019-03-31": "3.00000", "2018-12-31": 21.5, "2018-09-30": 11.5, "2018-06-30": 4.9, "2018-03-31": "-3.50000", "2017-12-31": 10.2, "2017-09-30": 3.5, "2017-06-30": -0.7, "2017-03-31": "-3.10000", "2016-12-31": 2.6, "2016-09-30": -2.3, "2016-06-30": 6, "2016-03-31": "-19.60000", "2015-12-31": -59.7, "2015-09-30": 24.3, "2015-06-30": -0.3, "2015-03-31": "2.70000", "2014-12-31": -51, "2014-09-30": -6.4, "2014-06-30": -1.4, "2014-03-31": "2.20000", "2013-12-31": -12.1, "2013-09-30": 4.2, "2013-06-30": 8, "2013-03-31": "", "2012-12-31": 0, "2012-09-30": 0, "2012-06-30": 0, "2012-03-31": "", "2011-12-31": 0, "2011-09-30": 0, "2011-06-30": 0, "2011-03-31": "", "2010-12-31": 0, "2010-09-30": 0, "2010-06-30": 0, "2010-03-31": "", "2009-12-31": -0.1, "2009-09-30": 0, "2009-06-30": -54.3, "2009-03-31": "46.90000", "2008-12-31": -707.9, "2008-09-30": 0, "2008-06-30": 0, "2008-03-31": "", "2007-12-31": 0, "2007-09-30": 0, "2007-06-30": 0, "2007-03-31": "-2.40000", "2006-12-31": 0, "2006-09-30": 0, "2006-06-30": 0, "2006-03-31": "", "2005-12-31": 0, "2005-09-30": 0, "2005-06-30": 0, "2005-03-31": ""}, "Cash Flow From Financial Activities": {"2020-09-30": 12.5, "2020-06-30": 45.5, "2020-03-31": "-44.20000", "2019-12-31": 57.8, "2019-09-30": 21.7, "2019-06-30": 45.5, "2019-03-31": "105.50000", "2018-12-31": 47.9, "2018-09-30": 4.9, "2018-06-30": -457.5, "2018-03-31": "-9.60000", "2017-12-31": 25.7, "2017-09-30": -713.5, "2017-06-30": -2.3, "2017-03-31": "-8.90000", "2016-12-31": -19.7, "2016-09-30": -323.9, "2016-06-30": -500.2, "2016-03-31": "-104.60000", "2015-12-31": -58.3, "2015-09-30": -118.9, "2015-06-30": -31.8, "2015-03-31": "-12.30000", "2014-12-31": 3.6, "2014-09-30": -80, "2014-06-30": -32.1, "2014-03-31": "-21.10000", "2013-12-31": -9.4, "2013-09-30": -2.1, "2013-06-30": -8, "2013-03-31": "-167.00000", "2012-12-31": -99.8, "2012-09-30": -29.1, "2012-06-30": -27.3, "2012-03-31": "-492.00000", "2011-12-31": -14.5, "2011-09-30": -141.4, "2011-06-30": -205.4, "2011-03-31": "-98.90000", "2010-12-31": -61.6, "2010-09-30": -125.9, "2010-06-30": -285.9, "2010-03-31": "-76.80000", "2009-12-31": -14, "2009-09-30": -224.8, "2009-06-30": -144.4, "2009-03-31": "23.00000", "2008-12-31": -722, "2008-09-30": -181.5, "2008-06-30": -539.7, "2008-03-31": "341.10000", "2007-12-31": -215.5, "2007-09-30": -40.5, "2007-06-30": 191.1, "2007-03-31": "32.50000", "2006-12-31": 283.8, "2006-09-30": -64.2, "2006-06-30": 21, "2006-03-31": "-29.10000", "2005-12-31": -10, "2005-09-30": -29.1, "2005-06-30": -29.1, "2005-03-31": "-28.80000"}, "Net Cash Flow": {"2020-09-30": 3.5, "2020-06-30": 74.9, "2020-03-31": "-24.60000", "2019-12-31": 11.8, "2019-09-30": -1.1, "2019-06-30": 18.1, "2019-03-31": "21.90000", "2018-12-31": -1.9, "2018-09-30": -18.9, "2018-06-30": 10.9, "2018-03-31": "23.10000", "2017-12-31": 47.6, "2017-09-30": -3.8, "2017-06-30": 7.9, "2017-03-31": "-35.70000", "2016-12-31": -31.3, "2016-09-30": 49.1, "2016-06-30": -8, "2016-03-31": "-1.90000", "2015-12-31": -14.9, "2015-09-30": -0.8, "2015-06-30": -1.4, "2015-03-31": "-57.70000", "2014-12-31": -162.7, "2014-09-30": 185.4, "2014-06-30": -13.2, "2014-03-31": "-10.30000", "2013-12-31": -9.4, "2013-09-30": 49.5, "2013-06-30": 64.1, "2013-03-31": "10.40000", "2012-12-31": 5.1, "2012-09-30": -244.1, "2012-06-30": 206.3, "2012-03-31": "-6.60000", "2011-12-31": 87.5, "2011-09-30": 31.1, "2011-06-30": 22.9, "2011-03-31": "6.80000", "2010-12-31": 9.9, "2010-09-30": -24.3, "2010-06-30": 9.8, "2010-03-31": "-11.70000", "2009-12-31": -10.3, "2009-09-30": -79.2, "2009-06-30": -83.5, "2009-03-31": "134.20000", "2008-12-31": 13.9, "2008-09-30": -9.5, "2008-06-30": -41.6, "2008-03-31": "58.30000", "2007-12-31": -22.8, "2007-09-30": 12.7, "2007-06-30": -13.4, "2007-03-31": "27.30000", "2006-12-31": -51.3, "2006-09-30": 18.7, "2006-06-30": 8.5, "2006-03-31": "-4.60000", "2005-12-31": -17.7, "2005-09-30": 1.4, "2005-06-30": -57.3, "2005-03-31": "18.20000"}, "Stock-Based Compensation": {"2020-09-30": 0, "2020-06-30": 0, "2020-03-31": "", "2019-12-31": 0, "2019-09-30": 0, "2019-06-30": 0, "2019-03-31": "", "2018-12-31": 0, "2018-09-30": 0, "2018-06-30": 0, "2018-03-31": "", "2017-12-31": 0, "2017-09-30": 0, "2017-06-30": 0, "2017-03-31": "", "2016-12-31": 0, "2016-09-30": 0, "2016-06-30": 0, "2016-03-31": "", "2015-12-31": 0, "2015-09-30": 0, "2015-06-30": 0, "2015-03-31": "", "2014-12-31": 0, "2014-09-30": 0, "2014-06-30": 0, "2014-03-31": "", "2013-12-31": 0, "2013-09-30": 0, "2013-06-30": 0, "2013-03-31": "", "2012-12-31": 0, "2012-09-30": 0, "2012-06-30": 0, "2012-03-31": "", "2011-12-31": 0, "2011-09-30": 0, "2011-06-30": 0, "2011-03-31": "", "2010-12-31": 0, "2010-09-30": 0, "2010-06-30": 0, "2010-03-31": "", "2009-12-31": 0, "2009-09-30": 0, "2009-06-30": 0, "2009-03-31": "", "2008-12-31": 0, "2008-09-30": 0, "2008-06-30": 0, "2008-03-31": "", "2007-12-31": 0, "2007-09-30": 0, "2007-06-30": 0, "2007-03-31": "", "2006-12-31": 0, "2006-09-30": 0, "2006-06-30": 0, "2006-03-31": "", "2005-12-31": 0, "2005-09-30": 0, "2005-06-30": 0, "2005-03-31": ""}, "Common Stock Dividends Paid": {"2020-09-30": 0, "2020-06-30": -0.5, "2020-03-31": "-3.90000", "2019-12-31": 27.7, "2019-09-30": -0.1, "2019-06-30": 0, "2019-03-31": "-30.80000", "2018-12-31": 4.6, "2018-09-30": -1.5, "2018-06-30": -3.1, "2018-03-31": "-3.80000", "2017-12-31": 0.9, "2017-09-30": -0.4, "2017-06-30": -0.5, "2017-03-31": "-4.60000", "2016-12-31": 0.9, "2016-09-30": -0.9, "2016-06-30": 4.7, "2016-03-31": "-10.10000", "2015-12-31": 14.8, "2015-09-30": -4.9, "2015-06-30": -5, "2015-03-31": "-10.90000", "2014-12-31": 14.8, "2014-09-30": -4.9, "2014-06-30": -5, "2014-03-31": "-11.10000", "2013-12-31": -5, "2013-09-30": -5, "2013-06-30": -4.9, "2013-03-31": "-11.20000", "2012-12-31": -4.9, "2012-09-30": -5, "2012-06-30": -11.5, "2012-03-31": "-5.00000", "2011-12-31": -23.7, "2011-09-30": -4.9, "2011-06-30": -28.2, "2011-03-31": "-12.80000", "2010-12-31": -4.7, "2010-09-30": -61.4, "2010-06-30": -4.9, "2010-03-31": "-13.70000", "2009-12-31": -4.9, "2009-09-30": -4.9, "2009-06-30": -4.9, "2009-03-31": "-13.80000", "2008-12-31": -4.9, "2008-09-30": -4.9, "2008-06-30": -26.1, "2008-03-31": "-75.90000", "2007-12-31": -26.7, "2007-09-30": -27.6, "2007-06-30": -27.7, "2007-03-31": "-27.60000", "2006-12-31": -21.5, "2006-09-30": -21.6, "2006-06-30": -21.5, "2006-03-31": "-21.60000", "2005-12-31": -21.6, "2005-09-30": -21.5, "2005-06-30": -21.6, "2005-03-31": "-21.50000"}}, "financial ratios": {"Current Ratio": {"2019-12-31": "", "2018-12-31": "", "2017-12-31": "", "2016-12-31": "", "2015-12-31": "", "2014-12-31": "", "2013-12-31": "", "2012-12-31": "", "2011-12-31": "", "2010-12-31": "", "2009-12-31": "", "2008-12-31": "", "2007-12-31": "", "2006-12-31": "", "2005-12-31": ""}, "Long-term Debt / Capital": {"2019-12-31": "0.08270", "2018-12-31": "0.06620", "2017-12-31": "0.00700", "2016-12-31": "0.00340", "2015-12-31": "0.07170", "2014-12-31": "0.07030", "2013-12-31": "0.13330", "2012-12-31": "0.15000", "2011-12-31": "0.12670", "2010-12-31": "0.16120", "2009-12-31": "0.19490", "2008-12-31": "0.27940", "2007-12-31": "0.20200", "2006-12-31": "0.19900", "2005-12-31": "0.16890"}, "Debt/Equity Ratio": {"2019-12-31": "0.09020", "2018-12-31": "0.07090", "2017-12-31": "0.00710", "2016-12-31": "0.00340", "2015-12-31": "0.07730", "2014-12-31": "0.07560", "2013-12-31": "0.15380", "2012-12-31": "0.17640", "2011-12-31": "0.14510", "2010-12-31": "0.19220", "2009-12-31": "0.24200", "2008-12-31": "0.38780", "2007-12-31": "0.25310", "2006-12-31": "0.24840", "2005-12-31": "0.20330"}, "Gross Margin": {"2019-12-31": "", "2018-12-31": "", "2017-12-31": "", "2016-12-31": "", "2015-12-31": "", "2014-12-31": "", "2013-12-31": "", "2012-12-31": "", "2011-12-31": "", "2010-12-31": "", "2009-12-31": "", "2008-12-31": "", "2007-12-31": "", "2006-12-31": "", "2005-12-31": ""}, "Operating Margin": {"2019-12-31": "45.66820", "2018-12-31": "-47.14170", "2017-12-31": "2.70200", "2016-12-31": "-91.50290", "2015-12-31": "29.72730", "2014-12-31": "-1.07720", "2013-12-31": "12.83780", "2012-12-31": "12.62880", "2011-12-31": "7.04980", "2010-12-31": "10.56690", "2009-12-31": "25.20840", "2008-12-31": "-34.72870", "2007-12-31": "17.39830", "2006-12-31": "17.48990", "2005-12-31": "8.68110"}, "EBIT Margin": {"2019-12-31": "47.54870", "2018-12-31": "-44.97430", "2017-12-31": "2.70200", "2016-12-31": "-91.50290", "2015-12-31": "29.72730", "2014-12-31": "-1.07720", "2013-12-31": "12.83780", "2012-12-31": "12.62880", "2011-12-31": "7.04980", "2010-12-31": "10.56690", "2009-12-31": "25.20840", "2008-12-31": "-34.72870", "2007-12-31": "17.39830", "2006-12-31": "17.48990", "2005-12-31": "8.68110"}, "EBITDA Margin": {"2019-12-31": "52.05950", "2018-12-31": "-34.48930", "2017-12-31": "12.65380", "2016-12-31": "-66.83580", "2015-12-31": "33.97730", "2014-12-31": "1.42440", "2013-12-31": "14.93830", "2012-12-31": "14.71450", "2011-12-31": "7.04980", "2010-12-31": "10.56690", "2009-12-31": "25.20840", "2008-12-31": "-34.72870", "2007-12-31": "17.39830", "2006-12-31": "17.48990", "2005-12-31": "8.68110"}, "Pre-Tax Profit Margin": {"2019-12-31": "45.34360", "2018-12-31": "-48.27960", "2017-12-31": "2.08670", "2016-12-31": "-93.40520", "2015-12-31": "29.36360", "2014-12-31": "-2.08350", "2013-12-31": "11.64810", "2012-12-31": "10.78950", "2011-12-31": "4.50970", "2010-12-31": "8.11160", "2009-12-31": "23.15220", "2008-12-31": "-38.65010", "2007-12-31": "14.47460", "2006-12-31": "15.22260", "2005-12-31": "6.58910"}, "Net Profit Margin": {"2019-12-31": "46.39580", "2018-12-31": "-38.25520", "2017-12-31": "167.79030", "2016-12-31": "254.78760", "2015-12-31": "67.09090", "2014-12-31": "22.12460", "2013-12-31": "23.61930", "2012-12-31": "8.51500", "2011-12-31": "35.33660", "2010-12-31": "3.70660", "2009-12-31": "13.64970", "2008-12-31": "-18.85310", "2007-12-31": "8.60620", "2006-12-31": "14.04200", "2005-12-31": "6.26310"}, "Asset Turnover": {"2019-12-31": "0.22430", "2018-12-31": "0.10980", "2017-12-31": "0.10220", "2016-12-31": "0.02420", "2015-12-31": "0.04280", "2014-12-31": "0.13500", "2013-12-31": "0.11210", "2012-12-31": "0.18890", "2011-12-31": "0.15450", "2010-12-31": "0.16060", "2009-12-31": "0.22300", "2008-12-31": "0.18530", "2007-12-31": "0.24810", "2006-12-31": "0.24660", "2005-12-31": "0.23850"}, "Inventory Turnover Ratio": {"2019-12-31": "", "2018-12-31": "", "2017-12-31": "", "2016-12-31": "", "2015-12-31": "", "2014-12-31": "", "2013-12-31": "", "2012-12-31": "", "2011-12-31": "", "2010-12-31": "", "2009-12-31": "", "2008-12-31": "", "2007-12-31": "", "2006-12-31": "", "2005-12-31": ""}, "Receiveable Turnover": {"2019-12-31": "", "2018-12-31": "", "2017-12-31": "", "2016-12-31": "", "2015-12-31": "", "2014-12-31": "", "2013-12-31": "", "2012-12-31": "", "2011-12-31": "", "2010-12-31": "", "2009-12-31": "", "2008-12-31": "", "2007-12-31": "", "2006-12-31": "", "2005-12-31": ""}, "Days Sales In Receivables": {"2019-12-31": "", "2018-12-31": "", "2017-12-31": "", "2016-12-31": "", "2015-12-31": "", "2014-12-31": "", "2013-12-31": "", "2012-12-31": "", "2011-12-31": "", "2010-12-31": "", "2009-12-31": "", "2008-12-31": "", "2007-12-31": "", "2006-12-31": "", "2005-12-31": ""}, "ROE - Return On Equity": {"2019-12-31": "11.95030", "2018-12-31": "-6.40870", "2017-12-31": "0.46420", "2016-12-31": "-3.07860", "2015-12-31": "3.24180", "2014-12-31": "0.68310", "2013-12-31": "3.69760", "2012-12-31": "7.24250", "2011-12-31": "4.02320", "2010-12-31": "3.98050", "2009-12-31": "13.98830", "2008-12-31": "-18.04700", "2007-12-31": "10.69500", "2006-12-31": "14.62980", "2005-12-31": "7.56810"}, "Return On Tangible Equity": {"2019-12-31": "15.09240", "2018-12-31": "-7.98830", "2017-12-31": "0.47290", "2016-12-31": "-3.11650", "2015-12-31": "3.28340", "2014-12-31": "0.74040", "2013-12-31": "3.71510", "2012-12-31": "7.24250", "2011-12-31": "4.02320", "2010-12-31": "3.98050", "2009-12-31": "13.98830", "2008-12-31": "-18.04700", "2007-12-31": "10.69500", "2006-12-31": "14.62980", "2005-12-31": "7.56810"}, "ROA - Return On Assets": {"2019-12-31": "9.43460", "2018-12-31": "-5.18050", "2017-12-31": "0.42630", "2016-12-31": "-1.75450", "2015-12-31": "1.37710", "2014-12-31": "0.29650", "2013-12-31": "1.33890", "2012-12-31": "2.39160", "2011-12-31": "1.33530", "2010-12-31": "1.16690", "2009-12-31": "3.93250", "2008-12-31": "-3.98780", "2007-12-31": "2.64170", "2006-12-31": "3.35220", "2005-12-31": "1.49400"}, "ROI - Return On Investment": {"2019-12-31": "10.96200", "2018-12-31": "-5.98440", "2017-12-31": "0.46090", "2016-12-31": "-3.06810", "2015-12-31": "3.00920", "2014-12-31": "0.63510", "2013-12-31": "3.20470", "2012-12-31": "6.15640", "2011-12-31": "3.51330", "2010-12-31": "3.33880", "2009-12-31": "11.26260", "2008-12-31": "-13.00440", "2007-12-31": "8.53500", "2006-12-31": "11.71880", "2005-12-31": "6.28970"}, "Book Value Per Share": {"2019-12-31": "987.34690", "2018-12-31": "856.66560", "2017-12-31": "896.21330", "2016-12-31": "814.19810", "2015-12-31": "776.67140", "2014-12-31": "758.16910", "2013-12-31": "711.89900", "2012-12-31": "676.87180", "2011-12-31": "615.98050", "2010-12-31": "519.92680", "2009-12-31": "490.01130", "2008-12-31": "398.73990", "2007-12-31": "446.59840", "2006-12-31": "413.17810", "2005-12-31": "355.61740"}, "Operating Cash Flow Per Share": {"2019-12-31": -29.0578, "2018-12-31": -31.6224, "2017-12-31": 53.631, "2016-12-31": -62.7031, "2015-12-31": 11.6741, "2014-12-31": 36.2476, "2013-12-31": 17.1233, "2012-12-31": -18.9994, "2011-12-31": -21.2826, "2010-12-31": 11.9531, "2009-12-31": -14.0328, "2008-12-31": -23.322, "2007-12-31": 23.1873, "2006-12-31": 35.2437, "2005-12-31": -26.4036}, "Free Cash Flow Per Share": {"2019-12-31": -29.0578, "2018-12-31": -31.6224, "2017-12-31": 53.631, "2016-12-31": -62.7031, "2015-12-31": 12.4209, "2014-12-31": 37.416, "2013-12-31": 15.5509, "2012-12-31": -18.6381, "2011-12-31": -21.3004, "2010-12-31": 12.1338, "2009-12-31": -13.9619, "2008-12-31": -21.8333, "2007-12-31": 22.5935, "2006-12-31": 36.9777, "2005-12-31": -29.9704}}, "financial ratios, quarterly": {"Current Ratio": {"2020-09-30": "", "2020-06-30": "", "2020-03-31": "", "2019-12-31": "", "2019-09-30": "", "2019-06-30": "", "2019-03-31": "", "2018-12-31": "", "2018-09-30": "", "2018-06-30": "", "2018-03-31": "", "2017-12-31": "", "2017-09-30": "", "2017-06-30": "", "2017-03-31": "", "2016-12-31": "", "2016-09-30": "", "2016-06-30": "", "2016-03-31": "", "2015-12-31": "", "2015-09-30": "", "2015-06-30": "", "2015-03-31": "", "2014-12-31": "", "2014-09-30": "", "2014-06-30": "", "2014-03-31": "", "2013-12-31": "", "2013-09-30": "", "2013-06-30": "", "2013-03-31": "", "2012-12-31": "", "2012-09-30": "", "2012-06-30": "", "2012-03-31": "", "2011-12-31": "", "2011-09-30": "", "2011-06-30": "", "2011-03-31": "", "2010-12-31": "", "2010-09-30": "", "2010-06-30": "", "2010-03-31": "", "2009-12-31": "", "2009-09-30": "", "2009-06-30": "", "2009-03-31": "", "2008-12-31": "", "2008-09-30": "", "2008-06-30": "", "2008-03-31": "", "2007-12-31": "", "2007-09-30": "", "2007-06-30": "", "2007-03-31": "", "2006-12-31": "", "2006-09-30": "", "2006-06-30": "", "2006-03-31": "", "2005-12-31": "", "2005-09-30": "", "2005-06-30": "", "2005-03-31": ""}, "Long-term Debt / Capital": {"2020-09-30": "0.09800", "2020-06-30": "0.10250", "2020-03-31": "0.09060", "2019-12-31": "0.08270", "2019-09-30": "0.06970", "2019-06-30": "0.07120", "2019-03-31": "0.06160", "2018-12-31": "0.06620", "2018-09-30": "0.05470", "2018-06-30": "0.05720", "2018-03-31": "0.00650", "2017-12-31": "0.00700", "2017-09-30": "0.00280", "2017-06-30": "0.00280", "2017-03-31": "0.07040", "2016-12-31": "0.00340", "2016-09-30": "0.07050", "2016-06-30": "0.06600", "2016-03-31": "0.11170", "2015-12-31": "0.07170", "2015-09-30": "0.08350", "2015-06-30": "0.14370", "2015-03-31": "0.14170", "2014-12-31": "0.07030", "2014-09-30": "0.13100", "2014-06-30": "0.12820", "2014-03-31": "0.13020", "2013-12-31": "0.13330", "2013-09-30": "0.13630", "2013-06-30": "0.13900", "2013-03-31": "0.13640", "2012-12-31": "0.15000", "2012-09-30": "0.13380", "2012-06-30": "0.13520", "2012-03-31": "0.13580", "2011-12-31": "0.12670", "2011-09-30": "0.14270", "2011-06-30": "0.13700", "2011-03-31": "0.16290", "2010-12-31": "0.16120", "2010-09-30": "0.16080", "2010-06-30": "0.16990", "2010-03-31": "0.19430", "2009-12-31": "0.19490", "2009-09-30": "0.19830", "2009-06-30": "0.24820", "2009-03-31": "0.27930", "2008-12-31": "0.27940", "2008-09-30": "0.25180", "2008-06-30": "0.24850", "2008-03-31": "0.26260", "2007-12-31": "0.20200", "2007-09-30": "0.20130", "2007-06-30": "0.20550", "2007-03-31": "0.20670", "2006-12-31": "0.19900", "2006-09-30": "0.16170", "2006-06-30": "0.17820", "2006-03-31": "0.16750", "2005-12-31": "0.16890", "2005-09-30": "0.16640", "2005-06-30": "0.15970", "2005-03-31": "0.16580"}, "Debt/Equity Ratio": {"2020-09-30": "0.10860", "2020-06-30": "0.11420", "2020-03-31": "0.09960", "2019-12-31": "0.09020", "2019-09-30": "0.07500", "2019-06-30": "0.07660", "2019-03-31": "0.06560", "2018-12-31": "0.07090", "2018-09-30": "0.05790", "2018-06-30": "0.06060", "2018-03-31": "0.00650", "2017-12-31": "0.00710", "2017-09-30": "0.00280", "2017-06-30": "0.00280", "2017-03-31": "0.07580", "2016-12-31": "0.00340", "2016-09-30": "0.07590", "2016-06-30": "0.07070", "2016-03-31": "0.12570", "2015-12-31": "0.07730", "2015-09-30": "0.09110", "2015-06-30": "0.16790", "2015-03-31": "0.16520", "2014-12-31": "0.07560", "2014-09-30": "0.15070", "2014-06-30": "0.14700", "2014-03-31": "0.14960", "2013-12-31": "0.15380", "2013-09-30": "0.15770", "2013-06-30": "0.16140", "2013-03-31": "0.15790", "2012-12-31": "0.17640", "2012-09-30": "0.15450", "2012-06-30": "0.15630", "2012-03-31": "0.15710", "2011-12-31": "0.14510", "2011-09-30": "0.16650", "2011-06-30": "0.15870", "2011-03-31": "0.19450", "2010-12-31": "0.19220", "2010-09-30": "0.19170", "2010-06-30": "0.20470", "2010-03-31": "0.24120", "2009-12-31": "0.24200", "2009-09-30": "0.24730", "2009-06-30": "0.33010", "2009-03-31": "0.38740", "2008-12-31": "0.38780", "2008-09-30": "0.33660", "2008-06-30": "0.33080", "2008-03-31": "0.35600", "2007-12-31": "0.25310", "2007-09-30": "0.25200", "2007-06-30": "0.25870", "2007-03-31": "0.26050", "2006-12-31": "0.24840", "2006-09-30": "0.19280", "2006-06-30": "0.21690", "2006-03-31": "0.20120", "2005-12-31": "0.20330", "2005-09-30": "0.19960", "2005-06-30": "0.19000", "2005-03-31": "0.19870"}, "Gross Margin": {"2020-09-30": "", "2020-06-30": "", "2020-03-31": "", "2019-12-31": "", "2019-09-30": "", "2019-06-30": "", "2019-03-31": "", "2018-12-31": "", "2018-09-30": "", "2018-06-30": "", "2018-03-31": "", "2017-12-31": "", "2017-09-30": "", "2017-06-30": "", "2017-03-31": "", "2016-12-31": "", "2016-09-30": "", "2016-06-30": "", "2016-03-31": "", "2015-12-31": "", "2015-09-30": "", "2015-06-30": "", "2015-03-31": "", "2014-12-31": "", "2014-09-30": "", "2014-06-30": "", "2014-03-31": "", "2013-12-31": "", "2013-09-30": "", "2013-06-30": "", "2013-03-31": "", "2012-12-31": "", "2012-09-30": "", "2012-06-30": "", "2012-03-31": "", "2011-12-31": "", "2011-09-30": "", "2011-06-30": "", "2011-03-31": "", "2010-12-31": "", "2010-09-30": "", "2010-06-30": "", "2010-03-31": "", "2009-12-31": "", "2009-09-30": "", "2009-06-30": "", "2009-03-31": "", "2008-12-31": "", "2008-09-30": "", "2008-06-30": "", "2008-03-31": "", "2007-12-31": "", "2007-09-30": "", "2007-06-30": "", "2007-03-31": "", "2006-12-31": "", "2006-09-30": "", "2006-06-30": "", "2006-03-31": "", "2005-12-31": "", "2005-09-30": "", "2005-06-30": "", "2005-03-31": ""}, "Operating Margin": {"2020-09-30": "70.11970", "2020-06-30": "50.53930", "2020-03-31": "280.91220", "2019-12-31": "30.40500", "2019-09-30": "31.76850", "2019-06-30": "17.13180", "2019-03-31": "65.31370", "2018-12-31": "-2394.99700", "2018-09-30": "23.70410", "2018-06-30": "-9.81190", "2018-03-31": "-155.34450", "2017-12-31": "5.00000", "2017-09-30": "10.62860", "2017-06-30": "-2.03590", "2017-03-31": "-3.60360", "2016-12-31": "-23.52720", "2016-09-30": "-23.41550", "2016-06-30": "-49.18700", "2016-03-31": "3.52020", "2015-12-31": "41.50350", "2015-09-30": "-28.03110", "2015-06-30": "-0.46110", "2015-03-31": "1.22510", "2014-12-31": "-14.96550", "2014-09-30": "-9.83910", "2014-06-30": "18.29180", "2014-03-31": "21.18540", "2013-12-31": "23.02900", "2013-09-30": "11.70530", "2013-06-30": "2.84080", "2013-03-31": "25.82090", "2012-12-31": "-6.88560", "2012-09-30": "20.99230", "2012-06-30": "8.94340", "2012-03-31": "24.09470", "2011-12-31": "18.82330", "2011-09-30": "2.80990", "2011-06-30": "8.85120", "2011-03-31": "-3.88970", "2010-12-31": "12.42940", "2010-09-30": "16.04360", "2010-06-30": "2.71170", "2010-03-31": "-1.01270", "2009-12-31": "368.11600", "2009-09-30": "22.89850", "2009-06-30": "26.42550", "2009-03-31": "6.96330", "2008-12-31": "-153.01170", "2008-09-30": "-74.67640", "2008-06-30": "3.82990", "2008-03-31": "-6.95170", "2007-12-31": "18.36570", "2007-09-30": "19.69880", "2007-06-30": "17.41290", "2007-03-31": "14.10690", "2006-12-31": "25.33170", "2006-09-30": "21.60680", "2006-06-30": "8.15220", "2006-03-31": "13.47140", "2005-12-31": "4.09230", "2005-09-30": "-9.00140", "2005-06-30": "18.59250", "2005-03-31": "20.16650"}, "EBIT Margin": {"2020-09-30": "71.75190", "2020-06-30": "53.31280", "2020-03-31": "271.28380", "2019-12-31": "33.02910", "2019-09-30": "34.59810", "2019-06-30": "20.31010", "2019-03-31": "66.16700", "2018-12-31": "-2341.66300", "2018-09-30": "25.31460", "2018-06-30": "-8.50370", "2018-03-31": "-155.34450", "2017-12-31": "5.00000", "2017-09-30": "10.62860", "2017-06-30": "-2.03590", "2017-03-31": "-3.60360", "2016-12-31": "-23.52720", "2016-09-30": "-23.41550", "2016-06-30": "-49.18700", "2016-03-31": "3.52020", "2015-12-31": "41.50350", "2015-09-30": "-28.03110", "2015-06-30": "-0.46110", "2015-03-31": "1.22510", "2014-12-31": "-14.96550", "2014-09-30": "-9.83910", "2014-06-30": "18.29180", "2014-03-31": "21.18540", "2013-12-31": "23.02900", "2013-09-30": "11.70530", "2013-06-30": "2.84080", "2013-03-31": "25.82090", "2012-12-31": "-6.88560", "2012-09-30": "20.99230", "2012-06-30": "8.94340", "2012-03-31": "24.09470", "2011-12-31": "18.82330", "2011-09-30": "2.80990", "2011-06-30": "8.85120", "2011-03-31": "-3.88970", "2010-12-31": "12.42940", "2010-09-30": "16.04360", "2010-06-30": "2.71170", "2010-03-31": "-1.01270", "2009-12-31": "368.11600", "2009-09-30": "22.89850", "2009-06-30": "26.42550", "2009-03-31": "6.96330", "2008-12-31": "-153.01170", "2008-09-30": "-74.67640", "2008-06-30": "3.82990", "2008-03-31": "-6.95170", "2007-12-31": "18.36560", "2007-09-30": "19.69880", "2007-06-30": "17.41290", "2007-03-31": "14.10690", "2006-12-31": "25.33170", "2006-09-30": "21.60680", "2006-06-30": "8.15220", "2006-03-31": "13.47140", "2005-12-31": "4.09220", "2005-09-30": "-9.00140", "2005-06-30": "18.59250", "2005-03-31": "20.16650"}, "EBITDA Margin": {"2020-09-30": "", "2020-06-30": "", "2020-03-31": "", "2019-12-31": "", "2019-09-30": "", "2019-06-30": "", "2019-03-31": "", "2018-12-31": "", "2018-09-30": "", "2018-06-30": "", "2018-03-31": "", "2017-12-31": "", "2017-09-30": "", "2017-06-30": "", "2017-03-31": "", "2016-12-31": "", "2016-09-30": "", "2016-06-30": "", "2016-03-31": "", "2015-12-31": "", "2015-09-30": "", "2015-06-30": "", "2015-03-31": "", "2014-12-31": "", "2014-09-30": "", "2014-06-30": "", "2014-03-31": "", "2013-12-31": "", "2013-09-30": "", "2013-06-30": "", "2013-03-31": "", "2012-12-31": "", "2012-09-30": "", "2012-06-30": "", "2012-03-31": "", "2011-12-31": "", "2011-09-30": "", "2011-06-30": "", "2011-03-31": "", "2010-12-31": "", "2010-09-30": "", "2010-06-30": "", "2010-03-31": "", "2009-12-31": "", "2009-09-30": "", "2009-06-30": "", "2009-03-31": "", "2008-12-31": "", "2008-09-30": "", "2008-06-30": "", "2008-03-31": "", "2007-12-31": "", "2007-09-30": "", "2007-06-30": "", "2007-03-31": "", "2006-12-31": "", "2006-09-30": "", "2006-06-30": "", "2006-03-31": "", "2005-12-31": "", "2005-09-30": "", "2005-06-30": "", "2005-03-31": ""}, "Pre-Tax Profit Margin": {"2020-09-30": "69.90210", "2020-06-30": "51.11710", "2020-03-31": "280.40540", "2019-12-31": "32.23050", "2019-09-30": "32.86170", "2019-06-30": "12.24810", "2019-03-31": "64.96770", "2018-12-31": "-2401.66400", "2018-09-30": "22.29490", "2018-06-30": "-10.13900", "2018-03-31": "-156.76960", "2017-12-31": "4.56140", "2017-09-30": "9.60000", "2017-06-30": "-2.63470", "2017-03-31": "-4.05410", "2016-12-31": "-24.90680", "2016-09-30": "-24.29580", "2016-06-30": "-51.01630", "2016-03-31": "2.30170", "2015-12-31": "40.87290", "2015-09-30": "-29.34820", "2015-06-30": "-1.38320", "2015-03-31": "0.12760", "2014-12-31": "-16.19820", "2014-09-30": "-10.98390", "2014-06-30": "16.76110", "2014-03-31": "19.44010", "2013-12-31": "21.41720", "2013-09-30": "9.63250", "2013-06-30": "0.73570", "2013-03-31": "24.19510", "2012-12-31": "-8.95130", "2012-09-30": "19.37200", "2012-06-30": "6.93340", "2012-03-31": "22.36340", "2011-12-31": "16.03470", "2011-09-30": "0.25910", "2011-06-30": "6.52100", "2011-03-31": "-6.36330", "2010-12-31": "10.78470", "2010-09-30": "13.64790", "2010-06-30": "0.58000", "2010-03-31": "-2.58490", "2009-12-31": "338.22430", "2009-09-30": "21.47670", "2009-06-30": "24.92410", "2009-03-31": "5.00780", "2008-12-31": "-158.89240", "2008-09-30": "-77.97740", "2008-06-30": "0.22130", "2008-03-31": "-10.89670", "2007-12-31": "15.44480", "2007-09-30": "16.57430", "2007-06-30": "14.55480", "2007-03-31": "11.31120", "2006-12-31": "23.18980", "2006-09-30": "19.26320", "2006-06-30": "5.96220", "2006-03-31": "11.04180", "2005-12-31": "1.89020", "2005-09-30": "-11.10730", "2005-06-30": "16.49160", "2005-03-31": "18.19150"}, "Net Profit Margin": {"2020-09-30": "50.68550", "2020-06-30": "44.45300", "2020-03-31": "217.56760", "2019-12-31": "34.74040", "2019-09-30": "31.31830", "2019-06-30": "15.89150", "2019-03-31": "65.59040", "2018-12-31": "-2291.66400", "2018-09-30": "20.53350", "2018-06-30": "2.86180", "2018-03-31": "-114.01430", "2017-12-31": "19.73690", "2017-09-30": "642.40000", "2017-06-30": "16.28740", "2017-03-31": "32.65770", "2016-12-31": "-12.41610", "2016-09-30": "159.85920", "2016-06-30": "693.29270", "2016-03-31": "3.52020", "2015-12-31": "44.45740", "2015-09-30": "-19.89190", "2015-06-30": "1.16630", "2015-03-31": "21.51610", "2014-12-31": "17.23370", "2014-09-30": "15.87250", "2014-06-30": "14.61810", "2014-03-31": "16.50250", "2013-12-31": "18.81580", "2013-09-30": "9.96340", "2013-06-30": "5.37500", "2013-03-31": "19.19030", "2012-12-31": "12.07630", "2012-09-30": "2.73870", "2012-06-30": "4.81280", "2012-03-31": "14.89840", "2011-12-31": "136.08230", "2011-09-30": "-3.14870", "2011-06-30": "2.09540", "2011-03-31": "-5.32480", "2010-12-31": "9.15250", "2010-09-30": "9.20150", "2010-06-30": "0.36250", "2010-03-31": "-3.81940", "2009-12-31": "180.79680", "2009-09-30": "13.27010", "2009-06-30": "14.79200", "2009-03-31": "3.13500", "2008-12-31": "-60.69080", "2008-09-30": "-44.77350", "2008-06-30": "-0.88530", "2008-03-31": "-6.05610", "2007-12-31": "8.42140", "2007-09-30": "9.64170", "2007-06-30": "8.47510", "2007-03-31": "7.90670", "2006-12-31": "22.18190", "2006-09-30": "13.66550", "2006-06-30": "9.64280", "2006-03-31": "9.07540", "2005-12-31": "3.14720", "2005-09-30": "-5.63010", "2005-06-30": "12.53740", "2005-03-31": "14.38830"}, "Asset Turnover": {"2020-09-30": "0.10480", "2020-06-30": "0.06490", "2020-03-31": "-0.01580", "2019-12-31": "0.04400", "2019-09-30": "0.04050", "2019-06-30": "0.03440", "2019-03-31": "0.11950", "2018-12-31": "0.00180", "2018-09-30": "0.05810", "2018-06-30": "0.03630", "2018-03-31": "0.01170", "2017-12-31": "0.03120", "2017-09-30": "0.02410", "2017-06-30": "0.01230", "2017-03-31": "0.01360", "2016-12-31": "0.04110", "2016-09-30": "0.00850", "2016-06-30": "0.00700", "2016-03-31": "0.03550", "2015-12-31": "0.05860", "2015-09-30": "0.02860", "2015-06-30": "0.03540", "2015-03-31": "0.03730", "2014-12-31": "0.03880", "2014-09-30": "0.02650", "2014-06-30": "0.05290", "2014-03-31": "0.04660", "2013-12-31": "0.05160", "2013-09-30": "0.04660", "2013-06-30": "0.03980", "2013-03-31": "0.04970", "2012-12-31": "0.04390", "2012-09-30": "0.05180", "2012-06-30": "0.04080", "2012-03-31": "0.04710", "2011-12-31": "0.04180", "2011-09-30": "0.03440", "2011-06-30": "0.03900", "2011-03-31": "0.03630", "2010-12-31": "0.05480", "2010-09-30": "0.03670", "2010-06-30": "0.04450", "2010-03-31": "0.06550", "2009-12-31": "0.00360", "2009-09-30": "0.07670", "2009-06-30": "0.07840", "2009-03-31": "0.06180", "2008-12-31": "0.02200", "2008-09-30": "0.03480", "2008-06-30": "0.05560", "2008-03-31": "0.04840", "2007-12-31": "0.06300", "2007-09-30": "0.05860", "2007-06-30": "0.06310", "2007-03-31": "0.06050", "2006-12-31": "0.06940", "2006-09-30": "0.06340", "2006-06-30": "0.06410", "2006-03-31": "0.05540", "2005-12-31": "0.05450", "2005-09-30": "0.05950", "2005-06-30": "0.06100", "2005-03-31": "0.06510"}, "Inventory Turnover Ratio": {"2020-09-30": "", "2020-06-30": "", "2020-03-31": "", "2019-12-31": "", "2019-09-30": "", "2019-06-30": "", "2019-03-31": "", "2018-12-31": "", "2018-09-30": "", "2018-06-30": "", "2018-03-31": "", "2017-12-31": "", "2017-09-30": "", "2017-06-30": "", "2017-03-31": "", "2016-12-31": "", "2016-09-30": "", "2016-06-30": "", "2016-03-31": "", "2015-12-31": "", "2015-09-30": "", "2015-06-30": "", "2015-03-31": "", "2014-12-31": "", "2014-09-30": "", "2014-06-30": "", "2014-03-31": "", "2013-12-31": "", "2013-09-30": "", "2013-06-30": "", "2013-03-31": "", "2012-12-31": "", "2012-09-30": "", "2012-06-30": "", "2012-03-31": "", "2011-12-31": "", "2011-09-30": "", "2011-06-30": "", "2011-03-31": "", "2010-12-31": "", "2010-09-30": "", "2010-06-30": "", "2010-03-31": "", "2009-12-31": "", "2009-09-30": "", "2009-06-30": "", "2009-03-31": "", "2008-12-31": "", "2008-09-30": "", "2008-06-30": "", "2008-03-31": "", "2007-12-31": "", "2007-09-30": "", "2007-06-30": "", "2007-03-31": "", "2006-12-31": "", "2006-09-30": "", "2006-06-30": "", "2006-03-31": "", "2005-12-31": "", "2005-09-30": "", "2005-06-30": "", "2005-03-31": ""}, "Receiveable Turnover": {"2020-09-30": "", "2020-06-30": "", "2020-03-31": "", "2019-12-31": "", "2019-09-30": "", "2019-06-30": "", "2019-03-31": "", "2018-12-31": "", "2018-09-30": "", "2018-06-30": "", "2018-03-31": "", "2017-12-31": "", "2017-09-30": "", "2017-06-30": "", "2017-03-31": "", "2016-12-31": "", "2016-09-30": "", "2016-06-30": "", "2016-03-31": "", "2015-12-31": "", "2015-09-30": "", "2015-06-30": "", "2015-03-31": "", "2014-12-31": "", "2014-09-30": "", "2014-06-30": "", "2014-03-31": "", "2013-12-31": "", "2013-09-30": "", "2013-06-30": "", "2013-03-31": "", "2012-12-31": "", "2012-09-30": "", "2012-06-30": "", "2012-03-31": "", "2011-12-31": "", "2011-09-30": "", "2011-06-30": "", "2011-03-31": "", "2010-12-31": "", "2010-09-30": "", "2010-06-30": "", "2010-03-31": "", "2009-12-31": "", "2009-09-30": "", "2009-06-30": "", "2009-03-31": "", "2008-12-31": "", "2008-09-30": "", "2008-06-30": "", "2008-03-31": "", "2007-12-31": "", "2007-09-30": "", "2007-06-30": "", "2007-03-31": "", "2006-12-31": "", "2006-09-30": "", "2006-06-30": "", "2006-03-31": "", "2005-12-31": "", "2005-09-30": "", "2005-06-30": "", "2005-03-31": ""}, "Days Sales In Receivables": {"2020-09-30": "", "2020-06-30": "", "2020-03-31": "", "2019-12-31": "", "2019-09-30": "", "2019-06-30": "", "2019-03-31": "", "2018-12-31": "", "2018-09-30": "", "2018-06-30": "", "2018-03-31": "", "2017-12-31": "", "2017-09-30": "", "2017-06-30": "", "2017-03-31": "", "2016-12-31": "", "2016-09-30": "", "2016-06-30": "", "2016-03-31": "", "2015-12-31": "", "2015-09-30": "", "2015-06-30": "", "2015-03-31": "", "2014-12-31": "", "2014-09-30": "", "2014-06-30": "", "2014-03-31": "", "2013-12-31": "", "2013-09-30": "", "2013-06-30": "", "2013-03-31": "", "2012-12-31": "", "2012-09-30": "", "2012-06-30": "", "2012-03-31": "", "2011-12-31": "", "2011-09-30": "", "2011-06-30": "", "2011-03-31": "", "2010-12-31": "", "2010-09-30": "", "2010-06-30": "", "2010-03-31": "", "2009-12-31": "", "2009-09-30": "", "2009-06-30": "", "2009-03-31": "", "2008-12-31": "", "2008-09-30": "", "2008-06-30": "", "2008-03-31": "", "2007-12-31": "", "2007-09-30": "", "2007-06-30": "", "2007-03-31": "", "2006-12-31": "", "2006-09-30": "", "2006-06-30": "", "2006-03-31": "", "2005-12-31": "", "2005-09-30": "", "2005-06-30": "", "2005-03-31": ""}, "ROE - Return On Equity": {"2020-09-30": "6.72970", "2020-06-30": "3.54520", "2020-03-31": "-4.74810", "2019-12-31": "1.46600", "2019-09-30": "1.37740", "2019-06-30": "0.52860", "2019-03-31": "9.11590", "2018-12-31": "-5.16890", "2018-09-30": "1.68690", "2018-06-30": "-0.53260", "2018-03-31": "-2.02380", "2017-12-31": "0.22910", "2017-09-30": "0.37160", "2017-06-30": "-0.03190", "2017-03-31": "-0.08780", "2016-12-31": "-1.17870", "2016-09-30": "0.08680", "2016-06-30": "-0.51470", "2016-03-31": "0.42950", "2015-12-31": "5.66160", "2015-09-30": "-1.93520", "2015-06-30": "0.08750", "2015-03-31": "0.07050", "2014-12-31": "-0.87040", "2014-09-30": "-0.52900", "2014-06-30": "2.11560", "2014-03-31": "2.10690", "2013-12-31": "2.69480", "2013-09-30": "1.29920", "2013-06-30": "0.26970", "2013-03-31": "2.78840", "2012-12-31": "1.31040", "2012-09-30": "2.16970", "2012-06-30": "0.86980", "2012-03-31": "2.78220", "2011-12-31": "3.63550", "2011-09-30": "0.08460", "2011-06-30": "0.80650", "2011-03-31": "-0.45850", "2010-12-31": "2.10050", "2010-09-30": "1.67150", "2010-06-30": "0.27400", "2010-03-31": "-0.89780", "2009-12-31": "3.54260", "2009-09-30": "4.53660", "2009-06-30": "5.81090", "2009-03-31": "1.06250", "2008-12-31": "-7.01490", "2008-09-30": "-8.11200", "2008-06-30": "0.24580", "2008-03-31": "-1.48100", "2007-12-31": "4.19870", "2007-09-30": "2.35390", "2007-06-30": "2.24250", "2007-03-31": "2.02950", "2006-12-31": "6.23750", "2006-09-30": "3.93570", "2006-06-30": "2.99670", "2006-03-31": "2.47920", "2005-12-31": "0.86870", "2005-09-30": "-1.70750", "2005-06-30": "3.58770", "2005-03-31": "4.50610"}, "Return On Tangible Equity": {"2020-09-30": "8.79230", "2020-06-30": "4.71480", "2020-03-31": "-6.07620", "2019-12-31": "1.85140", "2019-09-30": "1.75520", "2019-06-30": "0.67940", "2019-03-31": "11.00040", "2018-12-31": "-6.44290", "2018-09-30": "2.03450", "2018-06-30": "-0.64650", "2018-03-31": "-2.06080", "2017-12-31": "0.23340", "2017-09-30": "0.37580", "2017-06-30": "-0.03230", "2017-03-31": "-0.08910", "2016-12-31": "-1.19320", "2016-09-30": "0.08820", "2016-06-30": "-0.52150", "2016-03-31": "0.47080", "2015-12-31": "5.73440", "2015-09-30": "-2.12830", "2015-06-30": "0.09510", "2015-03-31": "0.07660", "2014-12-31": "-0.94340", "2014-09-30": "-0.52900", "2014-06-30": "2.11560", "2014-03-31": "2.10690", "2013-12-31": "2.70750", "2013-09-30": "1.29920", "2013-06-30": "0.26970", "2013-03-31": "2.78840", "2012-12-31": "1.31040", "2012-09-30": "2.16970", "2012-06-30": "0.86980", "2012-03-31": "2.78220", "2011-12-31": "3.63550", "2011-09-30": "0.08460", "2011-06-30": "0.80650", "2011-03-31": "-0.45850", "2010-12-31": "2.10050", "2010-09-30": "1.67150", "2010-06-30": "0.27400", "2010-03-31": "-0.89780", "2009-12-31": "3.54260", "2009-09-30": "4.53660", "2009-06-30": "5.81090", "2009-03-31": "1.06250", "2008-12-31": "-7.01490", "2008-09-30": "-8.11200", "2008-06-30": "0.24580", "2008-03-31": "-1.48100", "2007-12-31": "4.19870", "2007-09-30": "2.35390", "2007-06-30": "2.24250", "2007-03-31": "2.02950", "2006-12-31": "6.23750", "2006-09-30": "3.93570", "2006-06-30": "2.99670", "2006-03-31": "2.47920", "2005-12-31": "0.86870", "2005-09-30": "-1.70750", "2005-06-30": "3.58770", "2005-03-31": "4.50610"}, "ROA - Return On Assets": {"2020-09-30": "5.08050", "2020-06-30": "2.71480", "2020-03-31": "-3.75700", "2019-12-31": "1.15740", "2019-09-30": "1.10260", "2019-06-30": "0.42380", "2019-03-31": "7.48000", "2018-12-31": "-4.17830", "2018-09-30": "1.39940", "2018-06-30": "-0.44240", "2018-03-31": "-1.85950", "2017-12-31": "0.21040", "2017-09-30": "0.34090", "2017-06-30": "-0.01770", "2017-03-31": "-0.05060", "2016-12-31": "-0.67180", "2016-09-30": "0.04940", "2016-06-30": "-0.29860", "2016-03-31": "0.17510", "2015-12-31": "2.40500", "2015-09-30": "-0.78680", "2015-06-30": "0.03740", "2015-03-31": "0.03050", "2014-12-31": "-0.37780", "2014-09-30": "-0.19530", "2014-06-30": "0.78900", "2014-03-31": "0.76830", "2013-12-31": "0.97580", "2013-09-30": "0.45260", "2013-06-30": "0.09200", "2013-03-31": "0.94680", "2012-12-31": "0.43270", "2012-09-30": "0.70530", "2012-06-30": "0.28390", "2012-03-31": "0.89620", "2011-12-31": "1.20660", "2011-09-30": "0.02330", "2011-06-30": "0.23940", "2011-03-31": "-0.13220", "2010-12-31": "0.61580", "2010-09-30": "0.47620", "2010-06-30": "0.07350", "2010-03-31": "-0.24140", "2009-12-31": "0.99590", "2009-09-30": "1.22930", "2009-06-30": "1.43910", "2009-03-31": "0.23660", "2008-12-31": "-1.55010", "2008-09-30": "-1.85480", "2008-06-30": "0.06040", "2008-03-31": "-0.35790", "2007-12-31": "1.03710", "2007-09-30": "0.56490", "2007-06-30": "0.53480", "2007-03-31": "0.47830", "2006-12-31": "1.42930", "2006-09-30": "0.86630", "2006-06-30": "0.61830", "2006-03-31": "0.50310", "2005-12-31": "0.17150", "2005-09-30": "-0.33490", "2005-06-30": "0.76520", "2005-03-31": "0.93630"}, "ROI - Return On Investment": {"2020-09-30": "6.07040", "2020-06-30": "3.18190", "2020-03-31": "-4.31800", "2019-12-31": "1.34470", "2019-09-30": "1.28140", "2019-06-30": "0.49100", "2019-03-31": "8.55470", "2018-12-31": "-4.82670", "2018-09-30": "1.59460", "2018-06-30": "-0.50220", "2018-03-31": "-2.01070", "2017-12-31": "0.22750", "2017-09-30": "0.37050", "2017-06-30": "-0.03180", "2017-03-31": "-0.08160", "2016-12-31": "-1.17470", "2016-09-30": "0.08070", "2016-06-30": "-0.48070", "2016-03-31": "0.38160", "2015-12-31": "5.25540", "2015-09-30": "-1.77360", "2015-06-30": "0.07490", "2015-03-31": "0.06050", "2014-12-31": "-0.80920", "2014-09-30": "-0.45970", "2014-06-30": "1.84450", "2014-03-31": "1.83270", "2013-12-31": "2.33550", "2013-09-30": "1.12220", "2013-06-30": "0.23220", "2013-03-31": "2.40810", "2012-12-31": "1.11390", "2012-09-30": "1.87930", "2012-06-30": "0.75220", "2012-03-31": "2.40440", "2011-12-31": "3.17470", "2011-09-30": "0.07250", "2011-06-30": "0.69600", "2011-03-31": "-0.38390", "2010-12-31": "1.76200", "2010-09-30": "1.40270", "2010-06-30": "0.22740", "2010-03-31": "-0.72330", "2009-12-31": "2.85230", "2009-09-30": "3.63710", "2009-06-30": "4.36870", "2009-03-31": "0.76580", "2008-12-31": "-5.05490", "2008-09-30": "-6.06930", "2008-06-30": "0.18470", "2008-03-31": "-1.09220", "2007-12-31": "3.35070", "2007-09-30": "1.88000", "2007-06-30": "1.78160", "2007-03-31": "1.61010", "2006-12-31": "4.99640", "2006-09-30": "3.29950", "2006-06-30": "2.46250", "2006-03-31": "2.06390", "2005-12-31": "0.72200", "2005-09-30": "-1.42340", "2005-06-30": "3.01470", "2005-03-31": "3.75910"}, "Book Value Per Share": {"2020-09-30": "1066.79600", "2020-06-30": "987.52420", "2020-03-31": "943.89160", "2019-12-31": "987.34690", "2019-09-30": "964.17580", "2019-06-30": "944.39560", "2019-03-31": "936.27790", "2018-12-31": "856.66560", "2018-09-30": "892.67530", "2018-06-30": "879.71700", "2018-03-31": "878.17750", "2017-12-31": "896.21330", "2017-09-30": "889.92000", "2017-06-30": "823.29400", "2017-03-31": "821.69260", "2016-12-31": "814.19810", "2016-09-30": "830.18120", "2016-06-30": "825.82590", "2016-03-31": "782.51150", "2015-12-31": "776.67140", "2015-09-30": "732.16710", "2015-06-30": "747.94500", "2015-03-31": "757.64350", "2014-12-31": "758.16910", "2014-09-30": "746.31710", "2014-06-30": "749.24400", "2014-03-31": "733.38200", "2013-12-31": "711.89900", "2013-09-30": "694.05870", "2013-06-30": "678.49740", "2013-03-31": "693.32900", "2012-12-31": "676.87180", "2012-09-30": "665.00600", "2012-06-30": "653.77080", "2012-03-31": "649.11880", "2011-12-31": "615.98050", "2011-09-30": "526.68070", "2011-06-30": "529.68960", "2011-03-31": "527.78690", "2010-12-31": "519.92680", "2010-09-30": "511.99810", "2010-06-30": "487.62310", "2010-03-31": "484.83360", "2009-12-31": "490.01130", "2009-09-30": "479.53270", "2009-06-30": "434.79340", "2009-03-31": "393.30250", "2008-12-31": "398.73990", "2008-09-30": "388.99630", "2008-06-30": "435.68040", "2008-03-31": "442.68690", "2007-12-31": "446.59840", "2007-09-30": "436.46590", "2007-06-30": "421.99780", "2007-03-31": "419.31880", "2006-12-31": "413.17810", "2006-09-30": "382.06870", "2006-06-30": "358.46940", "2006-03-31": "359.20220", "2005-12-31": "355.61740", "2005-09-30": "360.38610", "2005-06-30": "379.78470", "2005-03-31": "363.10910"}, "Operating Cash Flow Per Share": {"2020-09-30": 16.6799, "2020-06-30": 6.3287, "2020-03-31": "-19.02040", "2019-12-31": -15.2891, "2019-09-30": -23.6476, "2019-06-30": 13.6623, "2019-03-31": "-13.08920", "2018-12-31": 0.2583, "2018-09-30": -2.0737, "2018-06-30": 4.5581, "2018-03-31": "-12.04850", "2017-12-31": 0.4924, "2017-09-30": 17.1509, "2017-06-30": 17.1068, "2017-03-31": "-12.43350", "2016-12-31": -5.6076, "2016-09-30": 7.7341, "2016-06-30": -20.3446, "2016-03-31": "-15.78280", "2015-12-31": 17.3485, "2015-09-30": 20.8582, "2015-06-30": 3.7101, "2015-03-31": "-9.74660", "2014-12-31": -0.443, "2014-09-30": 27.2167, "2014-06-30": 0.764, "2014-03-31": "-7.73770", "2013-12-31": -4.7108, "2013-09-30": 31.8369, "2013-06-30": -7.1762, "2013-03-31": "-36.30350", "2012-12-31": -13.8534, "2012-09-30": 23.5584, "2012-06-30": 1.4853, "2012-03-31": "-44.84660", "2011-12-31": -19.8315, "2011-09-30": 22.3696, "2011-06-30": -1.0595, "2011-03-31": "-16.13550", "2010-12-31": 9.2738, "2010-09-30": -8.8611, "2010-06-30": 14.464, "2010-03-31": "-8.09370", "2009-12-31": -0.3781, "2009-09-30": 19.412, "2009-06-30": -20.679, "2009-03-31": "-3.68230", "2008-12-31": -4.15, "2008-09-30": 18.6093, "2008-06-30": -3.207, "2008-03-31": "-2.54690", "2007-12-31": 17.0209, "2007-09-30": 21.3274, "2007-06-30": 6.7611, "2007-03-31": "-13.08200", "2006-12-31": 3.1722, "2006-09-30": 19.5547, "2006-06-30": -0.4078, "2006-03-31": "-13.47900", "2005-12-31": -23.4392, "2005-09-30": 20.9204, "2005-06-30": -1.6152, "2005-03-31": "-22.26960"}, "Free Cash Flow Per Share": {"2020-09-30": 16.6799, "2020-06-30": 6.3287, "2020-03-31": "-19.02040", "2019-12-31": -15.2891, "2019-09-30": -23.6476, "2019-06-30": 13.6623, "2019-03-31": "-13.08920", "2018-12-31": 0.2583, "2018-09-30": -2.0737, "2018-06-30": 4.5581, "2018-03-31": "-12.04850", "2017-12-31": 0.4924, "2017-09-30": 17.173, "2017-06-30": 17.0847, "2017-03-31": "-12.43350", "2016-12-31": -5.4206, "2016-09-30": 7.8645, "2016-06-30": -20.4251, "2016-03-31": "-16.01970", "2015-12-31": 11.0666, "2015-09-30": 17.8571, "2015-06-30": 13.6688, "2015-03-31": "-10.42230", "2014-12-31": -0.6512, "2014-09-30": 27.3163, "2014-06-30": 0.2046, "2014-03-31": "-7.81970", "2013-12-31": -4.8949, "2013-09-30": 31.1462, "2013-06-30": -7.6309, "2013-03-31": "-36.86840", "2012-12-31": -13.9652, "2012-09-30": 23.4497, "2012-06-30": 1.4437, "2012-03-31": "-44.92730", "2011-12-31": -20.115, "2011-09-30": 22.4689, "2011-06-30": -1.3055, "2011-03-31": "-16.40940", "2010-12-31": 8.9509, "2010-09-30": -9.124, "2010-06-30": 14.4605, "2010-03-31": "-8.20690", "2009-12-31": 0.1461, "2009-09-30": 18.6481, "2009-06-30": -21.0004, "2009-03-31": "-3.98820", "2008-12-31": -4.2036, "2008-09-30": 18.3422, "2008-06-30": -3.5118, "2008-03-31": "-2.85930", "2007-12-31": 16.4298, "2007-09-30": 20.6638, "2007-06-30": 5.9311, "2007-03-31": "-13.42390", "2006-12-31": 2.4433, "2006-09-30": 19.2393, "2006-06-30": -0.6131, "2006-03-31": "-14.06220", "2005-12-31": -23.6234, "2005-09-30": 20.5024, "2005-06-30": -4.5057, "2005-03-31": "-22.34370"}}, "revenue": {"White Mountains Insurance Group Annual Revenue (Millions of US $)": {"2019": "$893", "2018": "$369", "2017": "$374", "2016": "$158", "2015": "$440", "2014": "$1,411", "2013": "$1,362", "2012": "$2,436", "2011": "$2,173", "2010": "$2,334", "2009": "$3,443", "2008": "$2,945", "2007": "$4,734", "2006": "$4,794", "2005": "$4,632"}, "White Mountains Insurance Group Quarterly Revenue (Millions of US $)": {"2020-09-30": "$460", "2020-06-30": "$260", "2020-03-31": "$-59", "2019-12-31": "$175", "2019-09-30": "$156", "2019-06-30": "$129", "2019-03-31": "$434", "2018-12-31": "$6", "2018-09-30": "$199", "2018-06-30": "$122", "2018-03-31": "$42", "2017-12-31": "$114", "2017-09-30": "$88", "2017-06-30": "$84", "2017-03-31": "$89", "2016-12-31": "$268", "2016-09-30": "$57", "2016-06-30": "$49", "2016-03-31": "$369", "2015-12-31": "$603", "2015-09-30": "$296", "2015-06-30": "$369", "2015-03-31": "$392", "2014-12-31": "$406", "2014-09-30": "$323", "2014-06-30": "$653", "2014-03-31": "$579", "2013-12-31": "$627", "2013-09-30": "$574", "2013-06-30": "$489", "2013-03-31": "$627", "2012-12-31": "$566", "2012-09-30": "$697", "2012-06-30": "$542", "2012-03-31": "$630", "2011-12-31": "$588", "2011-09-30": "$502", "2011-06-30": "$554", "2011-03-31": "$530", "2010-12-31": "$797", "2010-09-30": "$551", "2010-06-30": "$690", "2010-03-31": "$1,037", "2009-12-31": "$55", "2009-09-30": "$1,203", "2009-06-30": "$1,219", "2009-03-31": "$967", "2008-12-31": "$350", "2008-09-30": "$618", "2008-06-30": "$1,039", "2008-03-31": "$938", "2007-12-31": "$1,202", "2007-09-30": "$1,155", "2007-06-30": "$1,211", "2007-03-31": "$1,166", "2006-12-31": "$1,349", "2006-09-30": "$1,186", "2006-06-30": "$1,201", "2006-03-31": "$1,058", "2005-12-31": "$1,058", "2005-09-30": "$1,178", "2005-06-30": "$1,171", "2005-03-31": "$1,225"}}, "gross-profit": {"White Mountains Insurance Group Annual Gross Profit (Millions of US $)": {"2019": "$774", "2018": "$86", "2017": "$229", "2016": "$42", "2015": "$332", "2014": "$201", "2013": "$324", "2012": "$490", "2011": "$329", "2010": "$402", "2009": "$1,065", "2008": "$-773", "2007": "$1,042", "2006": "$1,081", "2005": "$588"}, "White Mountains Insurance Group Quarterly Gross Profit (Millions of US $)": {"2020-09-30": "$438", "2020-06-30": "$234", "2020-03-31": "$-81", "2019-12-31": "$155", "2019-09-30": "$136", "2019-06-30": "$108", "2019-03-31": "$375", "2018-12-31": "$-74", "2018-09-30": "$124", "2018-06-30": "$53", "2018-03-31": "$-17", "2017-12-31": "$62", "2017-09-30": "$53", "2017-06-30": "$56", "2017-03-31": "$58", "2016-12-31": "$6", "2016-09-30": "$29", "2016-06-30": "$21", "2016-03-31": "$100", "2015-12-31": "$321", "2015-09-30": "$14", "2015-06-30": "$62", "2015-03-31": "$115", "2014-12-31": "$29", "2014-09-30": "$31", "2014-06-30": "$190", "2014-03-31": "$173", "2013-12-31": "$200", "2013-09-30": "$109", "2013-06-30": "$54", "2013-03-31": "$206", "2012-12-31": "$-3", "2012-09-30": "$205", "2012-06-30": "$91", "2012-03-31": "$197", "2011-12-31": "$166", "2011-09-30": "$50", "2011-06-30": "$105", "2011-03-31": "$7", "2010-12-31": "$147", "2010-09-30": "$121", "2010-06-30": "$71", "2010-03-31": "$37", "2009-12-31": "$204", "2009-09-30": "$354", "2009-06-30": "$382", "2009-03-31": "$126", "2008-12-31": "$-478", "2008-09-30": "$-391", "2008-06-30": "$100", "2008-03-31": "$-4", "2007-12-31": "$265", "2007-09-30": "$276", "2007-06-30": "$279", "2007-03-31": "$223", "2006-12-31": "$446", "2006-09-30": "$316", "2006-06-30": "$127", "2006-03-31": "$192", "2005-12-31": "$61", "2005-09-30": "$-56", "2005-06-30": "$288", "2005-03-31": "$295"}}, "operating-income": {"White Mountains Insurance Group Annual Operating Income (Millions of US $)": {"2019": "$408", "2018": "$-174", "2017": "$10", "2016": "$-144", "2015": "$131", "2014": "$-15", "2013": "$175", "2012": "$308", "2011": "$153", "2010": "$247", "2009": "$868", "2008": "$-1,023", "2007": "$824", "2006": "$839", "2005": "$402"}, "White Mountains Insurance Group Quarterly Operating Income (Millions of US $)": {"2020-09-30": "$322", "2020-06-30": "$131", "2020-03-31": "$-166", "2019-12-31": "$53", "2019-09-30": "$49", "2019-06-30": "$22", "2019-03-31": "$283", "2018-12-31": "$-144", "2018-09-30": "$47", "2018-06-30": "$-12", "2018-03-31": "$-65", "2017-12-31": "$6", "2017-09-30": "$9", "2017-06-30": "$-2", "2017-03-31": "$-3", "2016-12-31": "$-63", "2016-09-30": "$-13", "2016-06-30": "$-24", "2016-03-31": "$13", "2015-12-31": "$250", "2015-09-30": "$-83", "2015-06-30": "$-2", "2015-03-31": "$5", "2014-12-31": "$-61", "2014-09-30": "$-32", "2014-06-30": "$120", "2014-03-31": "$123", "2013-12-31": "$144", "2013-09-30": "$67", "2013-06-30": "$14", "2013-03-31": "$162", "2012-12-31": "$-39", "2012-09-30": "$146", "2012-06-30": "$49", "2012-03-31": "$152", "2011-12-31": "$111", "2011-09-30": "$14", "2011-06-30": "$49", "2011-03-31": "$-21", "2010-12-31": "$99", "2010-09-30": "$88", "2010-06-30": "$19", "2010-03-31": "$-11", "2009-12-31": "$203", "2009-09-30": "$275", "2009-06-30": "$322", "2009-03-31": "$67", "2008-12-31": "$-536", "2008-09-30": "$-462", "2008-06-30": "$40", "2008-03-31": "$-65", "2007-12-31": "$221", "2007-09-30": "$228", "2007-06-30": "$211", "2007-03-31": "$165", "2006-12-31": "$342", "2006-09-30": "$256", "2006-06-30": "$98", "2006-03-31": "$143", "2005-12-31": "$43", "2005-09-30": "$-106", "2005-06-30": "$218", "2005-03-31": "$247"}}, "ebitda": {"White Mountains Insurance Group Annual EBITDA (Millions of US $)": {"2019": "$465", "2018": "$-127", "2017": "$47", "2016": "$-105", "2015": "$150", "2014": "$20", "2013": "$203", "2012": "$358", "2011": "$153", "2010": "$247", "2009": "$868", "2008": "$-1,023", "2007": "$824", "2006": "$839", "2005": "$402"}, "White Mountains Insurance Group Quarterly EBITDA (Millions of US $)": {"2020-09-30": "$343", "2020-06-30": "$152", "2020-03-31": "$-148", "2019-12-31": "$70", "2019-09-30": "$65", "2019-06-30": "$33", "2019-03-31": "$298", "2018-12-31": "$-130", "2018-09-30": "$63", "2018-06-30": "$-3", "2018-03-31": "$-57", "2017-12-31": "$17", "2017-09-30": "$16", "2017-06-30": "$10", "2017-03-31": "$4", "2016-12-31": "$-38", "2016-09-30": "$-9", "2016-06-30": "$-27", "2016-03-31": "$24", "2015-12-31": "$237", "2015-09-30": "$-72", "2015-06-30": "$4", "2015-03-31": "$20", "2014-12-31": "$-53", "2014-09-30": "$-37", "2014-06-30": "$137", "2014-03-31": "$138", "2013-12-31": "$144", "2013-09-30": "$67", "2013-06-30": "$14", "2013-03-31": "$162", "2012-12-31": "$-39", "2012-09-30": "$146", "2012-06-30": "$49", "2012-03-31": "$152", "2011-12-31": "$111", "2011-09-30": "$14", "2011-06-30": "$49", "2011-03-31": "$-21", "2010-12-31": "$99", "2010-09-30": "$88", "2010-06-30": "$19", "2010-03-31": "$-11", "2009-12-31": "$203", "2009-09-30": "$275", "2009-06-30": "$322", "2009-03-31": "$67", "2008-12-31": "$-536", "2008-09-30": "$-462", "2008-06-30": "$40", "2008-03-31": "$-65", "2007-12-31": "$221", "2007-09-30": "$228", "2007-06-30": "$211", "2007-03-31": "$165", "2006-12-31": "$342", "2006-09-30": "$256", "2006-06-30": "$98", "2006-03-31": "$143", "2005-12-31": "$43", "2005-09-30": "$-106", "2005-06-30": "$218", "2005-03-31": "$247"}}, "net-income": {"White Mountains Insurance Group Annual Net Income (Millions of US $)": {"2019": "$415", "2018": "$-141", "2017": "$627", "2016": "$402", "2015": "$295", "2014": "$312", "2013": "$322", "2012": "$207", "2011": "$768", "2010": "$87", "2009": "$470", "2008": "$-555", "2007": "$407", "2006": "$673", "2005": "$290"}, "White Mountains Insurance Group Quarterly Net Income (Millions of US $)": {"2020-09-30": "$233", "2020-06-30": "$115", "2020-03-31": "$-129", "2019-12-31": "$61", "2019-09-30": "$49", "2019-06-30": "$21", "2019-03-31": "$284", "2018-12-31": "$-138", "2018-09-30": "$41", "2018-06-30": "$4", "2018-03-31": "$-48", "2017-12-31": "$23", "2017-09-30": "$562", "2017-06-30": "$14", "2017-03-31": "$29", "2016-12-31": "$-33", "2016-09-30": "$91", "2016-06-30": "$341", "2016-03-31": "$13", "2015-12-31": "$268", "2015-09-30": "$-59", "2015-06-30": "$4", "2015-03-31": "$84", "2014-12-31": "$70", "2014-09-30": "$51", "2014-06-30": "$96", "2014-03-31": "$96", "2013-12-31": "$118", "2013-09-30": "$57", "2013-06-30": "$26", "2013-03-31": "$120", "2012-12-31": "$68", "2012-09-30": "$19", "2012-06-30": "$26", "2012-03-31": "$94", "2011-12-31": "$800", "2011-09-30": "$-16", "2011-06-30": "$12", "2011-03-31": "$-28", "2010-12-31": "$73", "2010-09-30": "$51", "2010-06-30": "$3", "2010-03-31": "$-40", "2009-12-31": "$100", "2009-09-30": "$160", "2009-06-30": "$180", "2009-03-31": "$30", "2008-12-31": "$-213", "2008-09-30": "$-277", "2008-06-30": "$-9", "2008-03-31": "$-57", "2007-12-31": "$101", "2007-09-30": "$111", "2007-06-30": "$103", "2007-03-31": "$92", "2006-12-31": "$299", "2006-09-30": "$162", "2006-06-30": "$116", "2006-03-31": "$96", "2005-12-31": "$33", "2005-09-30": "$-66", "2005-06-30": "$147", "2005-03-31": "$176"}}, "eps-earnings-per-share-diluted": {"White Mountains Insurance Group Annual EPS": {"2019": "$130.27", "2018": "$-41.76", "2017": "$146.06", "2016": "$80.06", "2015": "$50.20", "2014": "$51.13", "2013": "$51.85", "2012": "$30.50", "2011": "$97.44", "2010": "$10.12", "2009": "$53.10", "2008": "$-54.26", "2007": "$37.73", "2006": "$62.32", "2005": "$26.56"}, "White Mountains Insurance Group Quarterly EPS": {"2020-09-30": "$75.09", "2020-06-30": "$37.14", "2020-03-31": "$-40.54", "2019-12-31": "$18.90", "2019-09-30": "$15.29", "2019-06-30": "$6.44", "2019-03-31": "$89.64", "2018-12-31": "$-42.79", "2018-09-30": "$12.83", "2018-06-30": "$1.02", "2018-03-31": "$-12.82", "2017-12-31": "$5.94", "2017-09-30": "$130.81", "2017-06-30": "$2.97", "2017-03-31": "$6.34", "2016-12-31": "$-7.30", "2016-09-30": "$18.61", "2016-06-30": "$66.79", "2016-03-31": "$2.34", "2015-12-31": "$47.25", "2015-09-30": "$-10.01", "2015-06-30": "$0.72", "2015-03-31": "$14.09", "2014-12-31": "$11.65", "2014-09-30": "$8.42", "2014-06-30": "$15.51", "2014-03-31": "$15.48", "2013-12-31": "$19.09", "2013-09-30": "$9.26", "2013-06-30": "$4.26", "2013-03-31": "$19.17", "2012-12-31": "$11.07", "2012-09-30": "$2.90", "2012-06-30": "$3.92", "2012-03-31": "$12.61", "2011-12-31": "$101.47", "2011-09-30": "$-2.00", "2011-06-30": "$1.48", "2011-03-31": "$-3.51", "2010-12-31": "$8.83", "2010-09-30": "$6.01", "2010-06-30": "$0.28", "2010-03-31": "$-4.48", "2009-12-31": "$11.29", "2009-09-30": "$18.02", "2009-06-30": "$20.35", "2009-03-31": "$3.44", "2008-12-31": "$-21.82", "2008-09-30": "$-26.19", "2008-06-30": "$-0.87", "2008-03-31": "$-5.38", "2007-12-31": "$9.38", "2007-09-30": "$10.32", "2007-06-30": "$9.49", "2007-03-31": "$8.54", "2006-12-31": "$27.70", "2006-09-30": "$15.01", "2006-06-30": "$10.72", "2006-03-31": "$8.89", "2005-12-31": "$2.84", "2005-09-30": "$-6.16", "2005-06-30": "$13.64", "2005-03-31": "$16.24"}}, "shares-outstanding": {"White Mountains Insurance Group Annual Shares Outstanding (Millions of Shares)": {"2019": "3", "2018": "3", "2017": "4", "2016": "5", "2015": "6", "2014": "6", "2013": "6", "2012": "7", "2011": "8", "2010": "8", "2009": "9", "2008": "10", "2007": "11", "2006": "11", "2005": "11"}, "White Mountains Insurance Group Quarterly Shares Outstanding (Millions of Shares)": {"2020-09-30": "3", "2020-06-30": "3", "2020-03-31": "3", "2019-12-31": "3", "2019-09-30": "3", "2019-06-30": "3", "2019-03-31": "3", "2018-12-31": "3", "2018-09-30": "3", "2018-06-30": "3", "2018-03-31": "4", "2017-12-31": "4", "2017-09-30": "4", "2017-06-30": "5", "2017-03-31": "5", "2016-12-31": "5", "2016-09-30": "5", "2016-06-30": "5", "2016-03-31": "5", "2015-12-31": "6", "2015-09-30": "6", "2015-06-30": "6", "2015-03-31": "6", "2014-12-31": "6", "2014-09-30": "6", "2014-06-30": "6", "2014-03-31": "6", "2013-12-31": "6", "2013-09-30": "6", "2013-06-30": "6", "2013-03-31": "6", "2012-12-31": "7", "2012-09-30": "6", "2012-06-30": "7", "2012-03-31": "7", "2011-12-31": "8", "2011-09-30": "8", "2011-06-30": "8", "2011-03-31": "8", "2010-12-31": "8", "2010-09-30": "8", "2010-06-30": "9", "2010-03-31": "9", "2009-12-31": "9", "2009-09-30": "9", "2009-06-30": "9", "2009-03-31": "9", "2008-12-31": "10", "2008-09-30": "11", "2008-06-30": "11", "2008-03-31": "11", "2007-12-31": "11", "2007-09-30": "11", "2007-06-30": "11", "2007-03-31": "11", "2006-12-31": "11", "2006-09-30": "11", "2006-06-30": "11", "2006-03-31": "11", "2005-12-31": "11", "2005-09-30": "11", "2005-06-30": "11", "2005-03-31": "11"}}, "total-assets": {"White Mountains Insurance Group Annual Total Assets (Millions of US $)": {"2019": "$3,983", "2018": "$3,363", "2017": "$3,659", "2016": "$6,520", "2015": "$10,283", "2014": "$10,456", "2013": "$12,144", "2012": "$12,895", "2011": "$14,064", "2010": "$14,534", "2009": "$15,443", "2008": "$15,896", "2007": "$19,083", "2006": "$19,444", "2005": "$19,418"}, "White Mountains Insurance Group Quarterly Total Assets (Millions of US $)": {"2020-09-30": "$4,383", "2020-06-30": "$4,000", "2020-03-31": "$3,740", "2019-12-31": "$3,983", "2019-09-30": "$3,836", "2019-06-30": "$3,752", "2019-03-31": "$3,630", "2018-12-31": "$3,363", "2018-09-30": "$3,423", "2018-06-30": "$3,368", "2018-03-31": "$3,587", "2017-12-31": "$3,659", "2017-09-30": "$3,637", "2017-06-30": "$6,786", "2017-03-31": "$6,517", "2016-12-31": "$6,520", "2016-09-30": "$6,683", "2016-06-30": "$7,066", "2016-03-31": "$10,392", "2015-12-31": "$10,283", "2015-09-30": "$10,346", "2015-06-30": "$10,429", "2015-03-31": "$10,508", "2014-12-31": "$10,456", "2014-09-30": "$12,188", "2014-06-30": "$12,358", "2014-03-31": "$12,416", "2013-12-31": "$12,144", "2013-09-30": "$12,308", "2013-06-30": "$12,284", "2013-03-31": "$12,612", "2012-12-31": "$12,895", "2012-09-30": "$13,469", "2012-06-30": "$13,281", "2012-03-31": "$13,379", "2011-12-31": "$14,064", "2011-09-30": "$14,582", "2011-06-30": "$14,203", "2011-03-31": "$14,597", "2010-12-31": "$14,534", "2010-09-30": "$14,994", "2010-06-30": "$15,503", "2010-03-31": "$15,823", "2009-12-31": "$15,443", "2009-09-30": "$15,676", "2009-06-30": "$15,551", "2009-03-31": "$15,641", "2008-12-31": "$15,896", "2008-09-30": "$17,764", "2008-06-30": "$18,704", "2008-03-31": "$19,365", "2007-12-31": "$19,083", "2007-09-30": "$19,719", "2007-06-30": "$19,184", "2007-03-31": "$19,278", "2006-12-31": "$19,444", "2006-09-30": "$18,712", "2006-06-30": "$18,728", "2006-03-31": "$19,081", "2005-12-31": "$19,418", "2005-09-30": "$19,796", "2005-06-30": "$19,185", "2005-03-31": "$18,830"}}, "cash-on-hand": {"White Mountains Insurance Group Annual Cash on Hand (Millions of US $)": {"2019": "$161", "2018": "$110", "2017": "$97", "2016": "$80", "2015": "$173", "2014": "$262", "2013": "$383", "2012": "$462", "2011": "$705", "2010": "$395", "2009": "$366", "2008": "$410", "2007": "$171", "2006": "$159", "2005": "$188"}, "White Mountains Insurance Group Quarterly Cash on Hand (Millions of US $)": {"2020-09-30": "$215", "2020-06-30": "$211", "2020-03-31": "$136", "2019-12-31": "$161", "2019-09-30": "$149", "2019-06-30": "$150", "2019-03-31": "$132", "2018-12-31": "$110", "2018-09-30": "$112", "2018-06-30": "$131", "2018-03-31": "$120", "2017-12-31": "$97", "2017-09-30": "$49", "2017-06-30": "$53", "2017-03-31": "$125", "2016-12-31": "$80", "2016-09-30": "$245", "2016-06-30": "$135", "2016-03-31": "$179", "2015-12-31": "$173", "2015-09-30": "$200", "2015-06-30": "$354", "2015-03-31": "$336", "2014-12-31": "$262", "2014-09-30": "$544", "2014-06-30": "$331", "2014-03-31": "$339", "2013-12-31": "$383", "2013-09-30": "$411", "2013-06-30": "$348", "2013-03-31": "$412", "2012-12-31": "$462", "2012-09-30": "$549", "2012-06-30": "$812", "2012-03-31": "$605", "2011-12-31": "$705", "2011-09-30": "$558", "2011-06-30": "$484", "2011-03-31": "$453", "2010-12-31": "$395", "2010-09-30": "$401", "2010-06-30": "$349", "2010-03-31": "$345", "2009-12-31": "$366", "2009-09-30": "$258", "2009-06-30": "$405", "2009-03-31": "$449", "2008-12-31": "$410", "2008-09-30": "$221", "2008-06-30": "$198", "2008-03-31": "$230", "2007-12-31": "$171", "2007-09-30": "$186", "2007-06-30": "$173", "2007-03-31": "$186", "2006-12-31": "$159", "2006-09-30": "$210", "2006-06-30": "$192", "2006-03-31": "$183", "2005-12-31": "$188", "2005-09-30": "$205", "2005-06-30": "$204", "2005-03-31": "$261"}}, "long-term-debt": {"White Mountains Insurance Group Annual Long Term Debt (Millions of US $)": {"2019": "$284", "2018": "$193", "2017": "$24", "2016": "$13", "2015": "$338", "2014": "$343", "2013": "$676", "2012": "$751", "2011": "$678", "2010": "$819", "2009": "$1,051", "2008": "$1,362", "2007": "$1,193", "2006": "$1,107", "2005": "$779"}, "White Mountains Insurance Group Quarterly Long Term Debt (Millions of US $)": {"2020-09-30": "$359", "2020-06-30": "$350", "2020-03-31": "$295", "2019-12-31": "$284", "2019-09-30": "$230", "2019-06-30": "$231", "2019-03-31": "$195", "2018-12-31": "$193", "2018-09-30": "$164", "2018-06-30": "$170", "2018-03-31": "$22", "2017-12-31": "$24", "2017-09-30": "$9", "2017-06-30": "$11", "2017-03-31": "$285", "2016-12-31": "$13", "2016-09-30": "$289", "2016-06-30": "$290", "2016-03-31": "$533", "2015-12-31": "$338", "2015-09-30": "$383", "2015-06-30": "$749", "2015-03-31": "$750", "2014-12-31": "$343", "2014-09-30": "$678", "2014-06-30": "$678", "2014-03-31": "$678", "2013-12-31": "$676", "2013-09-30": "$676", "2013-06-30": "$676", "2013-03-31": "$676", "2012-12-31": "$751", "2012-09-30": "$677", "2012-06-30": "$678", "2012-03-31": "$677", "2011-12-31": "$678", "2011-09-30": "$669", "2011-06-30": "$669", "2011-03-31": "$819", "2010-12-31": "$819", "2010-09-30": "$819", "2010-06-30": "$852", "2010-03-31": "$1,026", "2009-12-31": "$1,051", "2009-09-30": "$1,051", "2009-06-30": "$1,271", "2009-03-31": "$1,349", "2008-12-31": "$1,362", "2008-09-30": "$1,367", "2008-06-30": "$1,521", "2008-03-31": "$1,666", "2007-12-31": "$1,193", "2007-09-30": "$1,193", "2007-06-30": "$1,184", "2007-03-31": "$1,184", "2006-12-31": "$1,107", "2006-09-30": "$794", "2006-06-30": "$838", "2006-03-31": "$779", "2005-12-31": "$779", "2005-09-30": "$775", "2005-06-30": "$778", "2005-03-31": "$777"}}, "total-liabilities": {"White Mountains Insurance Group Annual Total Liabilities (Millions of US $)": {"2019": "$839", "2018": "$644", "2017": "$298", "2016": "$2,804", "2015": "$5,915", "2014": "$5,917", "2013": "$7,747", "2012": "$8,637", "2011": "$9,396", "2010": "$10,273", "2009": "$11,102", "2008": "$12,383", "2007": "$14,369", "2006": "$14,988", "2005": "$15,585"}, "White Mountains Insurance Group Quarterly Total Liabilities (Millions of US $)": {"2020-09-30": "$1,074", "2020-06-30": "$937", "2020-03-31": "$781", "2019-12-31": "$839", "2019-09-30": "$765", "2019-06-30": "$744", "2019-03-31": "$651", "2018-12-31": "$644", "2018-09-30": "$583", "2018-06-30": "$571", "2018-03-31": "$291", "2017-12-31": "$298", "2017-09-30": "$300", "2017-06-30": "$3,022", "2017-03-31": "$2,759", "2016-12-31": "$2,804", "2016-09-30": "$2,882", "2016-06-30": "$2,966", "2016-03-31": "$6,155", "2015-12-31": "$5,915", "2015-09-30": "$6,140", "2015-06-30": "$5,971", "2015-03-31": "$5,968", "2014-12-31": "$5,917", "2014-09-30": "$7,690", "2014-06-30": "$7,749", "2014-03-31": "$7,889", "2013-12-31": "$7,747", "2013-09-30": "$8,020", "2013-06-30": "$8,093", "2013-03-31": "$8,330", "2012-12-31": "$8,637", "2012-09-30": "$9,090", "2012-06-30": "$8,946", "2012-03-31": "$9,069", "2011-12-31": "$9,396", "2011-09-30": "$10,563", "2011-06-30": "$9,987", "2011-03-31": "$10,388", "2010-12-31": "$10,273", "2010-09-30": "$10,722", "2010-06-30": "$11,342", "2010-03-31": "$11,568", "2009-12-31": "$11,102", "2009-09-30": "$11,428", "2009-06-30": "$11,700", "2009-03-31": "$12,158", "2008-12-31": "$12,383", "2008-09-30": "$13,703", "2008-06-30": "$14,107", "2008-03-31": "$14,686", "2007-12-31": "$14,369", "2007-09-30": "$14,986", "2007-06-30": "$14,609", "2007-03-31": "$14,735", "2006-12-31": "$14,988", "2006-09-30": "$14,593", "2006-06-30": "$14,864", "2006-03-31": "$15,209", "2005-12-31": "$15,585", "2005-09-30": "$15,913", "2005-06-30": "$15,093", "2005-03-31": "$14,918"}}, "total-share-holder-equity": {"White Mountains Insurance Group Annual Share Holder Equity (Millions of US $)": {"2019": "$3,145", "2018": "$2,718", "2017": "$3,361", "2016": "$3,716", "2015": "$4,368", "2014": "$4,538", "2013": "$4,397", "2012": "$4,258", "2011": "$4,668", "2010": "$4,261", "2009": "$4,342", "2008": "$3,513", "2007": "$4,713", "2006": "$4,455", "2005": "$3,833"}, "White Mountains Insurance Group Quarterly Share Holder Equity (Millions of US $)": {"2020-09-30": "$3,309", "2020-06-30": "$3,063", "2020-03-31": "$2,959", "2019-12-31": "$3,145", "2019-09-30": "$3,071", "2019-06-30": "$3,008", "2019-03-31": "$2,978", "2018-12-31": "$2,718", "2018-09-30": "$2,840", "2018-06-30": "$2,798", "2018-03-31": "$3,296", "2017-12-31": "$3,361", "2017-09-30": "$3,337", "2017-06-30": "$3,764", "2017-03-31": "$3,758", "2016-12-31": "$3,716", "2016-09-30": "$3,801", "2016-06-30": "$4,099", "2016-03-31": "$4,237", "2015-12-31": "$4,368", "2015-09-30": "$4,206", "2015-06-30": "$4,459", "2015-03-31": "$4,540", "2014-12-31": "$4,538", "2014-09-30": "$4,499", "2014-06-30": "$4,609", "2014-03-31": "$4,528", "2013-12-31": "$4,397", "2013-09-30": "$4,287", "2013-06-30": "$4,190", "2013-03-31": "$4,282", "2012-12-31": "$4,258", "2012-09-30": "$4,378", "2012-06-30": "$4,335", "2012-03-31": "$4,310", "2011-12-31": "$4,668", "2011-09-30": "$4,019", "2011-06-30": "$4,216", "2011-03-31": "$4,209", "2010-12-31": "$4,261", "2010-09-30": "$4,272", "2010-06-30": "$4,160", "2010-03-31": "$4,255", "2009-12-31": "$4,342", "2009-09-30": "$4,248", "2009-06-30": "$3,851", "2009-03-31": "$3,482", "2008-12-31": "$3,513", "2008-09-30": "$4,062", "2008-06-30": "$4,597", "2008-03-31": "$4,679", "2007-12-31": "$4,713", "2007-09-30": "$4,733", "2007-06-30": "$4,575", "2007-03-31": "$4,543", "2006-12-31": "$4,455", "2006-09-30": "$4,119", "2006-06-30": "$3,864", "2006-03-31": "$3,872", "2005-12-31": "$3,833", "2005-09-30": "$3,883", "2005-06-30": "$4,092", "2005-03-31": "$3,913"}}, "profit-margins": {"current": "0%"}, "gross margin": {"2020-09-30": "89.23%", "2020-06-30": "83.46%", "2020-03-31": "79.30%", "2019-12-31": "86.58%", "2019-09-30": "75.17%", "2019-06-30": "69.40%", "2019-03-31": "62.81%", "2018-12-31": "23.31%", "2018-09-30": "46.54%", "2018-06-30": "41.26%", "2018-03-31": "46.95%", "2017-12-31": "61.07%", "2017-09-30": "32.70%", "2017-06-30": "29.92%", "2017-03-31": "24.62%", "2016-12-31": "21.00%", "2016-09-30": "43.69%", "2016-06-30": "34.62%", "2016-03-31": "30.36%", "2015-12-31": "30.84%", "2015-09-30": "15.04%", "2015-06-30": "15.91%", "2015-03-31": "20.57%", "2014-12-31": "21.57%", "2014-09-30": "27.22%", "2014-06-30": "27.62%", "2014-03-31": "23.62%", "2013-12-31": "24.56%", "2013-09-30": "16.22%", "2013-06-30": "19.42%", "2013-03-31": "20.52%", "2012-12-31": "20.12%", "2012-09-30": "26.82%", "2012-06-30": "22.28%", "2012-03-31": "22.78%", "2011-12-31": "15.09%", "2011-09-30": "12.97%", "2011-06-30": "15.63%", "2011-03-31": "13.47%", "2010-12-31": "12.23%", "2010-09-30": "18.56%", "2010-06-30": "22.31%", "2010-03-31": "27.80%", "2009-12-31": "30.95%", "2009-09-30": "10.27%", "2009-06-30": "-11.45%", "2009-03-31": "-21.62%", "2008-12-31": "-26.25%", "2008-09-30": "-0.79%", "2008-06-30": "14.70%", "2008-03-31": "18.11%", "2007-12-31": "22.03%", "2007-09-30": "25.08%", "2007-06-30": "25.73%", "2007-03-31": "22.68%", "2006-12-31": "22.55%", "2006-09-30": "15.46%", "2006-06-30": "7.21%", "2006-03-31": "10.86%", "2005-12-31": "12.69%"}, "operating margin": {"2020-09-30": "40.67%", "2020-06-30": "12.59%", "2020-03-31": "-10.47%", "2019-12-31": "45.53%", "2019-09-30": "28.97%", "2019-06-30": "27.08%", "2019-03-31": "22.86%", "2018-12-31": "-47.15%", "2018-09-30": "-5.03%", "2018-06-30": "-16.94%", "2018-03-31": "-15.85%", "2017-12-31": "2.67%", "2017-09-30": "-11.15%", "2017-06-30": "-16.27%", "2017-03-31": "-22.25%", "2016-12-31": "-11.71%", "2016-09-30": "20.96%", "2016-06-30": "11.85%", "2016-03-31": "10.87%", "2015-12-31": "10.24%", "2015-09-30": "-9.64%", "2015-06-30": "-6.04%", "2015-03-31": "1.80%", "2014-12-31": "7.65%", "2014-09-30": "16.27%", "2014-06-30": "18.66%", "2014-03-31": "15.34%", "2013-12-31": "16.70%", "2013-09-30": "9.04%", "2013-06-30": "11.90%", "2013-03-31": "13.08%", "2012-12-31": "12.65%", "2012-09-30": "18.64%", "2012-06-30": "14.41%", "2012-03-31": "14.34%", "2011-12-31": "7.04%", "2011-09-30": "5.92%", "2011-06-30": "8.84%", "2011-03-31": "7.20%", "2010-12-31": "6.34%", "2010-09-30": "12.82%", "2010-06-30": "16.28%", "2010-03-31": "22.45%", "2009-12-31": "25.17%", "2009-09-30": "3.42%", "2009-06-30": "-19.31%", "2009-03-31": "-29.96%", "2008-12-31": "-34.74%", "2008-09-30": "-7.01%", "2008-06-30": "9.78%", "2008-03-31": "13.20%", "2007-12-31": "17.43%", "2007-09-30": "19.38%", "2007-06-30": "19.83%", "2007-03-31": "17.56%", "2006-12-31": "17.50%", "2006-09-30": "11.99%", "2006-06-30": "3.96%", "2006-03-31": "6.67%", "2005-12-31": "8.68%"}, "ebitda margin": {"2020-09-30": "49.88%", "2020-06-30": "26.13%", "2020-03-31": "4.99%", "2019-12-31": "52.13%", "2019-09-30": "36.69%", "2019-06-30": "34.38%", "2019-03-31": "29.96%", "2018-12-31": "-34.42%", "2018-09-30": "4.19%", "2018-06-30": "-7.38%", "2018-03-31": "-4.27%", "2017-12-31": "12.53%", "2017-09-30": "-1.51%", "2017-06-30": "-6.63%", "2017-03-31": "-15.12%", "2016-12-31": "-6.73%", "2016-09-30": "20.87%", "2016-06-30": "12.30%", "2016-03-31": "11.79%", "2015-12-31": "11.39%", "2015-09-30": "-6.90%", "2015-06-30": "-4.43%", "2015-03-31": "3.78%", "2014-12-31": "9.43%", "2014-09-30": "17.51%", "2014-06-30": "19.98%", "2014-03-31": "16.00%", "2013-12-31": "16.70%", "2013-09-30": "9.04%", "2013-06-30": "11.90%", "2013-03-31": "13.08%", "2012-12-31": "12.65%", "2012-09-30": "18.64%", "2012-06-30": "14.41%", "2012-03-31": "14.34%", "2011-12-31": "7.04%", "2011-09-30": "5.92%", "2011-06-30": "8.84%", "2011-03-31": "7.20%", "2010-12-31": "6.34%", "2010-09-30": "12.82%", "2010-06-30": "16.28%", "2010-03-31": "22.45%", "2009-12-31": "25.17%", "2009-09-30": "3.42%", "2009-06-30": "-19.31%", "2009-03-31": "-29.96%", "2008-12-31": "-34.74%", "2008-09-30": "-7.01%", "2008-06-30": "9.78%", "2008-03-31": "13.20%", "2007-12-31": "17.43%", "2007-09-30": "19.38%", "2007-06-30": "19.83%", "2007-03-31": "17.56%", "2006-12-31": "17.50%", "2006-09-30": "11.99%", "2006-06-30": "3.96%", "2006-03-31": "6.67%", "2005-12-31": "8.68%"}, "pre tax profit margin": {"2020-09-30": "41.27%", "2020-06-30": "14.10%", "2020-03-31": "-10.47%", "2019-12-31": "45.41%", "2019-09-30": "28.28%", "2019-06-30": "25.78%", "2019-03-31": "22.34%", "2018-12-31": "-48.24%", "2018-09-30": "-6.08%", "2018-06-30": "-17.76%", "2018-03-31": "-16.77%", "2017-12-31": "1.87%", "2017-09-30": "-12.29%", "2017-06-30": "-17.47%", "2017-03-31": "-23.76%", "2016-12-31": "-13.06%", "2016-09-30": "20.04%", "2016-06-30": "10.86%", "2016-03-31": "9.96%", "2015-12-31": "9.34%", "2015-09-30": "-10.73%", "2015-06-30": "-7.11%", "2015-03-31": "0.51%", "2014-12-31": "6.17%", "2014-09-30": "14.71%", "2014-06-30": "16.93%", "2014-03-31": "13.49%", "2013-12-31": "14.89%", "2013-09-30": "7.09%", "2013-06-30": "10.09%", "2013-03-31": "11.27%", "2012-12-31": "10.80%", "2012-09-30": "16.61%", "2012-06-30": "12.11%", "2012-03-31": "11.96%", "2011-12-31": "4.46%", "2011-09-30": "3.73%", "2011-06-30": "6.70%", "2011-03-31": "5.10%", "2010-12-31": "4.49%", "2010-09-30": "10.24%", "2010-06-30": "14.14%", "2010-03-31": "20.55%", "2009-12-31": "23.14%", "2009-09-30": "1.42%", "2009-06-30": "-21.78%", "2009-03-31": "-33.25%", "2008-12-31": "-38.68%", "2008-09-30": "-10.43%", "2008-06-30": "6.41%", "2008-03-31": "10.03%", "2007-12-31": "14.49%", "2007-09-30": "16.66%", "2007-06-30": "17.30%", "2007-03-31": "15.22%", "2006-12-31": "15.25%", "2006-09-30": "9.73%", "2006-06-30": "1.74%", "2006-03-31": "4.46%", "2005-12-31": "6.58%"}, "net profit margin": {"2020-09-30": "33.49%", "2020-06-30": "18.05%", "2020-03-31": "0.50%", "2019-12-31": "46.42%", "2019-09-30": "29.79%", "2019-06-30": "27.08%", "2019-03-31": "25.10%", "2018-12-31": "-38.21%", "2018-09-30": "4.19%", "2018-06-30": "147.81%", "2018-03-31": "167.99%", "2017-12-31": "167.47%", "2017-09-30": "108.13%", "2017-06-30": "20.28%", "2017-03-31": "92.44%", "2016-12-31": "55.45%", "2016-09-30": "66.14%", "2016-06-30": "42.75%", "2016-03-31": "13.81%", "2015-12-31": "17.89%", "2015-09-30": "6.77%", "2015-06-30": "14.03%", "2015-03-31": "16.97%", "2014-12-31": "15.96%", "2014-09-30": "16.54%", "2014-06-30": "15.08%", "2014-03-31": "13.09%", "2013-12-31": "13.85%", "2013-09-30": "12.01%", "2013-06-30": "9.79%", "2013-03-31": "9.58%", "2012-12-31": "8.50%", "2012-09-30": "38.22%", "2012-06-30": "39.96%", "2012-03-31": "39.14%", "2011-12-31": "35.33%", "2011-09-30": "1.72%", "2011-06-30": "4.44%", "2011-03-31": "3.86%", "2010-12-31": "2.83%", "2010-09-30": "4.89%", "2010-06-30": "7.47%", "2010-03-31": "11.38%", "2009-12-31": "13.65%", "2009-09-30": "4.20%", "2009-06-30": "-8.88%", "2009-03-31": "-15.77%", "2008-12-31": "-18.88%", "2008-09-30": "-6.37%", "2008-06-30": "3.37%", "2008-03-31": "5.73%", "2007-12-31": "8.60%", "2007-09-30": "12.40%", "2007-06-30": "13.36%", "2007-03-31": "13.65%", "2006-12-31": "14.04%", "2006-09-30": "9.04%", "2006-06-30": "3.98%", "2006-03-31": "4.70%", "2005-12-31": "6.26%"}, "pe ratio": {"current": "35.81", "2021-02-05": "11.93", "2020-09-30": "8.58", "2020-06-30": "28.63", "2020-03-31": "2935.48", "2019-12-31": "8.54", "2019-09-30": "15.83", "2019-06-30": "15.54", "2019-03-31": "15.34", "2018-12-31": "0.00", "2018-09-30": "132.82", "2018-06-30": "7.24", "2018-03-31": "6.44", "2017-12-31": "5.74", "2017-09-30": "6.35", "2017-06-30": "38.66", "2017-03-31": "10.22", "2016-12-31": "10.32", "2016-09-30": "6.11", "2016-06-30": "7.88", "2016-03-31": "19.83", "2015-12-31": "13.88", "2015-09-30": "45.11", "2015-06-30": "18.64", "2015-03-31": "13.68", "2014-12-31": "12.23", "2014-09-30": "10.68", "2014-06-30": "10.17", "2014-03-31": "12.38", "2013-12-31": "11.54", "2013-09-30": "13.04", "2013-06-30": "15.50", "2013-03-31": "15.43", "2012-12-31": "17.06", "2012-09-30": "4.08", "2012-06-30": "4.32", "2012-03-31": "4.24", "2011-12-31": "4.43", "2011-09-30": "83.45", "2011-06-30": "32.38", "2011-03-31": "30.97", "2010-12-31": "31.05", "2010-09-30": "23.23", "2010-06-30": "12.63", "2010-03-31": "7.71", "2009-12-31": "6.13", "2009-09-30": "32.10", "2009-06-30": "0.00", "2009-03-31": "0.00", "2008-12-31": "0.00", "2008-09-30": "0.00", "2008-06-30": "30.78", "2008-03-31": "19.46", "2007-12-31": "13.12", "2007-09-30": "8.94", "2007-06-30": "9.58", "2007-03-31": "8.74", "2006-12-31": "8.86"}, "price sales": {"2021-02-05": "3.98", "2020-09-30": "2.87", "2020-06-30": "5.19", "2020-03-31": "7.13", "2019-12-31": "3.92", "2019-09-30": "4.68", "2019-06-30": "4.19", "2019-03-31": "3.88", "2018-12-31": "7.67", "2018-09-30": "6.83", "2018-06-30": "9.53", "2018-03-31": "10.61", "2017-12-31": "9.90", "2017-09-30": "7.26", "2017-06-30": "7.96", "2017-03-31": "8.76", "2016-12-31": "5.64", "2016-09-30": "4.23", "2016-06-30": "3.59", "2016-03-31": "2.79", "2015-12-31": "2.53", "2015-09-30": "3.02", "2015-06-30": "2.61", "2015-03-31": "2.31", "2014-12-31": "1.94", "2014-09-30": "1.75", "2014-06-30": "1.52", "2014-03-31": "1.60", "2013-12-31": "1.58", "2013-09-30": "1.56", "2013-06-30": "1.53", "2013-03-31": "1.49", "2012-12-31": "1.42", "2012-09-30": "1.45", "2012-06-30": "1.68", "2012-03-31": "1.69", "2011-12-31": "1.63", "2011-09-30": "1.35", "2011-06-30": "1.39", "2011-03-31": "1.17", "2010-12-31": "0.92", "2010-09-30": "1.13", "2010-06-30": "0.94", "2010-03-31": "0.87", "2009-12-31": "0.83", "2009-09-30": "0.72", "2009-06-30": "0.66", "2009-03-31": "0.56", "2008-12-31": "0.93", "2008-09-30": "1.28", "2008-06-30": "1.03", "2008-03-31": "1.11", "2007-12-31": "1.14", "2007-09-30": "1.11", "2007-06-30": "1.28", "2007-03-31": "1.19", "2006-12-31": "1.24"}, "price book": {"current": "1.02", "2021-02-05": "1.02", "2020-09-30": "0.73", "2020-06-30": "0.90", "2020-03-31": "0.96", "2019-12-31": "1.13", "2019-09-30": "1.12", "2019-06-30": "1.08", "2019-03-31": "0.99", "2018-12-31": "1.00", "2018-09-30": "1.05", "2018-06-30": "1.03", "2018-03-31": "0.93", "2017-12-31": "0.95", "2017-09-30": "0.96", "2017-06-30": "1.05", "2017-03-31": "1.07", "2016-12-31": "1.02", "2016-09-30": "1.00", "2016-06-30": "1.01", "2016-03-31": "1.02", "2015-12-31": "0.93", "2015-09-30": "1.01", "2015-06-30": "0.87", "2015-03-31": "0.90", "2014-12-31": "0.82", "2014-09-30": "0.84", "2014-06-30": "0.81", "2014-03-31": "0.81", "2013-12-31": "0.84", "2013-09-30": "0.81", "2013-06-30": "0.84", "2013-03-31": "0.81", "2012-12-31": "0.75", "2012-09-30": "0.76", "2012-06-30": "0.79", "2012-03-31": "0.76", "2011-12-31": "0.73", "2011-09-30": "0.76", "2011-06-30": "0.78", "2011-03-31": "0.68", "2010-12-31": "0.64", "2010-09-30": "0.59", "2010-06-30": "0.65", "2010-03-31": "0.72", "2009-12-31": "0.67", "2009-09-30": "0.63", "2009-06-30": "0.52", "2009-03-31": "0.43", "2008-12-31": "0.65", "2008-09-30": "1.18", "2008-06-30": "0.96", "2008-03-31": "1.05", "2007-12-31": "1.11", "2007-09-30": "1.15", "2007-06-30": "1.38", "2007-03-31": "1.29", "2006-12-31": "1.34", "2006-09-30": "1.24", "2006-06-30": "1.29", "2006-03-31": "1.56"}, "price fcf": {"2021-02-05": "", "2020-09-30": "$-11.30", "2020-06-30": "$-51.63", "2020-03-31": "$-44.29", "2019-12-31": "$-38.36", "2019-09-30": "$-22.82", "2019-06-30": "$-1.24", "2019-03-31": "$-10.35", "2018-12-31": "$-9.31", "2018-09-30": "$-9.07", "2018-06-30": "$10.18", "2018-03-31": "$22.70", "2017-12-31": "$22.32", "2017-09-30": "$16.40", "2017-06-30": "$7.10", "2017-03-31": "$-30.41", "2016-12-31": "$-34.00", "2016-09-30": "$-17.51", "2016-06-30": "$-7.52", "2016-03-31": "$26.57", "2015-12-31": "$32.17", "2015-09-30": "$20.45", "2015-06-30": "$29.91", "2015-03-31": "$16.45", "2014-12-31": "$19.05", "2014-09-30": "$14.81", "2014-06-30": "$18.64", "2014-03-31": "$10.80", "2013-12-31": "$-18.25", "2013-09-30": "$-27.32", "2013-06-30": "$-35.01", "2013-03-31": "$-25.94", "2012-12-31": "$-34.00", "2012-09-30": "$-40.15", "2012-06-30": "$-41.13", "2012-03-31": "$-43.88", "2011-12-31": "$-15.36", "2011-09-30": "$13.70", "2011-06-30": "$-17.89", "2011-03-31": "$-2.12", "2010-12-31": "$6.08", "2010-09-30": "$-2.72", "2010-06-30": "$25.05", "2010-03-31": "$-10.41", "2009-12-31": "$-6.19", "2009-09-30": "$-10.54", "2009-06-30": "$-10.85", "2009-03-31": "$6.64", "2008-12-31": "$7.77", "2008-09-30": "$28.40", "2008-06-30": "$30.72", "2008-03-31": "$40.17", "2007-12-31": "$29.60", "2007-09-30": "$15.61", "2007-06-30": "$14.19", "2007-03-31": "$7.65", "2006-12-31": "$7.01"}, "net worth": {"value": "$3.36B"}, "current ratio": {"2020-09-30": "0.84", "2020-06-30": "0.81", "2020-03-31": "0.81", "2019-12-31": "0.66", "2019-09-30": "0.58", "2019-06-30": "0.83", "2019-03-31": "0.63", "2018-12-31": "0.63", "2018-09-30": "0.68", "2018-06-30": "0.74", "2018-03-31": "0.83", "2017-12-31": "0.78", "2017-09-30": "0.99", "2017-06-30": "0.89", "2017-03-31": "0.24", "2016-12-31": "0.59", "2016-09-30": "0.37", "2016-06-30": "0.25", "2016-03-31": "0.26", "2015-12-31": "0.28", "2015-09-30": "0.30", "2015-06-30": "0.33", "2015-03-31": "0.33", "2014-12-31": "0.33", "2014-09-30": "0.37", "2014-06-30": "0.34", "2014-03-31": "0.33", "2013-12-31": "0.31", "2013-09-30": "0.35", "2013-06-30": "0.33", "2013-03-31": "0.37", "2012-12-31": "0.33", "2012-09-30": "0.39", "2012-06-30": "0.60", "2012-03-31": "0.55", "2011-12-31": "0.54", "2011-09-30": "0.52", "2011-06-30": "0.48", "2011-03-31": "0.46", "2010-12-31": "0.47", "2010-09-30": "0.48", "2010-06-30": "0.48", "2010-03-31": "0.48", "2009-12-31": "0.46", "2009-09-30": "0.45", "2009-06-30": "0.47", "2009-03-31": "0.48", "2008-12-31": "0.47", "2008-09-30": "0.45", "2008-06-30": "0.45", "2008-03-31": "0.46", "2007-12-31": "0.47", "2007-09-30": "0.46", "2007-06-30": "0.47", "2007-03-31": "0.48", "2006-12-31": "0.48", "2006-09-30": "0.51", "2006-06-30": "0.50", "2006-03-31": "0.51", "2005-12-31": "0.50", "2005-09-30": "0.49", "2005-06-30": "0.48", "2005-03-31": "0.44"}, "quick ratio": {"2020-09-30": "0.00", "2020-06-30": "0.00", "2020-03-31": "0.00", "2019-12-31": "0.00", "2019-09-30": "0.00", "2019-06-30": "0.00", "2019-03-31": "0.00", "2018-12-31": "0.00", "2018-09-30": "0.00", "2018-06-30": "0.00", "2018-03-31": "0.00", "2017-12-31": "0.00", "2017-09-30": "0.00", "2017-06-30": "0.00", "2017-03-31": "0.00", "2016-12-31": "0.00", "2016-09-30": "0.00", "2016-06-30": "0.00", "2016-03-31": "0.00", "2015-12-31": "0.00", "2015-09-30": "0.00", "2015-06-30": "0.00", "2015-03-31": "0.00", "2014-12-31": "0.00", "2014-09-30": "0.00", "2014-06-30": "0.00", "2014-03-31": "0.00", "2013-12-31": "0.00", "2013-09-30": "0.00", "2013-06-30": "0.00", "2013-03-31": "0.00", "2012-12-31": "0.00", "2012-09-30": "0.00", "2012-06-30": "0.00", "2012-03-31": "0.00", "2011-12-31": "0.00", "2011-09-30": "0.00", "2011-06-30": "0.00", "2011-03-31": "0.00", "2010-12-31": "0.00", "2010-09-30": "0.00", "2010-06-30": "0.00", "2010-03-31": "0.00", "2009-12-31": "0.00", "2009-09-30": "0.00", "2009-06-30": "0.00", "2009-03-31": "0.00", "2008-12-31": "0.00", "2008-09-30": "0.00", "2008-06-30": "0.00", "2008-03-31": "0.00", "2007-12-31": "0.00", "2007-09-30": "0.00", "2007-06-30": "0.00", "2007-03-31": "0.00", "2006-12-31": "0.00", "2006-09-30": "0.00", "2006-06-30": "0.00", "2006-03-31": "0.00", "2005-12-31": "0.00", "2005-09-30": "0.00", "2005-06-30": "0.00", "2005-03-31": "0.00"}, "debt equity ratio": {"current": "0.11", "2020-09-30": "0.33", "2020-06-30": "0.31", "2020-03-31": "0.26", "2019-12-31": "0.27", "2019-09-30": "0.25", "2019-06-30": "0.25", "2019-03-31": "0.22", "2018-12-31": "0.24", "2018-09-30": "0.21", "2018-06-30": "0.20", "2018-03-31": "0.09", "2017-12-31": "0.09", "2017-09-30": "0.09", "2017-06-30": "0.80", "2017-03-31": "0.73", "2016-12-31": "0.76", "2016-09-30": "0.76", "2016-06-30": "0.72", "2016-03-31": "1.45", "2015-12-31": "1.35", "2015-09-30": "1.46", "2015-06-30": "1.34", "2015-03-31": "1.32", "2014-12-31": "1.30", "2014-09-30": "1.71", "2014-06-30": "1.68", "2014-03-31": "1.74", "2013-12-31": "1.76", "2013-09-30": "1.87", "2013-06-30": "1.93", "2013-03-31": "1.95", "2012-12-31": "2.03", "2012-09-30": "2.08", "2012-06-30": "2.06", "2012-03-31": "2.10", "2011-12-31": "2.01", "2011-09-30": "2.63", "2011-06-30": "2.37", "2011-03-31": "2.47", "2010-12-31": "2.41", "2010-09-30": "2.51", "2010-06-30": "2.73", "2010-03-31": "2.72", "2009-12-31": "2.56", "2009-09-30": "2.69", "2009-06-30": "3.04", "2009-03-31": "3.49", "2008-12-31": "3.53", "2008-09-30": "3.37", "2008-06-30": "3.07", "2008-03-31": "3.14", "2007-12-31": "3.05", "2007-09-30": "3.17", "2007-06-30": "3.19", "2007-03-31": "3.24", "2006-12-31": "3.36", "2006-09-30": "3.54", "2006-06-30": "3.85", "2006-03-31": "3.93", "2005-12-31": "4.07", "2005-09-30": "4.10", "2005-06-30": "3.69", "2005-03-31": "3.81"}, "return on equity": {"2020-09-30": "8.98%", "2020-06-30": "3.14%", "2020-03-31": "0.07%", "2019-12-31": "13.60%", "2019-09-30": "7.34%", "2019-06-30": "7.21%", "2019-03-31": "6.74%", "2018-12-31": "-4.84%", "2018-09-30": "0.65%", "2018-06-30": "16.92%", "2018-03-31": "16.02%", "2017-12-31": "17.67%", "2017-09-30": "15.70%", "2017-06-30": "2.69%", "2017-03-31": "11.14%", "2016-12-31": "10.40%", "2016-09-30": "17.28%", "2016-06-30": "13.32%", "2016-03-31": "5.23%", "2015-12-31": "6.76%", "2015-09-30": "2.23%", "2015-06-30": "4.64%", "2015-03-31": "6.62%", "2014-12-31": "6.89%", "2014-09-30": "8.01%", "2014-06-30": "8.24%", "2014-03-31": "6.83%", "2013-12-31": "7.48%", "2013-09-30": "6.37%", "2013-06-30": "5.45%", "2013-03-31": "5.40%", "2012-12-31": "4.79%", "2012-09-30": "21.23%", "2012-06-30": "20.86%", "2012-03-31": "20.68%", "2011-12-31": "17.95%", "2011-09-30": "0.98%", "2011-06-30": "2.55%", "2011-03-31": "2.34%", "2010-12-31": "2.05%", "2010-09-30": "2.68%", "2010-06-30": "5.25%", "2010-03-31": "9.58%", "2009-12-31": "11.81%", "2009-09-30": "4.16%", "2009-06-30": "-7.51%", "2009-03-31": "-11.98%", "2008-12-31": "-13.20%", "2008-09-30": "-5.36%", "2008-06-30": "3.12%", "2008-03-31": "5.52%", "2007-12-31": "8.77%", "2007-09-30": "13.22%", "2007-06-30": "14.83%", "2007-03-31": "15.76%", "2006-12-31": "16.51%", "2006-09-30": "10.38%", "2006-06-30": "4.63%", "2006-03-31": "5.36%", "2005-12-31": "7.38%"}, "return on assets": {"2020-09-30": "6.95%", "2020-06-30": "2.47%", "2020-03-31": "0.05%", "2019-12-31": "10.92%", "2019-09-30": "5.93%", "2019-06-30": "5.87%", "2019-03-31": "5.54%", "2018-12-31": "-4.10%", "2018-09-30": "0.57%", "2018-06-30": "15.18%", "2018-03-31": "12.47%", "2017-12-31": "12.19%", "2017-09-30": "9.75%", "2017-06-30": "1.52%", "2017-03-31": "6.39%", "2016-12-31": "5.37%", "2016-09-30": "8.28%", "2016-06-30": "5.91%", "2016-03-31": "2.18%", "2015-12-31": "2.86%", "2015-09-30": "0.95%", "2015-06-30": "1.92%", "2015-03-31": "2.65%", "2014-12-31": "2.64%", "2014-09-30": "2.94%", "2014-06-30": "2.98%", "2014-03-31": "2.42%", "2013-12-31": "2.60%", "2013-09-30": "2.16%", "2013-06-30": "1.82%", "2013-03-31": "1.78%", "2012-12-31": "1.56%", "2012-09-30": "6.93%", "2012-06-30": "6.54%", "2012-03-31": "6.33%", "2011-12-31": "5.35%", "2011-09-30": "0.28%", "2011-06-30": "0.74%", "2011-03-31": "0.66%", "2010-12-31": "0.57%", "2010-09-30": "0.74%", "2010-06-30": "1.43%", "2010-03-31": "2.56%", "2009-12-31": "3.02%", "2009-09-30": "1.00%", "2009-06-30": "-1.73%", "2009-03-31": "-2.76%", "2008-12-31": "-3.10%", "2008-09-30": "-1.29%", "2008-06-30": "0.76%", "2008-03-31": "1.33%", "2007-12-31": "2.11%", "2007-09-30": "3.12%", "2007-06-30": "3.42%", "2007-03-31": "3.51%", "2006-12-31": "3.54%", "2006-09-30": "2.14%", "2006-06-30": "0.93%", "2006-03-31": "1.08%", "2005-12-31": "1.50%"}, "return on investments": {"2020-09-30": "9.88%", "2020-06-30": "2.00%", "2020-03-31": "-1.27%", "2019-12-31": "12.39%", "2019-09-30": "6.65%", "2019-06-30": "6.75%", "2019-03-31": "5.77%", "2018-12-31": "-5.71%", "2018-09-30": "-0.76%", "2018-06-30": "-1.91%", "2018-03-31": "-1.50%", "2017-12-31": "0.27%", "2017-09-30": "-1.58%", "2017-06-30": "-2.07%", "2017-03-31": "-2.54%", "2016-12-31": "-2.05%", "2016-09-30": "5.03%", "2016-06-30": "3.38%", "2016-03-31": "3.69%", "2015-12-31": "3.44%", "2015-09-30": "-2.82%", "2015-06-30": "-1.75%", "2015-03-31": "0.62%", "2014-12-31": "2.92%", "2014-09-30": "6.85%", "2014-06-30": "8.85%", "2014-03-31": "6.92%", "2013-12-31": "7.79%", "2013-09-30": "4.12%", "2013-06-30": "5.69%", "2013-03-31": "6.35%", "2012-12-31": "6.14%", "2012-09-30": "8.98%", "2012-06-30": "6.51%", "2012-03-31": "6.55%", "2011-12-31": "3.07%", "2011-09-30": "2.87%", "2011-06-30": "4.28%", "2011-03-31": "3.66%", "2010-12-31": "3.81%", "2010-09-30": "5.76%", "2010-06-30": "9.26%", "2010-03-31": "14.96%", "2009-12-31": "16.80%", "2009-09-30": "2.54%", "2009-06-30": "-12.02%", "2009-03-31": "-16.77%", "2008-12-31": "-17.97%", "2008-09-30": "-4.47%", "2008-06-30": "6.98%", "2008-03-31": "9.94%", "2007-12-31": "14.15%", "2007-09-30": "16.47%", "2007-06-30": "17.74%", "2007-03-31": "16.47%", "2006-12-31": "16.92%", "2006-09-30": "11.44%", "2006-06-30": "3.82%", "2006-03-31": "6.34%", "2005-12-31": "8.54%"}, "return on tangible equity": {"2020-09-30": "11.62%", "2020-06-30": "4.04%", "2020-03-31": "0.08%", "2019-12-31": "17.10%", "2019-09-30": "9.19%", "2019-06-30": "8.91%", "2019-03-31": "8.21%", "2018-12-31": "-5.60%", "2018-09-30": "0.71%", "2018-06-30": "17.83%", "2018-03-31": "16.27%", "2017-12-31": "17.92%", "2017-09-30": "15.90%", "2017-06-30": "2.72%", "2017-03-31": "11.29%", "2016-12-31": "10.75%", "2016-09-30": "17.86%", "2016-06-30": "14.03%", "2016-03-31": "5.61%", "2015-12-31": "7.24%", "2015-09-30": "2.43%", "2015-06-30": "4.93%", "2015-03-31": "6.89%", "2014-12-31": "7.02%", "2014-09-30": "8.02%", "2014-06-30": "8.25%", "2014-03-31": "6.83%", "2013-12-31": "7.49%", "2013-09-30": "6.37%", "2013-06-30": "5.45%", "2013-03-31": "5.40%", "2012-12-31": "4.79%", "2012-09-30": "21.23%", "2012-06-30": "20.86%", "2012-03-31": "20.68%", "2011-12-31": "17.95%", "2011-09-30": "0.98%", "2011-06-30": "2.55%", "2011-03-31": "2.34%", "2010-12-31": "2.05%", "2010-09-30": "2.68%", "2010-06-30": "5.25%", "2010-03-31": "9.58%", "2009-12-31": "11.81%", "2009-09-30": "4.16%", "2009-06-30": "-7.51%", "2009-03-31": "-11.98%", "2008-12-31": "-13.20%", "2008-09-30": "-5.36%", "2008-06-30": "3.12%", "2008-03-31": "5.52%", "2007-12-31": "8.77%", "2007-09-30": "13.22%", "2007-06-30": "14.83%", "2007-03-31": "15.76%", "2006-12-31": "16.51%", "2006-09-30": "10.38%", "2006-06-30": "4.63%", "2006-03-31": "5.36%", "2005-12-31": "7.38%"}, "dividend yield history": {"last payout": "$1.00", "last yield": "0.09%"}}