{"ticker": "WHR", "price": {"title": "Whirlpool Historical Annual Stock Price Data", "value": 196.6, "historical": {"2021": {"Average Stock Price": "191.8754", "Year Open": "176.9000", "Year High": "212.4000", "Year Low": "176.9000", "Year Close": "196.6000", "Annual % Change": "8.93%"}, "2020": {"Average Stock Price": "151.1719", "Year Open": "148.4500", "Year High": "203.4300", "Year Low": "64.2200", "Year Close": "180.4900", "Annual % Change": "22.34%"}, "2019": {"Average Stock Price": "140.3064", "Year Open": "107.9200", "Year High": "162.1600", "Year Low": "107.5600", "Year Close": "147.5300", "Annual % Change": "38.05%"}, "2018": {"Average Stock Price": "141.0783", "Year Open": "167.9900", "Year High": "185.9700", "Year Low": "101.7200", "Year Close": "106.8700", "Annual % Change": "-36.63%"}, "2017": {"Average Stock Price": "177.1865", "Year Open": "182.9300", "Year High": "198.3400", "Year Low": "160.9900", "Year Close": "168.6400", "Annual % Change": "-7.22%"}, "2016": {"Average Stock Price": "167.2788", "Year Open": "148.0900", "Year High": "192.3800", "Year Low": "127.2100", "Year Close": "181.7700", "Annual % Change": "23.76%"}, "2015": {"Average Stock Price": "178.4975", "Year Open": "193.0100", "Year High": "215.0000", "Year Low": "142.2700", "Year Close": "146.8700", "Annual % Change": "-24.19%"}, "2014": {"Average Stock Price": "152.9169", "Year Open": "156.0300", "Year High": "193.7400", "Year Low": "126.6900", "Year Close": "193.7400", "Annual % Change": "23.51%"}, "2013": {"Average Stock Price": "128.0450", "Year Open": "107.1700", "Year High": "157.8000", "Year Low": "102.3100", "Year Close": "156.8600", "Annual % Change": "54.16%"}, "2012": {"Average Stock Price": "74.3700", "Year Open": "48.5100", "Year High": "102.7300", "Year Low": "48.5100", "Year Close": "101.7500", "Annual % Change": "114.44%"}, "2011": {"Average Stock Price": "70.1740", "Year Open": "90.4700", "Year High": "91.2800", "Year Low": "45.3700", "Year Close": "47.4500", "Annual % Change": "-46.58%"}, "2010": {"Average Stock Price": "86.5806", "Year Open": "81.9500", "Year High": "112.4200", "Year Low": "71.6200", "Year Close": "88.8300", "Annual % Change": "10.13%"}, "2009": {"Average Stock Price": "52.1108", "Year Open": "43.6200", "Year High": "83.6500", "Year Low": "19.3900", "Year Close": "80.6600", "Annual % Change": "95.07%"}, "2008": {"Average Stock Price": "70.6599", "Year Open": "79.8800", "Year High": "93.9000", "Year Low": "30.9200", "Year Close": "41.3500", "Annual % Change": "-49.34%"}, "2007": {"Average Stock Price": "94.1942", "Year Open": "84.6600", "Year High": "116.8500", "Year Low": "73.8600", "Year Close": "81.6300", "Annual % Change": "-1.67%"}, "2006": {"Average Stock Price": "85.1312", "Year Open": "82.6700", "Year High": "95.9500", "Year Low": "75.0000", "Year Close": "83.0200", "Annual % Change": "-0.88%"}, "2005": {"Average Stock Price": "72.2469", "Year Open": "69.0500", "Year High": "85.6500", "Year Low": "61.1300", "Year Close": "83.7600", "Annual % Change": "21.02%"}, "2004": {"Average Stock Price": "65.9493", "Year Open": "71.1800", "Year High": "79.3800", "Year Low": "55.0400", "Year Close": "69.2100", "Annual % Change": "-4.74%"}, "2003": {"Average Stock Price": "61.0098", "Year Open": "54.2300", "Year High": "72.6700", "Year Low": "42.9100", "Year Close": "72.6500", "Annual % Change": "39.12%"}, "2002": {"Average Stock Price": "62.0259", "Year Open": "72.9000", "Year High": "79.6600", "Year Low": "40.6000", "Year Close": "52.2200", "Annual % Change": "-28.79%"}, "2001": {"Average Stock Price": "59.8912", "Year Open": "47.2500", "Year High": "73.5400", "Year Low": "47.2500", "Year Close": "73.3300", "Annual % Change": "53.76%"}, "2000": {"Average Stock Price": "49.9429", "Year Open": "61.8100", "Year High": "67.2500", "Year Low": "34.8100", "Year Close": "47.6900", "Annual % Change": "-26.70%"}, "1999": {"Average Stock Price": "62.0696", "Year Open": "55.9400", "Year High": "77.2500", "Year Low": "41.0000", "Year Close": "65.0600", "Annual % Change": "17.48%"}, "1998": {"Average Stock Price": "59.8329", "Year Open": "53.9400", "Year High": "74.7500", "Year Low": "44.0000", "Year Close": "55.3800", "Annual % Change": "0.69%"}, "1997": {"Average Stock Price": "53.4162", "Year Open": "46.7500", "Year High": "69.3800", "Year Low": "45.2500", "Year Close": "55.0000", "Annual % Change": "17.98%"}, "1996": {"Average Stock Price": "52.2102", "Year Open": "54.1200", "Year High": "60.7500", "Year Low": "44.6200", "Year Close": "46.6200", "Annual % Change": "-12.45%"}, "1995": {"Average Stock Price": "54.6508", "Year Open": "50.2500", "Year High": "60.6300", "Year Low": "49.7500", "Year Close": "53.2500", "Annual % Change": "4.93%"}, "1994": {"Average Stock Price": "56.4987", "Year Open": "65.5000", "Year High": "72.3800", "Year Low": "45.3800", "Year Close": "50.7500", "Annual % Change": "-23.68%"}, "1993": {"Average Stock Price": "56.9384", "Year Open": "44.1300", "Year High": "68.0000", "Year Low": "43.5000", "Year Close": "66.5000", "Annual % Change": "49.00%"}, "1992": {"Average Stock Price": "40.9020", "Year Open": "38.7500", "Year High": "48.8800", "Year Low": "34.8800", "Year Close": "44.6300", "Annual % Change": "14.79%"}, "1991": {"Average Stock Price": "31.7926", "Year Open": "23.1300", "Year High": "40.1300", "Year Low": "20.2500", "Year Close": "38.8800", "Annual % Change": "65.45%"}, "1990": {"Average Stock Price": "26.6142", "Year Open": "32.2500", "Year High": "33.5000", "Year Low": "17.8800", "Year Close": "23.5000", "Annual % Change": "-28.79%"}, "1989": {"Average Stock Price": "28.9202", "Year Open": "24.6200", "Year High": "33.0000", "Year Low": "24.6200", "Year Close": "33.0000", "Annual % Change": "33.33%"}, "1988": {"Average Stock Price": "26.2345", "Year Open": "25.1200", "Year High": "29.6200", "Year Low": "23.7500", "Year Close": "24.7500", "Annual % Change": "1.56%"}, "1987": {"Average Stock Price": "34.1219", "Year Open": "34.5000", "Year High": "40.7500", "Year Low": "21.2500", "Year Close": "24.3700", "Annual % Change": "-28.06%"}, "1986": {"Average Stock Price": "34.1092", "Year Open": "24.6250", "Year High": "41.5000", "Year Low": "24.3750", "Year Close": "33.8750", "Annual % Change": "37.20%"}, "1985": {"Average Stock Price": "23.1234", "Year Open": "23.0650", "Year High": "25.3150", "Year Low": "20.3750", "Year Close": "24.6900", "Annual % Change": "6.19%"}, "1984": {"Average Stock Price": "20.9999", "Year Open": "24.2500", "Year High": "24.8750", "Year Low": "18.3750", "Year Close": "23.2500", "Annual % Change": "-4.12%"}}}, "market cap": {"value": "$12.47B"}, "income statement": {"Revenue": {"2020-12-31": "19456.00000", "2019-12-31": "20419.00000", "2018-12-31": "21037.00000", "2017-12-31": "21253.00000", "2016-12-31": "20718.00000", "2015-12-31": "20891.00000", "2014-12-31": "19872.00000", "2013-12-31": "18769.00000", "2012-12-31": "18143.00000", "2011-12-31": "18666.00000", "2010-12-31": "18366.00000", "2009-12-31": "17099.00000", "2008-12-31": "18907.00000", "2007-12-31": "19408.00000", "2006-12-31": "18080.00000", "2005-12-31": "14317.00000"}, "Cost Of Goods Sold": {"2020-12-31": "15606.00000", "2019-12-31": "16886.00000", "2018-12-31": "17500.00000", "2017-12-31": "17651.00000", "2016-12-31": "17026.00000", "2015-12-31": "17231.00000", "2014-12-31": "16477.00000", "2013-12-31": "15471.00000", "2012-12-31": "15250.00000", "2011-12-31": "16089.00000", "2010-12-31": "15652.00000", "2009-12-31": "14713.00000", "2008-12-31": "16383.00000", "2007-12-31": "16517.00000", "2006-12-31": "15420.00000", "2005-12-31": "12123.00000"}, "Gross Profit": {"2020-12-31": "3850.00000", "2019-12-31": "3533.00000", "2018-12-31": "3537.00000", "2017-12-31": "3602.00000", "2016-12-31": "3692.00000", "2015-12-31": "3660.00000", "2014-12-31": "3395.00000", "2013-12-31": "3298.00000", "2012-12-31": "2893.00000", "2011-12-31": "2577.00000", "2010-12-31": "2714.00000", "2009-12-31": "2386.00000", "2008-12-31": "2524.00000", "2007-12-31": "2891.00000", "2006-12-31": "2660.00000", "2005-12-31": "2194.00000"}, "Research And Development Expenses": {"2020-12-31": "", "2019-12-31": "", "2018-12-31": "", "2017-12-31": "", "2016-12-31": "", "2015-12-31": "", "2014-12-31": "", "2013-12-31": "", "2012-12-31": "", "2011-12-31": "", "2010-12-31": "", "2009-12-31": "", "2008-12-31": "", "2007-12-31": "", "2006-12-31": "", "2005-12-31": ""}, "SG&A Expenses": {"2020-12-31": "1877.00000", "2019-12-31": "2142.00000", "2018-12-31": "2189.00000", "2017-12-31": "2112.00000", "2016-12-31": "2080.00000", "2015-12-31": "2143.00000", "2014-12-31": "2038.00000", "2013-12-31": "1828.00000", "2012-12-31": "1757.00000", "2011-12-31": "1621.00000", "2010-12-31": "1604.00000", "2009-12-31": "1544.00000", "2008-12-31": "1798.00000", "2007-12-31": "1736.00000", "2006-12-31": "1752.00000", "2005-12-31": "1343.00000"}, "Other Operating Income Or Expenses": {"2020-12-31": "7.00000", "2019-12-31": "437.00000", "2018-12-31": "0.00000", "2017-12-31": "0.00000", "2016-12-31": "", "2015-12-31": "", "2014-12-31": "", "2013-12-31": "", "2012-12-31": "", "2011-12-31": "", "2010-12-31": "", "2009-12-31": "", "2008-12-31": "", "2007-12-31": "", "2006-12-31": "", "2005-12-31": ""}, "Operating Expenses": {"2020-12-31": "17833.00000", "2019-12-31": "18848.00000", "2018-12-31": "20758.00000", "2017-12-31": "20117.00000", "2016-12-31": "19350.00000", "2015-12-31": "19649.00000", "2014-12-31": "18684.00000", "2013-12-31": "17520.00000", "2012-12-31": "17274.00000", "2011-12-31": "17874.00000", "2010-12-31": "17358.00000", "2009-12-31": "16411.00000", "2008-12-31": "18358.00000", "2007-12-31": "18345.00000", "2006-12-31": "17257.00000", "2005-12-31": "13525.00000"}, "Operating Income": {"2020-12-31": "1623.00000", "2019-12-31": "1571.00000", "2018-12-31": "279.00000", "2017-12-31": "1136.00000", "2016-12-31": "1368.00000", "2015-12-31": "1242.00000", "2014-12-31": "1188.00000", "2013-12-31": "1249.00000", "2012-12-31": "869.00000", "2011-12-31": "792.00000", "2010-12-31": "1008.00000", "2009-12-31": "688.00000", "2008-12-31": "549.00000", "2007-12-31": "1063.00000", "2006-12-31": "823.00000", "2005-12-31": "792.00000"}, "Total Non-Operating Income/Expense": {"2020-12-31": "-168.00000", "2019-12-31": "-19.00000", "2018-12-31": "-300.00000", "2017-12-31": "-249.00000", "2016-12-31": "-254.00000", "2015-12-31": "-211.00000", "2014-12-31": "-307.00000", "2013-12-31": "-332.00000", "2012-12-31": "-311.00000", "2011-12-31": "-820.00000", "2010-12-31": "-422.00000", "2009-12-31": "-395.00000", "2008-12-31": "-303.00000", "2007-12-31": "-259.00000", "2006-12-31": "-204.00000", "2005-12-31": "-195.00000"}, "Pre-Tax Income": {"2020-12-31": "1455.00000", "2019-12-31": "1552.00000", "2018-12-31": "-21.00000", "2017-12-31": "887.00000", "2016-12-31": "1114.00000", "2015-12-31": "1031.00000", "2014-12-31": "881.00000", "2013-12-31": "917.00000", "2012-12-31": "558.00000", "2011-12-31": "-28.00000", "2010-12-31": "586.00000", "2009-12-31": "293.00000", "2008-12-31": "246.00000", "2007-12-31": "804.00000", "2006-12-31": "619.00000", "2005-12-31": "597.00000"}, "Income Taxes": {"2020-12-31": "384.00000", "2019-12-31": "354.00000", "2018-12-31": "138.00000", "2017-12-31": "550.00000", "2016-12-31": "186.00000", "2015-12-31": "209.00000", "2014-12-31": "189.00000", "2013-12-31": "68.00000", "2012-12-31": "133.00000", "2011-12-31": "-436.00000", "2010-12-31": "-64.00000", "2009-12-31": "-61.00000", "2008-12-31": "-201.00000", "2007-12-31": "117.00000", "2006-12-31": "126.00000", "2005-12-31": "171.00000"}, "Income After Taxes": {"2020-12-31": "1071.00000", "2019-12-31": "1198.00000", "2018-12-31": "-159.00000", "2017-12-31": "337.00000", "2016-12-31": "928.00000", "2015-12-31": "822.00000", "2014-12-31": "692.00000", "2013-12-31": "849.00000", "2012-12-31": "425.00000", "2011-12-31": "408.00000", "2010-12-31": "650.00000", "2009-12-31": "354.00000", "2008-12-31": "447.00000", "2007-12-31": "687.00000", "2006-12-31": "493.00000", "2005-12-31": "426.00000"}, "Other Income": {"2020-12-31": "", "2019-12-31": "", "2018-12-31": "", "2017-12-31": "", "2016-12-31": "", "2015-12-31": "", "2014-12-31": "", "2013-12-31": "", "2012-12-31": "", "2011-12-31": "", "2010-12-31": "", "2009-12-31": "", "2008-12-31": "", "2007-12-31": "", "2006-12-31": "", "2005-12-31": ""}, "Income From Continuous Operations": {"2020-12-31": "1071.00000", "2019-12-31": "1198.00000", "2018-12-31": "-159.00000", "2017-12-31": "337.00000", "2016-12-31": "928.00000", "2015-12-31": "822.00000", "2014-12-31": "692.00000", "2013-12-31": "849.00000", "2012-12-31": "425.00000", "2011-12-31": "408.00000", "2010-12-31": "650.00000", "2009-12-31": "354.00000", "2008-12-31": "447.00000", "2007-12-31": "669.00000", "2006-12-31": "486.00000", "2005-12-31": "422.00000"}, "Income From Discontinued Operations": {"2020-12-31": "", "2019-12-31": "", "2018-12-31": "", "2017-12-31": "", "2016-12-31": "", "2015-12-31": "", "2014-12-31": "", "2013-12-31": "", "2012-12-31": "", "2011-12-31": "", "2010-12-31": "", "2009-12-31": "", "2008-12-31": "", "2007-12-31": "-7.00000", "2006-12-31": "-53.00000", "2005-12-31": ""}, "Net Income": {"2020-12-31": "1081.00000", "2019-12-31": "1184.00000", "2018-12-31": "-183.00000", "2017-12-31": "350.00000", "2016-12-31": "888.00000", "2015-12-31": "783.00000", "2014-12-31": "650.00000", "2013-12-31": "827.00000", "2012-12-31": "401.00000", "2011-12-31": "390.00000", "2010-12-31": "619.00000", "2009-12-31": "328.00000", "2008-12-31": "418.00000", "2007-12-31": "640.00000", "2006-12-31": "433.00000", "2005-12-31": "422.00000"}, "EBITDA": {"2020-12-31": "2198.00000", "2019-12-31": "2158.00000", "2018-12-31": "1671.00000", "2017-12-31": "1790.00000", "2016-12-31": "2023.00000", "2015-12-31": "1910.00000", "2014-12-31": "1748.00000", "2013-12-31": "1789.00000", "2012-12-31": "1420.00000", "2011-12-31": "1350.00000", "2010-12-31": "1563.00000", "2009-12-31": "1213.00000", "2008-12-31": "1146.00000", "2007-12-31": "1656.00000", "2006-12-31": "1373.00000", "2005-12-31": "1234.00000"}, "EBIT": {"2020-12-31": "1623.00000", "2019-12-31": "1571.00000", "2018-12-31": "279.00000", "2017-12-31": "1136.00000", "2016-12-31": "1368.00000", "2015-12-31": "1242.00000", "2014-12-31": "1188.00000", "2013-12-31": "1249.00000", "2012-12-31": "869.00000", "2011-12-31": "792.00000", "2010-12-31": "1008.00000", "2009-12-31": "688.00000", "2008-12-31": "549.00000", "2007-12-31": "1063.00000", "2006-12-31": "823.00000", "2005-12-31": "792.00000"}, "Basic Shares Outstanding": {"2020-12-31": "62.70000", "2019-12-31": "63.70000", "2018-12-31": "67.20000", "2017-12-31": "73.30000", "2016-12-31": "76.10000", "2015-12-31": "78.70000", "2014-12-31": "78.30000", "2013-12-31": "79.30000", "2012-12-31": "78.10000", "2011-12-31": "76.80000", "2010-12-31": "76.20000", "2009-12-31": "74.60000", "2008-12-31": "75.10000", "2007-12-31": "78.50000", "2006-12-31": "75.10000", "2005-12-31": "67.10000"}, "Shares Outstanding": {"2020-12-31": "63.30000", "2019-12-31": "64.20000", "2018-12-31": "67.20000", "2017-12-31": "74.40000", "2016-12-31": "77.20000", "2015-12-31": "79.70000", "2014-12-31": "79.60000", "2013-12-31": "80.80000", "2012-12-31": "79.30000", "2011-12-31": "78.10000", "2010-12-31": "77.60000", "2009-12-31": "75.60000", "2008-12-31": "76.00000", "2007-12-31": "79.90000", "2006-12-31": "76.50000", "2005-12-31": "68.30000"}, "Basic EPS": {"2020-12-31": "17.24000", "2019-12-31": "18.60000", "2018-12-31": "-2.72000", "2017-12-31": "4.78000", "2016-12-31": "11.67000", "2015-12-31": "9.95000", "2014-12-31": "8.30000", "2013-12-31": "10.42000", "2012-12-31": "5.14000", "2011-12-31": "5.07000", "2010-12-31": "8.12000", "2009-12-31": "4.39000", "2008-12-31": "5.57000", "2007-12-31": "8.15000", "2006-12-31": "5.76000", "2005-12-31": "6.30000"}, "EPS - Earnings Per Share": {"2020-12-31": "17.07000", "2019-12-31": "18.45000", "2018-12-31": "-2.72000", "2017-12-31": "4.70000", "2016-12-31": "11.50000", "2015-12-31": "9.83000", "2014-12-31": "8.17000", "2013-12-31": "10.24000", "2012-12-31": "5.06000", "2011-12-31": "4.99000", "2010-12-31": "7.97000", "2009-12-31": "4.34000", "2008-12-31": "5.50000", "2007-12-31": "8.01000", "2006-12-31": "5.67000", "2005-12-31": "6.19000"}}, "income statement, quarterly": {"Revenue": {"2020-12-31": "5798.00000", "2020-09-30": "5291.00000", "2020-06-30": "4042.00000", "2020-03-31": "4325.00000", "2019-12-31": "5382.00000", "2019-09-30": "5091.00000", "2019-06-30": "5186.00000", "2019-03-31": "4760.00000", "2018-12-31": "5660.00000", "2018-09-30": "5326.00000", "2018-06-30": "5140.00000", "2018-03-31": "4911.00000", "2017-12-31": "5702.00000", "2017-09-30": "5418.00000", "2017-06-30": "5347.00000", "2017-03-31": "4786.00000", "2016-12-31": "5656.00000", "2016-09-30": "5248.00000", "2016-06-30": "5198.00000", "2016-03-31": "4616.00000", "2015-12-31": "5560.00000", "2015-09-30": "5277.00000", "2015-06-30": "5208.00000", "2015-03-31": "4846.00000", "2014-12-31": "6003.00000", "2014-09-30": "4824.00000", "2014-06-30": "4682.00000", "2014-03-31": "4363.00000", "2013-12-31": "5090.00000", "2013-09-30": "4683.00000", "2013-06-30": "4748.00000", "2013-03-31": "4248.00000", "2012-12-31": "4791.00000", "2012-09-30": "4494.00000", "2012-06-30": "4510.00000", "2012-03-31": "4348.00000", "2011-12-31": "4910.00000", "2011-09-30": "4625.00000", "2011-06-30": "4730.00000", "2011-03-31": "4401.00000", "2010-12-31": "5041.00000", "2010-09-30": "4519.00000", "2010-06-30": "4534.00000", "2010-03-31": "4272.00000", "2009-12-31": "4864.00000", "2009-09-30": "4497.00000", "2009-06-30": "4169.00000", "2009-03-31": "3569.00000", "2008-12-31": "4315.00000", "2008-09-30": "4902.00000", "2008-06-30": "5076.00000", "2008-03-31": "4614.00000", "2007-12-31": "5325.00000", "2007-09-30": "4840.00000", "2007-06-30": "4854.00000", "2007-03-31": "4389.00000", "2006-12-31": "4967.00000", "2006-09-30": "4843.00000", "2006-06-30": "4734.00000", "2006-03-31": "3536.00000", "2005-12-31": "3954.00000", "2005-09-30": "3599.00000", "2005-06-30": "3556.00000", "2005-03-31": "3208.00000"}, "Cost Of Goods Sold": {"2020-12-31": "4434.00000", "2020-09-30": "4136.00000", "2020-06-30": "3411.00000", "2020-03-31": "3625.00000", "2019-12-31": "4334.00000", "2019-09-30": "4350.00000", "2019-06-30": "4254.00000", "2019-03-31": "3948.00000", "2018-12-31": "4710.00000", "2018-09-30": "4431.00000", "2018-06-30": "4260.00000", "2018-03-31": "4099.00000", "2017-12-31": "4717.00000", "2017-09-30": "4503.00000", "2017-06-30": "4471.00000", "2017-03-31": "3960.00000", "2016-12-31": "4696.00000", "2016-09-30": "4308.00000", "2016-06-30": "4229.00000", "2016-03-31": "3793.00000", "2015-12-31": "4588.00000", "2015-09-30": "4347.00000", "2015-06-30": "4303.00000", "2015-03-31": "3993.00000", "2014-12-31": "4977.00000", "2014-09-30": "3997.00000", "2014-06-30": "3895.00000", "2014-03-31": "3608.00000", "2013-12-31": "4181.00000", "2013-09-30": "3837.00000", "2013-06-30": "3931.00000", "2013-03-31": "3522.00000", "2012-12-31": "3979.00000", "2012-09-30": "3791.00000", "2012-06-30": "3782.00000", "2012-03-31": "3698.00000", "2011-12-31": "4198.00000", "2011-09-30": "4052.00000", "2011-06-30": "4061.00000", "2011-03-31": "3778.00000", "2010-12-31": "4375.00000", "2010-09-30": "3871.00000", "2010-06-30": "3773.00000", "2010-03-31": "3633.00000", "2009-12-31": "4176.00000", "2009-09-30": "3877.00000", "2009-06-30": "3615.00000", "2009-03-31": "3045.00000", "2008-12-31": "3842.00000", "2008-09-30": "4217.00000", "2008-06-30": "4324.00000", "2008-03-31": "4000.00000", "2007-12-31": "4487.00000", "2007-09-30": "4148.00000", "2007-06-30": "4121.00000", "2007-03-31": "3761.00000", "2006-12-31": "4268.00000", "2006-09-30": "4139.00000", "2006-06-30": "4034.00000", "2006-03-31": "2979.00000", "2005-12-31": "3317.00000", "2005-09-30": "3046.00000", "2005-06-30": "3036.00000", "2005-03-31": "2724.00000"}, "Gross Profit": {"2020-12-31": "1364.00000", "2020-09-30": "1155.00000", "2020-06-30": "631.00000", "2020-03-31": "700.00000", "2019-12-31": "1048.00000", "2019-09-30": "741.00000", "2019-06-30": "932.00000", "2019-03-31": "812.00000", "2018-12-31": "950.00000", "2018-09-30": "895.00000", "2018-06-30": "880.00000", "2018-03-31": "812.00000", "2017-12-31": "985.00000", "2017-09-30": "915.00000", "2017-06-30": "876.00000", "2017-03-31": "826.00000", "2016-12-31": "960.00000", "2016-09-30": "940.00000", "2016-06-30": "969.00000", "2016-03-31": "823.00000", "2015-12-31": "972.00000", "2015-09-30": "930.00000", "2015-06-30": "905.00000", "2015-03-31": "853.00000", "2014-12-31": "1026.00000", "2014-09-30": "827.00000", "2014-06-30": "787.00000", "2014-03-31": "755.00000", "2013-12-31": "909.00000", "2013-09-30": "846.00000", "2013-06-30": "817.00000", "2013-03-31": "726.00000", "2012-12-31": "812.00000", "2012-09-30": "703.00000", "2012-06-30": "728.00000", "2012-03-31": "650.00000", "2011-12-31": "712.00000", "2011-09-30": "573.00000", "2011-06-30": "669.00000", "2011-03-31": "623.00000", "2010-12-31": "666.00000", "2010-09-30": "648.00000", "2010-06-30": "761.00000", "2010-03-31": "639.00000", "2009-12-31": "688.00000", "2009-09-30": "620.00000", "2009-06-30": "554.00000", "2009-03-31": "524.00000", "2008-12-31": "473.00000", "2008-09-30": "685.00000", "2008-06-30": "752.00000", "2008-03-31": "614.00000", "2007-12-31": "838.00000", "2007-09-30": "692.00000", "2007-06-30": "733.00000", "2007-03-31": "628.00000", "2006-12-31": "699.00000", "2006-09-30": "704.00000", "2006-06-30": "700.00000", "2006-03-31": "557.00000", "2005-12-31": "637.00000", "2005-09-30": "553.00000", "2005-06-30": "520.00000", "2005-03-31": "484.00000"}, "Research And Development Expenses": {"2020-12-31": "", "2020-09-30": "", "2020-06-30": "", "2020-03-31": "", "2019-12-31": "", "2019-09-30": "", "2019-06-30": "", "2019-03-31": "", "2018-12-31": "", "2018-09-30": "", "2018-06-30": "", "2018-03-31": "", "2017-12-31": "", "2017-09-30": "", "2017-06-30": "", "2017-03-31": "", "2016-12-31": "", "2016-09-30": "", "2016-06-30": "", "2016-03-31": "", "2015-12-31": "", "2015-09-30": "", "2015-06-30": "", "2015-03-31": "", "2014-12-31": "", "2014-09-30": "", "2014-06-30": "", "2014-03-31": "", "2013-12-31": "", "2013-09-30": "", "2013-06-30": "", "2013-03-31": "", "2012-12-31": "", "2012-09-30": "", "2012-06-30": "", "2012-03-31": "", "2011-12-31": "", "2011-09-30": "", "2011-06-30": "", "2011-03-31": "", "2010-12-31": "", "2010-09-30": "", "2010-06-30": "", "2010-03-31": "", "2009-12-31": "", "2009-09-30": "", "2009-06-30": "", "2009-03-31": "", "2008-12-31": "", "2008-09-30": "", "2008-06-30": "", "2008-03-31": "", "2007-12-31": "", "2007-09-30": "", "2007-06-30": "", "2007-03-31": "", "2006-12-31": "", "2006-09-30": "", "2006-06-30": "", "2006-03-31": "", "2005-12-31": "", "2005-09-30": "", "2005-06-30": "", "2005-03-31": ""}, "SG&A Expenses": {"2020-12-31": "523.00000", "2020-09-30": "513.00000", "2020-06-30": "421.00000", "2020-03-31": "420.00000", "2019-12-31": "562.00000", "2019-09-30": "491.00000", "2019-06-30": "584.00000", "2019-03-31": "505.00000", "2018-12-31": "593.00000", "2018-09-30": "550.00000", "2018-06-30": "541.00000", "2018-03-31": "505.00000", "2017-12-31": "566.00000", "2017-09-30": "521.00000", "2017-06-30": "526.00000", "2017-03-31": "499.00000", "2016-12-31": "545.00000", "2016-09-30": "519.00000", "2016-06-30": "543.00000", "2016-03-31": "473.00000", "2015-12-31": "560.00000", "2015-09-30": "529.00000", "2015-06-30": "556.00000", "2015-03-31": "498.00000", "2014-12-31": "694.00000", "2014-09-30": "448.00000", "2014-06-30": "457.00000", "2014-03-31": "439.00000", "2013-12-31": "494.00000", "2013-09-30": "460.00000", "2013-06-30": "453.00000", "2013-03-31": "421.00000", "2012-12-31": "485.00000", "2012-09-30": "420.00000", "2012-06-30": "447.00000", "2012-03-31": "405.00000", "2011-12-31": "422.00000", "2011-09-30": "394.00000", "2011-06-30": "425.00000", "2011-03-31": "380.00000", "2010-12-31": "441.00000", "2010-09-30": "391.00000", "2010-06-30": "401.00000", "2010-03-31": "371.00000", "2009-12-31": "427.00000", "2009-09-30": "400.00000", "2009-06-30": "390.00000", "2009-03-31": "327.00000", "2008-12-31": "379.00000", "2008-09-30": "477.00000", "2008-06-30": "502.00000", "2008-03-31": "440.00000", "2007-12-31": "484.00000", "2007-09-30": "414.00000", "2007-06-30": "463.00000", "2007-03-31": "375.00000", "2006-12-31": "481.00000", "2006-09-30": "462.00000", "2006-06-30": "465.00000", "2006-03-31": "344.00000", "2005-12-31": "385.00000", "2005-09-30": "339.00000", "2005-06-30": "322.00000", "2005-03-31": "297.00000"}, "Other Operating Income Or Expenses": {"2020-12-31": "", "2020-09-30": "7.00000", "2020-06-30": "", "2020-03-31": "", "2019-12-31": "", "2019-09-30": "516.00000", "2019-06-30": "-79.00000", "2019-03-31": "", "2018-12-31": "", "2018-09-30": "", "2018-06-30": "", "2018-03-31": "", "2017-12-31": "", "2017-09-30": "", "2017-06-30": "", "2017-03-31": "", "2016-12-31": "", "2016-09-30": "", "2016-06-30": "", "2016-03-31": "", "2015-12-31": "", "2015-09-30": "", "2015-06-30": "", "2015-03-31": "", "2014-12-31": "", "2014-09-30": "", "2014-06-30": "", "2014-03-31": "", "2013-12-31": "", "2013-09-30": "", "2013-06-30": "", "2013-03-31": "", "2012-12-31": "", "2012-09-30": "", "2012-06-30": "", "2012-03-31": "", "2011-12-31": "", "2011-09-30": "", "2011-06-30": "", "2011-03-31": "", "2010-12-31": "", "2010-09-30": "", "2010-06-30": "", "2010-03-31": "", "2009-12-31": "", "2009-09-30": "", "2009-06-30": "", "2009-03-31": "", "2008-12-31": "", "2008-09-30": "", "2008-06-30": "", "2008-03-31": "", "2007-12-31": "", "2007-09-30": "", "2007-06-30": "", "2007-03-31": "", "2006-12-31": "", "2006-09-30": "", "2006-06-30": "", "2006-03-31": "", "2005-12-31": "", "2005-09-30": "", "2005-06-30": "", "2005-03-31": ""}, "Operating Expenses": {"2020-12-31": "5082.00000", "2020-09-30": "4721.00000", "2020-06-30": "3965.00000", "2020-03-31": "4065.00000", "2019-12-31": "4958.00000", "2019-09-30": "4398.00000", "2019-06-30": "4995.00000", "2019-03-31": "4497.00000", "2018-12-31": "5351.00000", "2018-09-30": "5027.00000", "2018-06-30": "5612.00000", "2018-03-31": "4768.00000", "2017-12-31": "5435.00000", "2017-09-30": "5087.00000", "2017-06-30": "5073.00000", "2017-03-31": "4522.00000", "2016-12-31": "5315.00000", "2016-09-30": "4874.00000", "2016-06-30": "4830.00000", "2016-03-31": "4331.00000", "2015-12-31": "5223.00000", "2015-09-30": "4948.00000", "2015-06-30": "4935.00000", "2015-03-31": "4543.00000", "2014-12-31": "5722.00000", "2014-09-30": "4489.00000", "2014-06-30": "4391.00000", "2014-03-31": "4082.00000", "2013-12-31": "4736.00000", "2013-09-30": "4370.00000", "2013-06-30": "4420.00000", "2013-03-31": "3994.00000", "2012-12-31": "4533.00000", "2012-09-30": "4281.00000", "2012-06-30": "4316.00000", "2012-03-31": "4144.00000", "2011-12-31": "4705.00000", "2011-09-30": "4489.00000", "2011-06-30": "4507.00000", "2011-03-31": "4173.00000", "2010-12-31": "4839.00000", "2010-09-30": "4285.00000", "2010-06-30": "4203.00000", "2010-03-31": "4031.00000", "2009-12-31": "4665.00000", "2009-09-30": "4308.00000", "2009-06-30": "4035.00000", "2009-03-31": "3403.00000", "2008-12-31": "4305.00000", "2008-09-30": "4725.00000", "2008-06-30": "4873.00000", "2008-03-31": "4455.00000", "2007-12-31": "4993.00000", "2007-09-30": "4582.00000", "2007-06-30": "4607.00000", "2007-03-31": "4163.00000", "2006-12-31": "4775.00000", "2006-09-30": "4618.00000", "2006-06-30": "4529.00000", "2006-03-31": "3335.00000", "2005-12-31": "3735.00000", "2005-09-30": "3397.00000", "2005-06-30": "3365.00000", "2005-03-31": "3028.00000"}, "Operating Income": {"2020-12-31": "716.00000", "2020-09-30": "570.00000", "2020-06-30": "77.00000", "2020-03-31": "260.00000", "2019-12-31": "424.00000", "2019-09-30": "693.00000", "2019-06-30": "191.00000", "2019-03-31": "263.00000", "2018-12-31": "309.00000", "2018-09-30": "299.00000", "2018-06-30": "-472.00000", "2018-03-31": "143.00000", "2017-12-31": "267.00000", "2017-09-30": "331.00000", "2017-06-30": "274.00000", "2017-03-31": "264.00000", "2016-12-31": "341.00000", "2016-09-30": "374.00000", "2016-06-30": "368.00000", "2016-03-31": "285.00000", "2015-12-31": "337.00000", "2015-09-30": "329.00000", "2015-06-30": "273.00000", "2015-03-31": "303.00000", "2014-12-31": "281.00000", "2014-09-30": "335.00000", "2014-06-30": "291.00000", "2014-03-31": "281.00000", "2013-12-31": "354.00000", "2013-09-30": "313.00000", "2013-06-30": "328.00000", "2013-03-31": "254.00000", "2012-12-31": "258.00000", "2012-09-30": "213.00000", "2012-06-30": "194.00000", "2012-03-31": "204.00000", "2011-12-31": "205.00000", "2011-09-30": "136.00000", "2011-06-30": "223.00000", "2011-03-31": "228.00000", "2010-12-31": "202.00000", "2010-09-30": "234.00000", "2010-06-30": "331.00000", "2010-03-31": "241.00000", "2009-12-31": "199.00000", "2009-09-30": "189.00000", "2009-06-30": "134.00000", "2009-03-31": "166.00000", "2008-12-31": "10.00000", "2008-09-30": "177.00000", "2008-06-30": "203.00000", "2008-03-31": "159.00000", "2007-12-31": "332.00000", "2007-09-30": "258.00000", "2007-06-30": "247.00000", "2007-03-31": "226.00000", "2006-12-31": "192.00000", "2006-09-30": "225.00000", "2006-06-30": "205.00000", "2006-03-31": "201.00000", "2005-12-31": "219.00000", "2005-09-30": "202.00000", "2005-06-30": "191.00000", "2005-03-31": "180.00000"}, "Total Non-Operating Income/Expense": {"2020-12-31": "-63.00000", "2020-09-30": "-29.00000", "2020-06-30": "-34.00000", "2020-03-31": "-41.00000", "2019-12-31": "-93.00000", "2019-09-30": "-16.00000", "2019-06-30": "11.00000", "2019-03-31": "79.00000", "2018-12-31": "-53.00000", "2018-09-30": "-76.00000", "2018-06-30": "-137.00000", "2018-03-31": "-34.00000", "2017-12-31": "-58.00000", "2017-09-30": "-63.00000", "2017-06-30": "-62.00000", "2017-03-31": "-66.00000", "2016-12-31": "-33.00000", "2016-09-30": "-69.00000", "2016-06-30": "-82.00000", "2016-03-31": "-70.00000", "2015-12-31": "-55.00000", "2015-09-30": "-62.00000", "2015-06-30": "2.00000", "2015-03-31": "-96.00000", "2014-12-31": "-110.00000", "2014-09-30": "-74.00000", "2014-06-30": "-56.00000", "2014-03-31": "-67.00000", "2013-12-31": "-126.00000", "2013-09-30": "-59.00000", "2013-06-30": "-83.00000", "2013-03-31": "-64.00000", "2012-12-31": "-84.00000", "2012-09-30": "-86.00000", "2012-06-30": "-70.00000", "2012-03-31": "-71.00000", "2011-12-31": "-75.00000", "2011-09-30": "-78.00000", "2011-06-30": "-593.00000", "2011-03-31": "-74.00000", "2010-12-31": "-70.00000", "2010-09-30": "-158.00000", "2010-06-30": "-124.00000", "2010-03-31": "-70.00000", "2009-12-31": "-107.00000", "2009-09-30": "-109.00000", "2009-06-30": "-70.00000", "2009-03-31": "-109.00000", "2008-12-31": "-119.00000", "2008-09-30": "-55.00000", "2008-06-30": "-73.00000", "2008-03-31": "-56.00000", "2007-12-31": "-95.00000", "2007-09-30": "-62.00000", "2007-06-30": "-47.00000", "2007-03-31": "-55.00000", "2006-12-31": "-57.00000", "2006-09-30": "-43.00000", "2006-06-30": "-68.00000", "2006-03-31": "-36.00000", "2005-12-31": "-66.00000", "2005-09-30": "-31.00000", "2005-06-30": "-51.00000", "2005-03-31": "-47.00000"}, "Pre-Tax Income": {"2020-12-31": "653.00000", "2020-09-30": "541.00000", "2020-06-30": "43.00000", "2020-03-31": "219.00000", "2019-12-31": "331.00000", "2019-09-30": "677.00000", "2019-06-30": "202.00000", "2019-03-31": "342.00000", "2018-12-31": "256.00000", "2018-09-30": "223.00000", "2018-06-30": "-609.00000", "2018-03-31": "109.00000", "2017-12-31": "209.00000", "2017-09-30": "268.00000", "2017-06-30": "212.00000", "2017-03-31": "198.00000", "2016-12-31": "308.00000", "2016-09-30": "305.00000", "2016-06-30": "286.00000", "2016-03-31": "215.00000", "2015-12-31": "282.00000", "2015-09-30": "267.00000", "2015-06-30": "275.00000", "2015-03-31": "207.00000", "2014-12-31": "171.00000", "2014-09-30": "261.00000", "2014-06-30": "235.00000", "2014-03-31": "214.00000", "2013-12-31": "228.00000", "2013-09-30": "254.00000", "2013-06-30": "245.00000", "2013-03-31": "190.00000", "2012-12-31": "174.00000", "2012-09-30": "127.00000", "2012-06-30": "124.00000", "2012-03-31": "133.00000", "2011-12-31": "130.00000", "2011-09-30": "58.00000", "2011-06-30": "-370.00000", "2011-03-31": "154.00000", "2010-12-31": "132.00000", "2010-09-30": "76.00000", "2010-06-30": "207.00000", "2010-03-31": "171.00000", "2009-12-31": "92.00000", "2009-09-30": "80.00000", "2009-06-30": "64.00000", "2009-03-31": "57.00000", "2008-12-31": "-109.00000", "2008-09-30": "122.00000", "2008-06-30": "130.00000", "2008-03-31": "103.00000", "2007-12-31": "237.00000", "2007-09-30": "196.00000", "2007-06-30": "200.00000", "2007-03-31": "171.00000", "2006-12-31": "135.00000", "2006-09-30": "182.00000", "2006-06-30": "137.00000", "2006-03-31": "165.00000", "2005-12-31": "153.00000", "2005-09-30": "171.00000", "2005-06-30": "140.00000", "2005-03-31": "133.00000"}, "Income Taxes": {"2020-12-31": "152.00000", "2020-09-30": "143.00000", "2020-06-30": "18.00000", "2020-03-31": "72.00000", "2019-12-31": "43.00000", "2019-09-30": "313.00000", "2019-06-30": "130.00000", "2019-03-31": "-132.00000", "2018-12-31": "86.00000", "2018-09-30": "7.00000", "2018-06-30": "30.00000", "2018-03-31": "15.00000", "2017-12-31": "481.00000", "2017-09-30": "-4.00000", "2017-06-30": "33.00000", "2017-03-31": "40.00000", "2016-12-31": "122.00000", "2016-09-30": "61.00000", "2016-06-30": "-56.00000", "2016-03-31": "59.00000", "2015-12-31": "93.00000", "2015-09-30": "17.00000", "2015-06-30": "90.00000", "2015-03-31": "9.00000", "2014-12-31": "63.00000", "2014-09-30": "26.00000", "2014-06-30": "50.00000", "2014-03-31": "50.00000", "2013-12-31": "41.00000", "2013-09-30": "55.00000", "2013-06-30": "39.00000", "2013-03-31": "-67.00000", "2012-12-31": "46.00000", "2012-09-30": "47.00000", "2012-06-30": "4.00000", "2012-03-31": "36.00000", "2011-12-31": "-83.00000", "2011-09-30": "-123.00000", "2011-06-30": "-206.00000", "2011-03-31": "-24.00000", "2010-12-31": "-46.00000", "2010-09-30": "-7.00000", "2010-06-30": "-8.00000", "2010-03-31": "-3.00000", "2009-12-31": "-10.00000", "2009-09-30": "-13.00000", "2009-06-30": "-22.00000", "2009-03-31": "-16.00000", "2008-12-31": "-160.00000", "2008-09-30": "-46.00000", "2008-06-30": "2.00000", "2008-03-31": "3.00000", "2007-12-31": "39.00000", "2007-09-30": "8.00000", "2007-06-30": "29.00000", "2007-03-31": "41.00000", "2006-12-31": "-2.00000", "2006-09-30": "46.00000", "2006-06-30": "35.00000", "2006-03-31": "47.00000", "2005-12-31": "29.00000", "2005-09-30": "56.00000", "2005-06-30": "41.00000", "2005-03-31": "45.00000"}, "Income After Taxes": {"2020-12-31": "501.00000", "2020-09-30": "398.00000", "2020-06-30": "25.00000", "2020-03-31": "147.00000", "2019-12-31": "288.00000", "2019-09-30": "364.00000", "2019-06-30": "72.00000", "2019-03-31": "474.00000", "2018-12-31": "170.00000", "2018-09-30": "216.00000", "2018-06-30": "-639.00000", "2018-03-31": "94.00000", "2017-12-31": "-272.00000", "2017-09-30": "272.00000", "2017-06-30": "179.00000", "2017-03-31": "158.00000", "2016-12-31": "186.00000", "2016-09-30": "244.00000", "2016-06-30": "342.00000", "2016-03-31": "156.00000", "2015-12-31": "189.00000", "2015-09-30": "250.00000", "2015-06-30": "185.00000", "2015-03-31": "198.00000", "2014-12-31": "108.00000", "2014-09-30": "235.00000", "2014-06-30": "185.00000", "2014-03-31": "164.00000", "2013-12-31": "187.00000", "2013-09-30": "199.00000", "2013-06-30": "206.00000", "2013-03-31": "257.00000", "2012-12-31": "128.00000", "2012-09-30": "80.00000", "2012-06-30": "120.00000", "2012-03-31": "97.00000", "2011-12-31": "213.00000", "2011-09-30": "181.00000", "2011-06-30": "-164.00000", "2011-03-31": "178.00000", "2010-12-31": "178.00000", "2010-09-30": "83.00000", "2010-06-30": "215.00000", "2010-03-31": "174.00000", "2009-12-31": "102.00000", "2009-09-30": "93.00000", "2009-06-30": "86.00000", "2009-03-31": "73.00000", "2008-12-31": "51.00000", "2008-09-30": "168.00000", "2008-06-30": "128.00000", "2008-03-31": "100.00000", "2007-12-31": "198.00000", "2007-09-30": "188.00000", "2007-06-30": "171.00000", "2007-03-31": "130.00000", "2006-12-31": "137.00000", "2006-09-30": "136.00000", "2006-06-30": "102.00000", "2006-03-31": "118.00000", "2005-12-31": "124.00000", "2005-09-30": "115.00000", "2005-06-30": "99.00000", "2005-03-31": "88.00000"}, "Other Income": {"2020-12-31": "", "2020-09-30": "", "2020-06-30": "", "2020-03-31": "", "2019-12-31": "", "2019-09-30": "", "2019-06-30": "", "2019-03-31": "", "2018-12-31": "", "2018-09-30": "", "2018-06-30": "", "2018-03-31": "", "2017-12-31": "", "2017-09-30": "", "2017-06-30": "", "2017-03-31": "", "2016-12-31": "", "2016-09-30": "", "2016-06-30": "", "2016-03-31": "", "2015-12-31": "", "2015-09-30": "", "2015-06-30": "", "2015-03-31": "", "2014-12-31": "", "2014-09-30": "", "2014-06-30": "", "2014-03-31": "", "2013-12-31": "", "2013-09-30": "", "2013-06-30": "", "2013-03-31": "", "2012-12-31": "", "2012-09-30": "", "2012-06-30": "", "2012-03-31": "", "2011-12-31": "", "2011-09-30": "", "2011-06-30": "", "2011-03-31": "", "2010-12-31": "", "2010-09-30": "", "2010-06-30": "", "2010-03-31": "", "2009-12-31": "", "2009-09-30": "", "2009-06-30": "", "2009-03-31": "", "2008-12-31": "", "2008-09-30": "", "2008-06-30": "", "2008-03-31": "", "2007-12-31": "", "2007-09-30": "", "2007-06-30": "", "2007-03-31": "", "2006-12-31": "", "2006-09-30": "", "2006-06-30": "", "2006-03-31": "", "2005-12-31": "", "2005-09-30": "", "2005-06-30": "", "2005-03-31": ""}, "Income From Continuous Operations": {"2020-12-31": "501.00000", "2020-09-30": "398.00000", "2020-06-30": "25.00000", "2020-03-31": "147.00000", "2019-12-31": "288.00000", "2019-09-30": "364.00000", "2019-06-30": "72.00000", "2019-03-31": "474.00000", "2018-12-31": "170.00000", "2018-09-30": "216.00000", "2018-06-30": "-639.00000", "2018-03-31": "94.00000", "2017-12-31": "-272.00000", "2017-09-30": "272.00000", "2017-06-30": "179.00000", "2017-03-31": "158.00000", "2016-12-31": "186.00000", "2016-09-30": "244.00000", "2016-06-30": "342.00000", "2016-03-31": "156.00000", "2015-12-31": "189.00000", "2015-09-30": "250.00000", "2015-06-30": "185.00000", "2015-03-31": "198.00000", "2014-12-31": "108.00000", "2014-09-30": "235.00000", "2014-06-30": "185.00000", "2014-03-31": "164.00000", "2013-12-31": "187.00000", "2013-09-30": "199.00000", "2013-06-30": "206.00000", "2013-03-31": "257.00000", "2012-12-31": "128.00000", "2012-09-30": "80.00000", "2012-06-30": "120.00000", "2012-03-31": "97.00000", "2011-12-31": "213.00000", "2011-09-30": "181.00000", "2011-06-30": "-164.00000", "2011-03-31": "178.00000", "2010-12-31": "178.00000", "2010-09-30": "83.00000", "2010-06-30": "215.00000", "2010-03-31": "174.00000", "2009-12-31": "102.00000", "2009-09-30": "93.00000", "2009-06-30": "86.00000", "2009-03-31": "73.00000", "2008-12-31": "51.00000", "2008-09-30": "168.00000", "2008-06-30": "128.00000", "2008-03-31": "100.00000", "2007-12-31": "209.00000", "2007-09-30": "175.00000", "2007-06-30": "161.00000", "2007-03-31": "124.00000", "2006-12-31": "134.00000", "2006-09-30": "134.00000", "2006-06-30": "100.00000", "2006-03-31": "118.00000", "2005-12-31": "126.00000", "2005-09-30": "114.00000", "2005-06-30": "96.00000", "2005-03-31": "86.00000"}, "Income From Discontinued Operations": {"2020-12-31": "", "2020-09-30": "", "2020-06-30": "", "2020-03-31": "", "2019-12-31": "", "2019-09-30": "", "2019-06-30": "", "2019-03-31": "", "2018-12-31": "", "2018-09-30": "", "2018-06-30": "", "2018-03-31": "", "2017-12-31": "", "2017-09-30": "", "2017-06-30": "", "2017-03-31": "", "2016-12-31": "", "2016-09-30": "", "2016-06-30": "", "2016-03-31": "", "2015-12-31": "", "2015-09-30": "", "2015-06-30": "", "2015-03-31": "", "2014-12-31": "", "2014-09-30": "", "2014-06-30": "", "2014-03-31": "", "2013-12-31": "", "2013-09-30": "", "2013-06-30": "", "2013-03-31": "", "2012-12-31": "", "2012-09-30": "", "2012-06-30": "", "2012-03-31": "", "2011-12-31": "", "2011-09-30": "", "2011-06-30": "", "2011-03-31": "", "2010-12-31": "", "2010-09-30": "", "2010-06-30": "", "2010-03-31": "", "2009-12-31": "", "2009-09-30": "", "2009-06-30": "", "2009-03-31": "", "2008-12-31": "", "2008-09-30": "", "2008-06-30": "", "2008-03-31": "", "2007-12-31": "", "2007-09-30": "", "2007-06-30": "", "2007-03-31": "-7.00000", "2006-12-31": "-27.00000", "2006-09-30": "-17.00000", "2006-06-30": "-9.00000", "2006-03-31": "", "2005-12-31": "", "2005-09-30": "", "2005-06-30": "", "2005-03-31": ""}, "Net Income": {"2020-12-31": "497.00000", "2020-09-30": "397.00000", "2020-06-30": "35.00000", "2020-03-31": "152.00000", "2019-12-31": "288.00000", "2019-09-30": "358.00000", "2019-06-30": "67.00000", "2019-03-31": "471.00000", "2018-12-31": "170.00000", "2018-09-30": "210.00000", "2018-06-30": "-657.00000", "2018-03-31": "94.00000", "2017-12-31": "-268.00000", "2017-09-30": "276.00000", "2017-06-30": "189.00000", "2017-03-31": "153.00000", "2016-12-31": "180.00000", "2016-09-30": "238.00000", "2016-06-30": "320.00000", "2016-03-31": "150.00000", "2015-12-31": "180.00000", "2015-09-30": "235.00000", "2015-06-30": "177.00000", "2015-03-31": "191.00000", "2014-12-31": "81.00000", "2014-09-30": "230.00000", "2014-06-30": "179.00000", "2014-03-31": "160.00000", "2013-12-31": "181.00000", "2013-09-30": "196.00000", "2013-06-30": "198.00000", "2013-03-31": "252.00000", "2012-12-31": "122.00000", "2012-09-30": "74.00000", "2012-06-30": "113.00000", "2012-03-31": "92.00000", "2011-12-31": "205.00000", "2011-09-30": "177.00000", "2011-06-30": "-161.00000", "2011-03-31": "169.00000", "2010-12-31": "171.00000", "2010-09-30": "79.00000", "2010-06-30": "205.00000", "2010-03-31": "164.00000", "2009-12-31": "95.00000", "2009-09-30": "87.00000", "2009-06-30": "78.00000", "2009-03-31": "68.00000", "2008-12-31": "44.00000", "2008-09-30": "163.00000", "2008-06-30": "117.00000", "2008-03-31": "94.00000", "2007-12-31": "187.00000", "2007-09-30": "175.00000", "2007-06-30": "161.00000", "2007-03-31": "117.00000", "2006-12-31": "107.00000", "2006-09-30": "117.00000", "2006-06-30": "91.00000", "2006-03-31": "118.00000", "2005-12-31": "126.00000", "2005-09-30": "114.00000", "2005-06-30": "96.00000", "2005-03-31": "86.00000"}, "EBITDA": {"2020-12-31": "", "2020-09-30": "716.00000", "2020-06-30": "210.00000", "2020-03-31": "395.00000", "2019-12-31": "568.00000", "2019-09-30": "834.00000", "2019-06-30": "351.00000", "2019-03-31": "405.00000", "2018-12-31": "463.00000", "2018-09-30": "451.00000", "2018-06-30": "437.00000", "2018-03-31": "320.00000", "2017-12-31": "434.00000", "2017-09-30": "499.00000", "2017-06-30": "430.00000", "2017-03-31": "427.00000", "2016-12-31": "500.00000", "2016-09-30": "538.00000", "2016-06-30": "532.00000", "2016-03-31": "453.00000", "2015-12-31": "509.00000", "2015-09-30": "494.00000", "2015-06-30": "443.00000", "2015-03-31": "464.00000", "2014-12-31": "444.00000", "2014-09-30": "471.00000", "2014-06-30": "425.00000", "2014-03-31": "408.00000", "2013-12-31": "497.00000", "2013-09-30": "455.00000", "2013-06-30": "454.00000", "2013-03-31": "383.00000", "2012-12-31": "384.00000", "2012-09-30": "341.00000", "2012-06-30": "340.00000", "2012-03-31": "355.00000", "2011-12-31": "341.00000", "2011-09-30": "272.00000", "2011-06-30": "368.00000", "2011-03-31": "369.00000", "2010-12-31": "343.00000", "2010-09-30": "375.00000", "2010-06-30": "470.00000", "2010-03-31": "375.00000", "2009-12-31": "336.00000", "2009-09-30": "319.00000", "2009-06-30": "277.00000", "2009-03-31": "281.00000", "2008-12-31": "140.00000", "2008-09-30": "334.00000", "2008-06-30": "360.00000", "2008-03-31": "312.00000", "2007-12-31": "490.00000", "2007-09-30": "401.00000", "2007-06-30": "396.00000", "2007-03-31": "369.00000", "2006-12-31": "353.00000", "2006-09-30": "377.00000", "2006-06-30": "346.00000", "2006-03-31": "297.00000", "2005-12-31": "327.00000", "2005-09-30": "312.00000", "2005-06-30": "301.00000", "2005-03-31": "294.00000"}, "EBIT": {"2020-12-31": "716.00000", "2020-09-30": "570.00000", "2020-06-30": "77.00000", "2020-03-31": "260.00000", "2019-12-31": "424.00000", "2019-09-30": "693.00000", "2019-06-30": "191.00000", "2019-03-31": "263.00000", "2018-12-31": "309.00000", "2018-09-30": "299.00000", "2018-06-30": "-472.00000", "2018-03-31": "143.00000", "2017-12-31": "267.00000", "2017-09-30": "331.00000", "2017-06-30": "274.00000", "2017-03-31": "264.00000", "2016-12-31": "341.00000", "2016-09-30": "374.00000", "2016-06-30": "368.00000", "2016-03-31": "285.00000", "2015-12-31": "337.00000", "2015-09-30": "329.00000", "2015-06-30": "273.00000", "2015-03-31": "303.00000", "2014-12-31": "281.00000", "2014-09-30": "335.00000", "2014-06-30": "291.00000", "2014-03-31": "281.00000", "2013-12-31": "354.00000", "2013-09-30": "313.00000", "2013-06-30": "328.00000", "2013-03-31": "254.00000", "2012-12-31": "258.00000", "2012-09-30": "213.00000", "2012-06-30": "194.00000", "2012-03-31": "204.00000", "2011-12-31": "205.00000", "2011-09-30": "136.00000", "2011-06-30": "223.00000", "2011-03-31": "228.00000", "2010-12-31": "202.00000", "2010-09-30": "234.00000", "2010-06-30": "331.00000", "2010-03-31": "241.00000", "2009-12-31": "199.00000", "2009-09-30": "189.00000", "2009-06-30": "134.00000", "2009-03-31": "166.00000", "2008-12-31": "10.00000", "2008-09-30": "177.00000", "2008-06-30": "203.00000", "2008-03-31": "159.00000", "2007-12-31": "332.00000", "2007-09-30": "258.00000", "2007-06-30": "247.00000", "2007-03-31": "226.00000", "2006-12-31": "192.00000", "2006-09-30": "225.00000", "2006-06-30": "205.00000", "2006-03-31": "201.00000", "2005-12-31": "219.00000", "2005-09-30": "202.00000", "2005-06-30": "191.00000", "2005-03-31": "180.00000"}, "Basic Shares Outstanding": {"2020-12-31": "62.90000", "2020-09-30": "62.60000", "2020-06-30": "62.40000", "2020-03-31": "62.80000", "2019-12-31": "63.70000", "2019-09-30": "63.60000", "2019-06-30": "63.80000", "2019-03-31": "64.00000", "2018-12-31": "67.20000", "2018-09-30": "64.50000", "2018-06-30": "69.10000", "2018-03-31": "71.20000", "2017-12-31": "73.30000", "2017-09-30": "72.90000", "2017-06-30": "74.00000", "2017-03-31": "74.80000", "2016-12-31": "76.10000", "2016-09-30": "75.70000", "2016-06-30": "76.20000", "2016-03-31": "77.30000", "2015-12-31": "78.70000", "2015-09-30": "78.80000", "2015-06-30": "79.10000", "2015-03-31": "78.80000", "2014-12-31": "78.30000", "2014-09-30": "78.40000", "2014-06-30": "78.30000", "2014-03-31": "78.10000", "2013-12-31": "79.30000", "2013-09-30": "79.70000", "2013-06-30": "79.80000", "2013-03-31": "79.30000", "2012-12-31": "78.10000", "2012-09-30": "78.30000", "2012-06-30": "78.00000", "2012-03-31": "77.30000", "2011-12-31": "76.80000", "2011-09-30": "76.90000", "2011-06-30": "76.80000", "2011-03-31": "76.70000", "2010-12-31": "76.20000", "2010-09-30": "76.50000", "2010-06-30": "76.20000", "2010-03-31": "75.40000", "2009-12-31": "74.60000", "2009-09-30": "74.70000", "2009-06-30": "74.50000", "2009-03-31": "74.20000", "2008-12-31": "75.10000", "2008-09-30": "74.60000", "2008-06-30": "75.30000", "2008-03-31": "76.30000", "2007-12-31": "78.50000", "2007-09-30": "78.30000", "2007-06-30": "78.80000", "2007-03-31": "78.70000", "2006-12-31": "75.10000", "2006-09-30": "78.30000", "2006-06-30": "78.00000", "2006-03-31": "68.10000", "2005-12-31": "67.10000", "2005-09-30": "67.00000", "2005-06-30": "66.80000", "2005-03-31": "66.80000"}, "Shares Outstanding": {"2020-12-31": "63.90000", "2020-09-30": "63.30000", "2020-06-30": "62.70000", "2020-03-31": "63.30000", "2019-12-31": "64.20000", "2019-09-30": "64.20000", "2019-06-30": "64.30000", "2019-03-31": "64.50000", "2018-12-31": "67.20000", "2018-09-30": "65.30000", "2018-06-30": "69.10000", "2018-03-31": "72.10000", "2017-12-31": "74.40000", "2017-09-30": "74.00000", "2017-06-30": "75.10000", "2017-03-31": "76.00000", "2016-12-31": "77.20000", "2016-09-30": "76.90000", "2016-06-30": "77.40000", "2016-03-31": "78.30000", "2015-12-31": "79.70000", "2015-09-30": "79.70000", "2015-06-30": "80.00000", "2015-03-31": "80.00000", "2014-12-31": "79.60000", "2014-09-30": "79.60000", "2014-06-30": "79.60000", "2014-03-31": "79.40000", "2013-12-31": "80.80000", "2013-09-30": "81.00000", "2013-06-30": "81.10000", "2013-03-31": "80.70000", "2012-12-31": "79.30000", "2012-09-30": "79.30000", "2012-06-30": "78.80000", "2012-03-31": "78.50000", "2011-12-31": "78.10000", "2011-09-30": "78.10000", "2011-06-30": "76.80000", "2011-03-31": "77.90000", "2010-12-31": "77.60000", "2010-09-30": "77.70000", "2010-06-30": "77.70000", "2010-03-31": "76.80000", "2009-12-31": "75.60000", "2009-09-30": "75.70000", "2009-06-30": "75.00000", "2009-03-31": "74.70000", "2008-12-31": "76.00000", "2008-09-30": "75.50000", "2008-06-30": "76.30000", "2008-03-31": "77.30000", "2007-12-31": "79.90000", "2007-09-30": "79.80000", "2007-06-30": "80.50000", "2007-03-31": "79.90000", "2006-12-31": "76.50000", "2006-09-30": "79.60000", "2006-06-30": "79.40000", "2006-03-31": "69.50000", "2005-12-31": "68.30000", "2005-09-30": "68.30000", "2005-06-30": "67.90000", "2005-03-31": "67.90000"}, "Basic EPS": {"2020-12-31": "7.90000", "2020-09-30": "6.35000", "2020-06-30": "0.55000", "2020-03-31": "2.42000", "2019-12-31": "4.58000", "2019-09-30": "5.62000", "2019-06-30": "1.04000", "2019-03-31": "7.36000", "2018-12-31": "2.22000", "2018-09-30": "3.25000", "2018-06-30": "-9.50000", "2018-03-31": "1.31000", "2017-12-31": "-3.60000", "2017-09-30": "3.78000", "2017-06-30": "2.55000", "2017-03-31": "2.05000", "2016-12-31": "2.39000", "2016-09-30": "3.14000", "2016-06-30": "4.20000", "2016-03-31": "1.94000", "2015-12-31": "2.31000", "2015-09-30": "2.98000", "2015-06-30": "2.24000", "2015-03-31": "2.42000", "2014-12-31": "1.03000", "2014-09-30": "2.92000", "2014-06-30": "2.29000", "2014-03-31": "2.06000", "2013-12-31": "2.30000", "2013-09-30": "2.46000", "2013-06-30": "2.48000", "2013-03-31": "3.18000", "2012-12-31": "1.55000", "2012-09-30": "0.95000", "2012-06-30": "1.45000", "2012-03-31": "1.19000", "2011-12-31": "2.65000", "2011-09-30": "2.31000", "2011-06-30": "-2.10000", "2011-03-31": "2.21000", "2010-12-31": "2.22000", "2010-09-30": "1.04000", "2010-06-30": "2.69000", "2010-03-31": "2.17000", "2009-12-31": "1.25000", "2009-09-30": "1.17000", "2009-06-30": "1.05000", "2009-03-31": "0.92000", "2008-12-31": "0.61000", "2008-09-30": "2.18000", "2008-06-30": "1.55000", "2008-03-31": "1.23000", "2007-12-31": "2.39000", "2007-09-30": "2.24000", "2007-06-30": "2.04000", "2007-03-31": "1.48000", "2006-12-31": "1.38000", "2006-09-30": "1.49000", "2006-06-30": "1.16000", "2006-03-31": "1.73000", "2005-12-31": "1.88000", "2005-09-30": "1.70000", "2005-06-30": "1.44000", "2005-03-31": "1.28000"}, "EPS - Earnings Per Share": {"2020-12-31": "7.77000", "2020-09-30": "6.27000", "2020-06-30": "0.55000", "2020-03-31": "2.41000", "2019-12-31": "4.53000", "2019-09-30": "5.57000", "2019-06-30": "1.04000", "2019-03-31": "7.31000", "2018-12-31": "2.26000", "2018-09-30": "3.22000", "2018-06-30": "-9.50000", "2018-03-31": "1.30000", "2017-12-31": "-3.55000", "2017-09-30": "3.72000", "2017-06-30": "2.52000", "2017-03-31": "2.01000", "2016-12-31": "2.33000", "2016-09-30": "3.10000", "2016-06-30": "4.15000", "2016-03-31": "1.92000", "2015-12-31": "2.29000", "2015-09-30": "2.95000", "2015-06-30": "2.21000", "2015-03-31": "2.38000", "2014-12-31": "1.02000", "2014-09-30": "2.88000", "2014-06-30": "2.25000", "2014-03-31": "2.02000", "2013-12-31": "2.26000", "2013-09-30": "2.42000", "2013-06-30": "2.44000", "2013-03-31": "3.12000", "2012-12-31": "1.52000", "2012-09-30": "0.94000", "2012-06-30": "1.43000", "2012-03-31": "1.17000", "2011-12-31": "2.65000", "2011-09-30": "2.27000", "2011-06-30": "-2.10000", "2011-03-31": "2.17000", "2010-12-31": "2.18000", "2010-09-30": "1.02000", "2010-06-30": "2.64000", "2010-03-31": "2.13000", "2009-12-31": "1.24000", "2009-09-30": "1.15000", "2009-06-30": "1.04000", "2009-03-31": "0.91000", "2008-12-31": "0.60000", "2008-09-30": "2.15000", "2008-06-30": "1.53000", "2008-03-31": "1.22000", "2007-12-31": "2.35000", "2007-09-30": "2.20000", "2007-06-30": "2.00000", "2007-03-31": "1.46000", "2006-12-31": "1.36000", "2006-09-30": "1.47000", "2006-06-30": "1.14000", "2006-03-31": "1.70000", "2005-12-31": "1.85000", "2005-09-30": "1.66000", "2005-06-30": "1.42000", "2005-03-31": "1.26000"}}, "balance sheet": {"Cash On Hand": {"2020-12-31": "2924.00000", "2019-12-31": "1952.00000", "2018-12-31": "1498.00000", "2017-12-31": "1196.00000", "2016-12-31": "1085.00000", "2015-12-31": "772.00000", "2014-12-31": "1026.00000", "2013-12-31": "1380.00000", "2012-12-31": "1168.00000", "2011-12-31": "1109.00000", "2010-12-31": "1368.00000", "2009-12-31": "1380.00000", "2008-12-31": "146.00000", "2007-12-31": "201.00000", "2006-12-31": "262.00000", "2005-12-31": "524.00000"}, "Receivables": {"2020-12-31": "3109.00000", "2019-12-31": "2198.00000", "2018-12-31": "2210.00000", "2017-12-31": "2665.00000", "2016-12-31": "2711.00000", "2015-12-31": "2530.00000", "2014-12-31": "2768.00000", "2013-12-31": "2005.00000", "2012-12-31": "2038.00000", "2011-12-31": "2105.00000", "2010-12-31": "2278.00000", "2009-12-31": "2500.00000", "2008-12-31": "2103.00000", "2007-12-31": "2604.00000", "2006-12-31": "2676.00000", "2005-12-31": "2081.00000"}, "Inventory": {"2020-12-31": "2187.00000", "2019-12-31": "2438.00000", "2018-12-31": "2533.00000", "2017-12-31": "2988.00000", "2016-12-31": "2623.00000", "2015-12-31": "2619.00000", "2014-12-31": "2740.00000", "2013-12-31": "2408.00000", "2012-12-31": "2354.00000", "2011-12-31": "2354.00000", "2010-12-31": "2792.00000", "2009-12-31": "2197.00000", "2008-12-31": "2591.00000", "2007-12-31": "2665.00000", "2006-12-31": "2348.00000", "2005-12-31": "1591.00000"}, "Pre-Paid Expenses": {"2020-12-31": "795.00000", "2019-12-31": "810.00000", "2018-12-31": "839.00000", "2017-12-31": "1081.00000", "2016-12-31": "", "2015-12-31": "", "2014-12-31": "", "2013-12-31": "", "2012-12-31": "709.00000", "2011-12-31": "", "2010-12-31": "", "2009-12-31": "", "2008-12-31": "110.00000", "2007-12-31": "89.00000", "2006-12-31": "95.00000", "2005-12-31": "95.00000"}, "Other Current Assets": {"2020-12-31": "", "2019-12-31": "", "2018-12-31": "818.00000", "2017-12-31": "", "2016-12-31": "920.00000", "2015-12-31": "953.00000", "2014-12-31": "1147.00000", "2013-12-31": "680.00000", "2012-12-31": "", "2011-12-31": "606.00000", "2010-12-31": "673.00000", "2009-12-31": "653.00000", "2008-12-31": "514.00000", "2007-12-31": "672.00000", "2006-12-31": "524.00000", "2005-12-31": "338.00000"}, "Total Current Assets": {"2020-12-31": "9015.00000", "2019-12-31": "7398.00000", "2018-12-31": "7898.00000", "2017-12-31": "7930.00000", "2016-12-31": "7339.00000", "2015-12-31": "6874.00000", "2014-12-31": "8098.00000", "2013-12-31": "7022.00000", "2012-12-31": "6827.00000", "2011-12-31": "6422.00000", "2010-12-31": "7315.00000", "2009-12-31": "7025.00000", "2008-12-31": "6044.00000", "2007-12-31": "6555.00000", "2006-12-31": "6517.00000", "2005-12-31": "4763.00000"}, "Property, Plant, And Equipment": {"2020-12-31": "3199.00000", "2019-12-31": "3301.00000", "2018-12-31": "3414.00000", "2017-12-31": "4033.00000", "2016-12-31": "3810.00000", "2015-12-31": "3774.00000", "2014-12-31": "3981.00000", "2013-12-31": "3041.00000", "2012-12-31": "3034.00000", "2011-12-31": "3102.00000", "2010-12-31": "3134.00000", "2009-12-31": "3117.00000", "2008-12-31": "2985.00000", "2007-12-31": "3212.00000", "2006-12-31": "3157.00000", "2005-12-31": "2511.00000"}, "Long-Term Investments": {"2020-12-31": "", "2019-12-31": "", "2018-12-31": "", "2017-12-31": "", "2016-12-31": "", "2015-12-31": "", "2014-12-31": "", "2013-12-31": "", "2012-12-31": "", "2011-12-31": "", "2010-12-31": "", "2009-12-31": "", "2008-12-31": "", "2007-12-31": "", "2006-12-31": "", "2005-12-31": "28.00000"}, "Goodwill And Intangible Assets": {"2020-12-31": "4690.00000", "2019-12-31": "4665.00000", "2018-12-31": "4747.00000", "2017-12-31": "5709.00000", "2016-12-31": "5508.00000", "2015-12-31": "5684.00000", "2014-12-31": "5610.00000", "2013-12-31": "3426.00000", "2012-12-31": "3449.00000", "2011-12-31": "3484.00000", "2010-12-31": "3520.00000", "2009-12-31": "3525.00000", "2008-12-31": "3549.00000", "2007-12-31": "3614.00000", "2006-12-31": "3534.00000", "2005-12-31": "284.00000"}, "Other Long-Term Assets": {"2020-12-31": "240.00000", "2019-12-31": "358.00000", "2018-12-31": "299.00000", "2017-12-31": "353.00000", "2016-12-31": "342.00000", "2015-12-31": "377.00000", "2014-12-31": "413.00000", "2013-12-31": "291.00000", "2012-12-31": "254.00000", "2011-12-31": "280.00000", "2010-12-31": "310.00000", "2009-12-31": "323.00000", "2008-12-31": "954.00000", "2007-12-31": "628.00000", "2006-12-31": "551.00000", "2005-12-31": "243.00000"}, "Total Long-Term Assets": {"2020-12-31": "11335.00000", "2019-12-31": "11483.00000", "2018-12-31": "10449.00000", "2017-12-31": "12108.00000", "2016-12-31": "11814.00000", "2015-12-31": "12136.00000", "2014-12-31": "11904.00000", "2013-12-31": "8522.00000", "2012-12-31": "8569.00000", "2011-12-31": "8759.00000", "2010-12-31": "8269.00000", "2009-12-31": "8069.00000", "2008-12-31": "7488.00000", "2007-12-31": "7454.00000", "2006-12-31": "7242.00000", "2005-12-31": "3538.00000"}, "Total Assets": {"2020-12-31": "20350.00000", "2019-12-31": "18881.00000", "2018-12-31": "18347.00000", "2017-12-31": "20038.00000", "2016-12-31": "19153.00000", "2015-12-31": "19010.00000", "2014-12-31": "20002.00000", "2013-12-31": "15544.00000", "2012-12-31": "15396.00000", "2011-12-31": "15181.00000", "2010-12-31": "15584.00000", "2009-12-31": "15094.00000", "2008-12-31": "13532.00000", "2007-12-31": "14009.00000", "2006-12-31": "13759.00000", "2005-12-31": "8301.00000"}, "Total Current Liabilities": {"2020-12-31": "8330.00000", "2019-12-31": "8369.00000", "2018-12-31": "9678.00000", "2017-12-31": "8505.00000", "2016-12-31": "7662.00000", "2015-12-31": "7744.00000", "2014-12-31": "8403.00000", "2013-12-31": "6794.00000", "2012-12-31": "6510.00000", "2011-12-31": "6297.00000", "2010-12-31": "6149.00000", "2009-12-31": "5941.00000", "2008-12-31": "5563.00000", "2007-12-31": "5893.00000", "2006-12-31": "6043.00000", "2005-12-31": "4354.00000"}, "Long Term Debt": {"2020-12-31": "5059.00000", "2019-12-31": "4140.00000", "2018-12-31": "4046.00000", "2017-12-31": "4392.00000", "2016-12-31": "3876.00000", "2015-12-31": "3470.00000", "2014-12-31": "3544.00000", "2013-12-31": "1846.00000", "2012-12-31": "1944.00000", "2011-12-31": "2129.00000", "2010-12-31": "2195.00000", "2009-12-31": "2502.00000", "2008-12-31": "2002.00000", "2007-12-31": "1668.00000", "2006-12-31": "1798.00000", "2005-12-31": "745.00000"}, "Other Non-Current Liabilities": {"2020-12-31": "732.00000", "2019-12-31": "612.00000", "2018-12-31": "463.00000", "2017-12-31": "632.00000", "2016-12-31": "479.00000", "2015-12-31": "707.00000", "2014-12-31": "690.00000", "2013-12-31": "482.00000", "2012-12-31": "517.00000", "2011-12-31": "558.00000", "2010-12-31": "791.00000", "2009-12-31": "641.00000", "2008-12-31": "567.00000", "2007-12-31": "682.00000", "2006-12-31": "542.00000", "2005-12-31": "220.00000"}, "Total Long Term Liabilities": {"2020-12-31": "7311.00000", "2019-12-31": "6394.00000", "2018-12-31": "5464.00000", "2017-12-31": "6405.00000", "2016-12-31": "5763.00000", "2015-12-31": "5592.00000", "2014-12-31": "5803.00000", "2013-12-31": "3716.00000", "2012-12-31": "4519.00000", "2011-12-31": "4604.00000", "2010-12-31": "5115.00000", "2009-12-31": "5393.00000", "2008-12-31": "4896.00000", "2007-12-31": "4205.00000", "2006-12-31": "4433.00000", "2005-12-31": "2202.00000"}, "Total Liabilities": {"2020-12-31": "15641.00000", "2019-12-31": "14763.00000", "2018-12-31": "15142.00000", "2017-12-31": "14910.00000", "2016-12-31": "13425.00000", "2015-12-31": "13336.00000", "2014-12-31": "14206.00000", "2013-12-31": "10510.00000", "2012-12-31": "11029.00000", "2011-12-31": "10901.00000", "2010-12-31": "11264.00000", "2009-12-31": "11334.00000", "2008-12-31": "10459.00000", "2007-12-31": "10098.00000", "2006-12-31": "10476.00000", "2005-12-31": "6556.00000"}, "Common Stock Net": {"2020-12-31": "113.00000", "2019-12-31": "112.00000", "2018-12-31": "112.00000", "2017-12-31": "112.00000", "2016-12-31": "111.00000", "2015-12-31": "111.00000", "2014-12-31": "110.00000", "2013-12-31": "109.00000", "2012-12-31": "108.00000", "2011-12-31": "106.00000", "2010-12-31": "106.00000", "2009-12-31": "105.00000", "2008-12-31": "104.00000", "2007-12-31": "103.00000", "2006-12-31": "102.00000", "2005-12-31": "92.00000"}, "Retained Earnings (Accumulated Deficit)": {"2020-12-31": "8639.00000", "2019-12-31": "7870.00000", "2018-12-31": "6933.00000", "2017-12-31": "7352.00000", "2016-12-31": "7314.00000", "2015-12-31": "6722.00000", "2014-12-31": "6209.00000", "2013-12-31": "5784.00000", "2012-12-31": "5147.00000", "2011-12-31": "4922.00000", "2010-12-31": "4680.00000", "2009-12-31": "4193.00000", "2008-12-31": "3993.00000", "2007-12-31": "3703.00000", "2006-12-31": "3205.00000", "2005-12-31": "2902.00000"}, "Comprehensive Income": {"2020-12-31": "-2811.00000", "2019-12-31": "-2618.00000", "2018-12-31": "-2695.00000", "2017-12-31": "-2331.00000", "2016-12-31": "-2400.00000", "2015-12-31": "-2332.00000", "2014-12-31": "-1840.00000", "2013-12-31": "-1298.00000", "2012-12-31": "-1531.00000", "2011-12-31": "-1226.00000", "2010-12-31": "-893.00000", "2009-12-31": "-868.00000", "2008-12-31": "-1259.00000", "2007-12-31": "-270.00000", "2006-12-31": "-643.00000", "2005-12-31": "-862.00000"}, "Other Share Holders Equity": {"2020-12-31": "", "2019-12-31": "", "2018-12-31": "", "2017-12-31": "", "2016-12-31": "", "2015-12-31": "", "2014-12-31": "", "2013-12-31": "", "2012-12-31": "", "2011-12-31": "", "2010-12-31": "", "2009-12-31": "", "2008-12-31": "", "2007-12-31": "", "2006-12-31": "", "2005-12-31": ""}, "Share Holder Equity": {"2020-12-31": "4709.00000", "2019-12-31": "4118.00000", "2018-12-31": "3205.00000", "2017-12-31": "5128.00000", "2016-12-31": "5728.00000", "2015-12-31": "5674.00000", "2014-12-31": "5796.00000", "2013-12-31": "5034.00000", "2012-12-31": "4367.00000", "2011-12-31": "4280.00000", "2010-12-31": "4320.00000", "2009-12-31": "3760.00000", "2008-12-31": "3073.00000", "2007-12-31": "3911.00000", "2006-12-31": "3283.00000", "2005-12-31": "1745.00000"}, "Total Liabilities And Share Holders Equity": {"2020-12-31": "20350.00000", "2019-12-31": "18881.00000", "2018-12-31": "18347.00000", "2017-12-31": "20038.00000", "2016-12-31": "19153.00000", "2015-12-31": "19010.00000", "2014-12-31": "20002.00000", "2013-12-31": "15544.00000", "2012-12-31": "15396.00000", "2011-12-31": "15181.00000", "2010-12-31": "15584.00000", "2009-12-31": "15094.00000", "2008-12-31": "13532.00000", "2007-12-31": "14009.00000", "2006-12-31": "13759.00000", "2005-12-31": "8301.00000"}}, "balance sheet, quarterly": {"Cash On Hand": {"2020-12-31": "2924.00000", "2020-09-30": "3528.00000", "2020-06-30": "2546.00000", "2020-03-31": "2837.00000", "2019-12-31": "1952.00000", "2019-09-30": "993.00000", "2019-06-30": "1178.00000", "2019-03-31": "1163.00000", "2018-12-31": "1498.00000", "2018-09-30": "1032.00000", "2018-06-30": "1057.00000", "2018-03-31": "1041.00000", "2017-12-31": "1196.00000", "2017-09-30": "1087.00000", "2017-06-30": "1041.00000", "2017-03-31": "951.00000", "2016-12-31": "1085.00000", "2016-09-30": "1025.00000", "2016-06-30": "959.00000", "2016-03-31": "699.00000", "2015-12-31": "772.00000", "2015-09-30": "698.00000", "2015-06-30": "691.00000", "2015-03-31": "704.00000", "2014-12-31": "1026.00000", "2014-09-30": "987.00000", "2014-06-30": "945.00000", "2014-03-31": "1672.00000", "2013-12-31": "1380.00000", "2013-09-30": "826.00000", "2013-06-30": "670.00000", "2013-03-31": "750.00000", "2012-12-31": "1168.00000", "2012-09-30": "518.00000", "2012-06-30": "426.00000", "2012-03-31": "583.00000", "2011-12-31": "1109.00000", "2011-09-30": "511.00000", "2011-06-30": "845.00000", "2011-03-31": "1026.00000", "2010-12-31": "1368.00000", "2010-09-30": "901.00000", "2010-06-30": "850.00000", "2010-03-31": "1191.00000", "2009-12-31": "1380.00000", "2009-09-30": "725.00000", "2009-06-30": "247.00000", "2009-03-31": "193.00000", "2008-12-31": "146.00000", "2008-09-30": "425.00000", "2008-06-30": "461.00000", "2008-03-31": "321.00000", "2007-12-31": "201.00000", "2007-09-30": "258.00000", "2007-06-30": "343.00000", "2007-03-31": "241.00000", "2006-12-31": "262.00000", "2006-09-30": "109.00000", "2006-06-30": "301.00000", "2006-03-31": "244.00000", "2005-12-31": "524.00000", "2005-09-30": "228.00000", "2005-06-30": "188.00000", "2005-03-31": "184.00000"}, "Receivables": {"2020-12-31": "3109.00000", "2020-09-30": "2716.00000", "2020-06-30": "1998.00000", "2020-03-31": "1931.00000", "2019-12-31": "2198.00000", "2019-09-30": "2588.00000", "2019-06-30": "2387.00000", "2019-03-31": "2222.00000", "2018-12-31": "2210.00000", "2018-09-30": "2881.00000", "2018-06-30": "2464.00000", "2018-03-31": "2657.00000", "2017-12-31": "2665.00000", "2017-09-30": "3102.00000", "2017-06-30": "2974.00000", "2017-03-31": "2735.00000", "2016-12-31": "2711.00000", "2016-09-30": "2982.00000", "2016-06-30": "2797.00000", "2016-03-31": "2695.00000", "2015-12-31": "2530.00000", "2015-09-30": "2914.00000", "2015-06-30": "2702.00000", "2015-03-31": "2518.00000", "2014-12-31": "2768.00000", "2014-09-30": "2213.00000", "2014-06-30": "2222.00000", "2014-03-31": "2080.00000", "2013-12-31": "2005.00000", "2013-09-30": "2226.00000", "2013-06-30": "2216.00000", "2013-03-31": "2080.00000", "2012-12-31": "2038.00000", "2012-09-30": "2266.00000", "2012-06-30": "2125.00000", "2012-03-31": "2143.00000", "2011-12-31": "2105.00000", "2011-09-30": "2261.00000", "2011-06-30": "2455.00000", "2011-03-31": "2347.00000", "2010-12-31": "2278.00000", "2010-09-30": "2552.00000", "2010-06-30": "2382.00000", "2010-03-31": "2440.00000", "2009-12-31": "2500.00000", "2009-09-30": "2742.00000", "2009-06-30": "2326.00000", "2009-03-31": "1936.00000", "2008-12-31": "2103.00000", "2008-09-30": "2603.00000", "2008-06-30": "2628.00000", "2008-03-31": "2564.00000", "2007-12-31": "2604.00000", "2007-09-30": "2755.00000", "2007-06-30": "2683.00000", "2007-03-31": "2525.00000", "2006-12-31": "2676.00000", "2006-09-30": "2669.00000", "2006-06-30": "2571.00000", "2006-03-31": "2692.00000", "2005-12-31": "2081.00000", "2005-09-30": "2065.00000", "2005-06-30": "2123.00000", "2005-03-31": "1992.00000"}, "Inventory": {"2020-12-31": "2187.00000", "2020-09-30": "2216.00000", "2020-06-30": "2129.00000", "2020-03-31": "2543.00000", "2019-12-31": "2438.00000", "2019-09-30": "2883.00000", "2019-06-30": "3008.00000", "2019-03-31": "2960.00000", "2018-12-31": "2533.00000", "2018-09-30": "2873.00000", "2018-06-30": "3032.00000", "2018-03-31": "3346.00000", "2017-12-31": "2988.00000", "2017-09-30": "3345.00000", "2017-06-30": "3230.00000", "2017-03-31": "3076.00000", "2016-12-31": "2623.00000", "2016-09-30": "3208.00000", "2016-06-30": "3204.00000", "2016-03-31": "3096.00000", "2015-12-31": "2619.00000", "2015-09-30": "2943.00000", "2015-06-30": "3086.00000", "2015-03-31": "3002.00000", "2014-12-31": "2740.00000", "2014-09-30": "2720.00000", "2014-06-30": "2812.00000", "2014-03-31": "2666.00000", "2013-12-31": "2408.00000", "2013-09-30": "2667.00000", "2013-06-30": "2505.00000", "2013-03-31": "2569.00000", "2012-12-31": "2354.00000", "2012-09-30": "2598.00000", "2012-06-30": "2583.00000", "2012-03-31": "2608.00000", "2011-12-31": "2354.00000", "2011-09-30": "2864.00000", "2011-06-30": "3071.00000", "2011-03-31": "2938.00000", "2010-12-31": "2792.00000", "2010-09-30": "3084.00000", "2010-06-30": "2676.00000", "2010-03-31": "2437.00000", "2009-12-31": "2197.00000", "2009-09-30": "2418.00000", "2009-06-30": "2472.00000", "2009-03-31": "2573.00000", "2008-12-31": "2591.00000", "2008-09-30": "3053.00000", "2008-06-30": "2996.00000", "2008-03-31": "2912.00000", "2007-12-31": "2665.00000", "2007-09-30": "2934.00000", "2007-06-30": "2810.00000", "2007-03-31": "2656.00000", "2006-12-31": "2348.00000", "2006-09-30": "2585.00000", "2006-06-30": "2544.00000", "2006-03-31": "2548.00000", "2005-12-31": "1591.00000", "2005-09-30": "1758.00000", "2005-06-30": "1772.00000", "2005-03-31": "1911.00000"}, "Pre-Paid Expenses": {"2020-12-31": "795.00000", "2020-09-30": "", "2020-06-30": "", "2020-03-31": "", "2019-12-31": "", "2019-09-30": "911.00000", "2019-06-30": "961.00000", "2019-03-31": "960.00000", "2018-12-31": "839.00000", "2018-09-30": "862.00000", "2018-06-30": "946.00000", "2018-03-31": "1047.00000", "2017-12-31": "1081.00000", "2017-09-30": "", "2017-06-30": "984.00000", "2017-03-31": "", "2016-12-31": "", "2016-09-30": "", "2016-06-30": "992.00000", "2016-03-31": "", "2015-12-31": "", "2015-09-30": "", "2015-06-30": "", "2015-03-31": "", "2014-12-31": "", "2014-09-30": "", "2014-06-30": "731.00000", "2014-03-31": "744.00000", "2013-12-31": "", "2013-09-30": "787.00000", "2013-06-30": "", "2013-03-31": "768.00000", "2012-12-31": "709.00000", "2012-09-30": "", "2012-06-30": "676.00000", "2012-03-31": "660.00000", "2011-12-31": "", "2011-09-30": "", "2011-06-30": "", "2011-03-31": "", "2010-12-31": "", "2010-09-30": "", "2010-06-30": "", "2010-03-31": "", "2009-12-31": "", "2009-09-30": "", "2009-06-30": "", "2009-03-31": "", "2008-12-31": "110.00000", "2008-09-30": "", "2008-06-30": "", "2008-03-31": "", "2007-12-31": "89.00000", "2007-09-30": "", "2007-06-30": "", "2007-03-31": "107.00000", "2006-12-31": "95.00000", "2006-09-30": "178.00000", "2006-06-30": "183.00000", "2006-03-31": "121.00000", "2005-12-31": "95.00000", "2005-09-30": "81.00000", "2005-06-30": "84.00000", "2005-03-31": "85.00000"}, "Other Current Assets": {"2020-12-31": "", "2020-09-30": "847.00000", "2020-06-30": "906.00000", "2020-03-31": "851.00000", "2019-12-31": "810.00000", "2019-09-30": "", "2019-06-30": "969.00000", "2019-03-31": "931.00000", "2018-12-31": "818.00000", "2018-09-30": "813.00000", "2018-06-30": "884.00000", "2018-03-31": "", "2017-12-31": "", "2017-09-30": "1115.00000", "2017-06-30": "", "2017-03-31": "942.00000", "2016-12-31": "920.00000", "2016-09-30": "974.00000", "2016-06-30": "", "2016-03-31": "952.00000", "2015-12-31": "953.00000", "2015-09-30": "983.00000", "2015-06-30": "1044.00000", "2015-03-31": "1149.00000", "2014-12-31": "1147.00000", "2014-09-30": "725.00000", "2014-06-30": "", "2014-03-31": "", "2013-12-31": "680.00000", "2013-09-30": "", "2013-06-30": "756.00000", "2013-03-31": "", "2012-12-31": "", "2012-09-30": "714.00000", "2012-06-30": "", "2012-03-31": "", "2011-12-31": "606.00000", "2011-09-30": "599.00000", "2011-06-30": "662.00000", "2011-03-31": "671.00000", "2010-12-31": "673.00000", "2010-09-30": "697.00000", "2010-06-30": "700.00000", "2010-03-31": "641.00000", "2009-12-31": "653.00000", "2009-09-30": "649.00000", "2009-06-30": "562.00000", "2009-03-31": "555.00000", "2008-12-31": "514.00000", "2008-09-30": "746.00000", "2008-06-30": "934.00000", "2008-03-31": "899.00000", "2007-12-31": "672.00000", "2007-09-30": "737.00000", "2007-06-30": "656.00000", "2007-03-31": "533.00000", "2006-12-31": "524.00000", "2006-09-30": "335.00000", "2006-06-30": "362.00000", "2006-03-31": "357.00000", "2005-12-31": "338.00000", "2005-09-30": "343.00000", "2005-06-30": "299.00000", "2005-03-31": "263.00000"}, "Total Current Assets": {"2020-12-31": "9015.00000", "2020-09-30": "9307.00000", "2020-06-30": "7579.00000", "2020-03-31": "8162.00000", "2019-12-31": "7398.00000", "2019-09-30": "7375.00000", "2019-06-30": "8503.00000", "2019-03-31": "8236.00000", "2018-12-31": "7898.00000", "2018-09-30": "8461.00000", "2018-06-30": "8383.00000", "2018-03-31": "8091.00000", "2017-12-31": "7930.00000", "2017-09-30": "8649.00000", "2017-06-30": "8229.00000", "2017-03-31": "7704.00000", "2016-12-31": "7339.00000", "2016-09-30": "8587.00000", "2016-06-30": "8373.00000", "2016-03-31": "7894.00000", "2015-12-31": "6874.00000", "2015-09-30": "7879.00000", "2015-06-30": "7873.00000", "2015-03-31": "7714.00000", "2014-12-31": "8098.00000", "2014-09-30": "6959.00000", "2014-06-30": "7045.00000", "2014-03-31": "7583.00000", "2013-12-31": "7022.00000", "2013-09-30": "7003.00000", "2013-06-30": "6608.00000", "2013-03-31": "6715.00000", "2012-12-31": "6827.00000", "2012-09-30": "6604.00000", "2012-06-30": "6277.00000", "2012-03-31": "6277.00000", "2011-12-31": "6422.00000", "2011-09-30": "6460.00000", "2011-06-30": "7215.00000", "2011-03-31": "7201.00000", "2010-12-31": "7315.00000", "2010-09-30": "7458.00000", "2010-06-30": "6861.00000", "2010-03-31": "7040.00000", "2009-12-31": "7025.00000", "2009-09-30": "6922.00000", "2009-06-30": "6039.00000", "2009-03-31": "5820.00000", "2008-12-31": "6044.00000", "2008-09-30": "7167.00000", "2008-06-30": "7326.00000", "2008-03-31": "7002.00000", "2007-12-31": "6555.00000", "2007-09-30": "7010.00000", "2007-06-30": "6866.00000", "2007-03-31": "6453.00000", "2006-12-31": "6517.00000", "2006-09-30": "6811.00000", "2006-06-30": "6941.00000", "2006-03-31": "6250.00000", "2005-12-31": "4763.00000", "2005-09-30": "4627.00000", "2005-06-30": "4626.00000", "2005-03-31": "4620.00000"}, "Property, Plant, And Equipment": {"2020-12-31": "3199.00000", "2020-09-30": "3136.00000", "2020-06-30": "3132.00000", "2020-03-31": "3156.00000", "2019-12-31": "3301.00000", "2019-09-30": "3203.00000", "2019-06-30": "3318.00000", "2019-03-31": "3358.00000", "2018-12-31": "3414.00000", "2018-09-30": "3396.00000", "2018-06-30": "3427.00000", "2018-03-31": "3970.00000", "2017-12-31": "4033.00000", "2017-09-30": "3865.00000", "2017-06-30": "3811.00000", "2017-03-31": "3792.00000", "2016-12-31": "3810.00000", "2016-09-30": "3768.00000", "2016-06-30": "3742.00000", "2016-03-31": "3800.00000", "2015-12-31": "3774.00000", "2015-09-30": "3684.00000", "2015-06-30": "3813.00000", "2015-03-31": "3779.00000", "2014-12-31": "3981.00000", "2014-09-30": "2986.00000", "2014-06-30": "3069.00000", "2014-03-31": "3054.00000", "2013-12-31": "3041.00000", "2013-09-30": "2936.00000", "2013-06-30": "2907.00000", "2013-03-31": "2961.00000", "2012-12-31": "3034.00000", "2012-09-30": "2947.00000", "2012-06-30": "2955.00000", "2012-03-31": "3097.00000", "2011-12-31": "3102.00000", "2011-09-30": "3081.00000", "2011-06-30": "3213.00000", "2011-03-31": "3174.00000", "2010-12-31": "3134.00000", "2010-09-30": "3077.00000", "2010-06-30": "2970.00000", "2010-03-31": "3079.00000", "2009-12-31": "3117.00000", "2009-09-30": "3066.00000", "2009-06-30": "3021.00000", "2009-03-31": "2913.00000", "2008-12-31": "2985.00000", "2008-09-30": "3089.00000", "2008-06-30": "3287.00000", "2008-03-31": "3272.00000", "2007-12-31": "3212.00000", "2007-09-30": "3099.00000", "2007-06-30": "3080.00000", "2007-03-31": "3089.00000", "2006-12-31": "3157.00000", "2006-09-30": "3128.00000", "2006-06-30": "3127.00000", "2006-03-31": "3208.00000", "2005-12-31": "2511.00000", "2005-09-30": "2466.00000", "2005-06-30": "2473.00000", "2005-03-31": "2485.00000"}, "Long-Term Investments": {"2020-12-31": "", "2020-09-30": "", "2020-06-30": "", "2020-03-31": "", "2019-12-31": "", "2019-09-30": "", "2019-06-30": "", "2019-03-31": "", "2018-12-31": "", "2018-09-30": "", "2018-06-30": "", "2018-03-31": "", "2017-12-31": "", "2017-09-30": "", "2017-06-30": "", "2017-03-31": "", "2016-12-31": "", "2016-09-30": "", "2016-06-30": "", "2016-03-31": "", "2015-12-31": "", "2015-09-30": "", "2015-06-30": "", "2015-03-31": "", "2014-12-31": "", "2014-09-30": "", "2014-06-30": "", "2014-03-31": "", "2013-12-31": "", "2013-09-30": "", "2013-06-30": "", "2013-03-31": "", "2012-12-31": "", "2012-09-30": "", "2012-06-30": "", "2012-03-31": "", "2011-12-31": "", "2011-09-30": "", "2011-06-30": "", "2011-03-31": "", "2010-12-31": "", "2010-09-30": "", "2010-06-30": "", "2010-03-31": "", "2009-12-31": "", "2009-09-30": "", "2009-06-30": "", "2009-03-31": "", "2008-12-31": "", "2008-09-30": "", "2008-06-30": "", "2008-03-31": "", "2007-12-31": "", "2007-09-30": "16.00000", "2007-06-30": "18.00000", "2007-03-31": "22.00000", "2006-12-31": "", "2006-09-30": "26.00000", "2006-06-30": "27.00000", "2006-03-31": "26.00000", "2005-12-31": "28.00000", "2005-09-30": "28.00000", "2005-06-30": "19.00000", "2005-03-31": "20.00000"}, "Goodwill And Intangible Assets": {"2020-12-31": "4690.00000", "2020-09-30": "4653.00000", "2020-06-30": "4611.00000", "2020-03-31": "4609.00000", "2019-12-31": "4665.00000", "2019-09-30": "4637.00000", "2019-06-30": "4710.00000", "2019-03-31": "4735.00000", "2018-12-31": "4747.00000", "2018-09-30": "4803.00000", "2018-06-30": "4853.00000", "2018-03-31": "5761.00000", "2017-12-31": "5709.00000", "2017-09-30": "5697.00000", "2017-06-30": "5655.00000", "2017-03-31": "5518.00000", "2016-12-31": "5508.00000", "2016-09-30": "5649.00000", "2016-06-30": "5653.00000", "2016-03-31": "5751.00000", "2015-12-31": "5684.00000", "2015-09-30": "5744.00000", "2015-06-30": "5499.00000", "2015-03-31": "5434.00000", "2014-12-31": "5610.00000", "2014-09-30": "3403.00000", "2014-06-30": "3415.00000", "2014-03-31": "3419.00000", "2013-12-31": "3426.00000", "2013-09-30": "3431.00000", "2013-06-30": "3432.00000", "2013-03-31": "3439.00000", "2012-12-31": "3449.00000", "2012-09-30": "3460.00000", "2012-06-30": "3465.00000", "2012-03-31": "3479.00000", "2011-12-31": "3484.00000", "2011-09-30": "3491.00000", "2011-06-30": "3509.00000", "2011-03-31": "3518.00000", "2010-12-31": "3520.00000", "2010-09-30": "3533.00000", "2010-06-30": "3506.00000", "2010-03-31": "3517.00000", "2009-12-31": "3525.00000", "2009-09-30": "3530.00000", "2009-06-30": "3537.00000", "2009-03-31": "3536.00000", "2008-12-31": "3549.00000", "2008-09-30": "3581.00000", "2008-06-30": "3598.00000", "2008-03-31": "3603.00000", "2007-12-31": "3614.00000", "2007-09-30": "3635.00000", "2007-06-30": "3615.00000", "2007-03-31": "3621.00000", "2006-12-31": "3534.00000", "2006-09-30": "3279.00000", "2006-06-30": "3411.00000", "2006-03-31": "3540.00000", "2005-12-31": "284.00000", "2005-09-30": "271.00000", "2005-06-30": "272.00000", "2005-03-31": "273.00000"}, "Other Long-Term Assets": {"2020-12-31": "240.00000", "2020-09-30": "213.00000", "2020-06-30": "277.00000", "2020-03-31": "450.00000", "2019-12-31": "358.00000", "2019-09-30": "414.00000", "2019-06-30": "389.00000", "2019-03-31": "366.00000", "2018-12-31": "299.00000", "2018-09-30": "330.00000", "2018-06-30": "335.00000", "2018-03-31": "347.00000", "2017-12-31": "353.00000", "2017-09-30": "305.00000", "2017-06-30": "297.00000", "2017-03-31": "334.00000", "2016-12-31": "342.00000", "2016-09-30": "333.00000", "2016-06-30": "357.00000", "2016-03-31": "380.00000", "2015-12-31": "377.00000", "2015-09-30": "399.00000", "2015-06-30": "444.00000", "2015-03-31": "390.00000", "2014-12-31": "413.00000", "2014-09-30": "602.00000", "2014-06-30": "321.00000", "2014-03-31": "295.00000", "2013-12-31": "291.00000", "2013-09-30": "316.00000", "2013-06-30": "320.00000", "2013-03-31": "279.00000", "2012-12-31": "254.00000", "2012-09-30": "245.00000", "2012-06-30": "232.00000", "2012-03-31": "285.00000", "2011-12-31": "280.00000", "2011-09-30": "268.00000", "2011-06-30": "344.00000", "2011-03-31": "323.00000", "2010-12-31": "310.00000", "2010-09-30": "1531.00000", "2010-06-30": "1395.00000", "2010-03-31": "1442.00000", "2009-12-31": "323.00000", "2009-09-30": "1339.00000", "2009-06-30": "1142.00000", "2009-03-31": "933.00000", "2008-12-31": "954.00000", "2008-09-30": "633.00000", "2008-06-30": "628.00000", "2008-03-31": "626.00000", "2007-12-31": "628.00000", "2007-09-30": "196.00000", "2007-06-30": "176.00000", "2007-03-31": "171.00000", "2006-12-31": "551.00000", "2006-09-30": "222.00000", "2006-06-30": "226.00000", "2006-03-31": "224.00000", "2005-12-31": "243.00000", "2005-09-30": "208.00000", "2005-06-30": "160.00000", "2005-03-31": "143.00000"}, "Total Long-Term Assets": {"2020-12-31": "11335.00000", "2020-09-30": "11052.00000", "2020-06-30": "11097.00000", "2020-03-31": "11233.00000", "2019-12-31": "11483.00000", "2019-09-30": "11031.00000", "2019-06-30": "11352.00000", "2019-03-31": "11450.00000", "2018-12-31": "10449.00000", "2018-09-30": "10632.00000", "2018-06-30": "10687.00000", "2018-03-31": "12248.00000", "2017-12-31": "12108.00000", "2017-09-30": "12189.00000", "2017-06-30": "11977.00000", "2017-03-31": "11776.00000", "2016-12-31": "11814.00000", "2016-09-30": "11603.00000", "2016-06-30": "11595.00000", "2016-03-31": "11778.00000", "2015-12-31": "12136.00000", "2015-09-30": "11744.00000", "2015-06-30": "11640.00000", "2015-03-31": "11494.00000", "2014-12-31": "11904.00000", "2014-09-30": "8749.00000", "2014-06-30": "8563.00000", "2014-03-31": "8457.00000", "2013-12-31": "8522.00000", "2013-09-30": "8657.00000", "2013-06-30": "8666.00000", "2013-03-31": "8616.00000", "2012-12-31": "8569.00000", "2012-09-30": "8368.00000", "2012-06-30": "8330.00000", "2012-03-31": "8738.00000", "2011-12-31": "8759.00000", "2011-09-30": "8543.00000", "2011-06-30": "8699.00000", "2011-03-31": "8408.00000", "2010-12-31": "8269.00000", "2010-09-30": "8141.00000", "2010-06-30": "7871.00000", "2010-03-31": "8038.00000", "2009-12-31": "8069.00000", "2009-09-30": "7935.00000", "2009-06-30": "7700.00000", "2009-03-31": "7382.00000", "2008-12-31": "7488.00000", "2008-09-30": "7303.00000", "2008-06-30": "7513.00000", "2008-03-31": "7501.00000", "2007-12-31": "7454.00000", "2007-09-30": "7468.00000", "2007-06-30": "7423.00000", "2007-03-31": "7417.00000", "2006-12-31": "7242.00000", "2006-09-30": "7135.00000", "2006-06-30": "7237.00000", "2006-03-31": "7484.00000", "2005-12-31": "3538.00000", "2005-09-30": "3642.00000", "2005-06-30": "3572.00000", "2005-03-31": "3563.00000"}, "Total Assets": {"2020-12-31": "20350.00000", "2020-09-30": "20359.00000", "2020-06-30": "18676.00000", "2020-03-31": "19395.00000", "2019-12-31": "18881.00000", "2019-09-30": "18406.00000", "2019-06-30": "19855.00000", "2019-03-31": "19686.00000", "2018-12-31": "18347.00000", "2018-09-30": "19093.00000", "2018-06-30": "19070.00000", "2018-03-31": "20339.00000", "2017-12-31": "20038.00000", "2017-09-30": "20838.00000", "2017-06-30": "20206.00000", "2017-03-31": "19480.00000", "2016-12-31": "19153.00000", "2016-09-30": "20190.00000", "2016-06-30": "19968.00000", "2016-03-31": "19672.00000", "2015-12-31": "19010.00000", "2015-09-30": "19623.00000", "2015-06-30": "19513.00000", "2015-03-31": "19208.00000", "2014-12-31": "20002.00000", "2014-09-30": "15708.00000", "2014-06-30": "15608.00000", "2014-03-31": "16040.00000", "2013-12-31": "15544.00000", "2013-09-30": "15660.00000", "2013-06-30": "15274.00000", "2013-03-31": "15331.00000", "2012-12-31": "15396.00000", "2012-09-30": "14972.00000", "2012-06-30": "14607.00000", "2012-03-31": "15015.00000", "2011-12-31": "15181.00000", "2011-09-30": "15003.00000", "2011-06-30": "15914.00000", "2011-03-31": "15609.00000", "2010-12-31": "15584.00000", "2010-09-30": "15599.00000", "2010-06-30": "14732.00000", "2010-03-31": "15078.00000", "2009-12-31": "15094.00000", "2009-09-30": "14857.00000", "2009-06-30": "13739.00000", "2009-03-31": "13202.00000", "2008-12-31": "13532.00000", "2008-09-30": "14470.00000", "2008-06-30": "14839.00000", "2008-03-31": "14503.00000", "2007-12-31": "14009.00000", "2007-09-30": "14478.00000", "2007-06-30": "14289.00000", "2007-03-31": "13870.00000", "2006-12-31": "13759.00000", "2006-09-30": "13946.00000", "2006-06-30": "14178.00000", "2006-03-31": "13734.00000", "2005-12-31": "8301.00000", "2005-09-30": "8269.00000", "2005-06-30": "8198.00000", "2005-03-31": "8183.00000"}, "Total Current Liabilities": {"2020-12-31": "8330.00000", "2020-09-30": "9105.00000", "2020-06-30": "7725.00000", "2020-03-31": "8576.00000", "2019-12-31": "8369.00000", "2019-09-30": "8500.00000", "2019-06-30": "10094.00000", "2019-03-31": "9878.00000", "2018-12-31": "9678.00000", "2018-09-30": "9674.00000", "2018-06-30": "9145.00000", "2018-03-31": "8943.00000", "2017-12-31": "8505.00000", "2017-09-30": "9636.00000", "2017-06-30": "9056.00000", "2017-03-31": "7972.00000", "2016-12-31": "7662.00000", "2016-09-30": "8701.00000", "2016-06-30": "8526.00000", "2016-03-31": "8687.00000", "2015-12-31": "7744.00000", "2015-09-30": "8211.00000", "2015-06-30": "7796.00000", "2015-03-31": "7390.00000", "2014-12-31": "8403.00000", "2014-09-30": "6402.00000", "2014-06-30": "6118.00000", "2014-03-31": "6454.00000", "2013-12-31": "6794.00000", "2013-09-30": "6679.00000", "2013-06-30": "6231.00000", "2013-03-31": "5801.00000", "2012-12-31": "6510.00000", "2012-09-30": "6360.00000", "2012-06-30": "6060.00000", "2012-03-31": "6509.00000", "2011-12-31": "6297.00000", "2011-09-30": "6243.00000", "2011-06-30": "6869.00000", "2011-03-31": "5937.00000", "2010-12-31": "6149.00000", "2010-09-30": "6321.00000", "2010-06-30": "5905.00000", "2010-03-31": "5886.00000", "2009-12-31": "5941.00000", "2009-09-30": "5757.00000", "2009-06-30": "5032.00000", "2009-03-31": "5401.00000", "2008-12-31": "5563.00000", "2008-09-30": "6401.00000", "2008-06-30": "6179.00000", "2008-03-31": "5711.00000", "2007-12-31": "5893.00000", "2007-09-30": "6347.00000", "2007-06-30": "6222.00000", "2007-03-31": "5897.00000", "2006-12-31": "6043.00000", "2006-09-30": "6318.00000", "2006-06-30": "6627.00000", "2006-03-31": "6426.00000", "2005-12-31": "4354.00000", "2005-09-30": "4194.00000", "2005-06-30": "3944.00000", "2005-03-31": "4004.00000"}, "Long Term Debt": {"2020-12-31": "5059.00000", "2020-09-30": "4965.00000", "2020-06-30": "4886.00000", "2020-03-31": "4662.00000", "2019-12-31": "4140.00000", "2019-09-30": "4105.00000", "2019-06-30": "4155.00000", "2019-03-31": "4137.00000", "2018-12-31": "4046.00000", "2018-09-30": "4768.00000", "2018-06-30": "4781.00000", "2018-03-31": "4190.00000", "2017-12-31": "4392.00000", "2017-09-30": "3669.00000", "2017-06-30": "3631.00000", "2017-03-31": "3890.00000", "2016-12-31": "3876.00000", "2016-09-30": "3718.00000", "2016-06-30": "3712.00000", "2016-03-31": "3251.00000", "2015-12-31": "3470.00000", "2015-09-30": "3502.00000", "2015-06-30": "3750.00000", "2015-03-31": "3977.00000", "2014-12-31": "3544.00000", "2014-09-30": "2450.00000", "2014-06-30": "2461.00000", "2014-03-31": "2662.00000", "2013-12-31": "1846.00000", "2013-09-30": "1834.00000", "2013-06-30": "1936.00000", "2013-03-31": "2441.00000", "2012-12-31": "1944.00000", "2012-09-30": "1920.00000", "2012-06-30": "1922.00000", "2012-03-31": "1628.00000", "2011-12-31": "2129.00000", "2011-09-30": "2133.00000", "2011-06-30": "2143.00000", "2011-03-31": "2193.00000", "2010-12-31": "2195.00000", "2010-09-30": "2197.00000", "2010-06-30": "2195.00000", "2010-03-31": "2498.00000", "2009-12-31": "2502.00000", "2009-09-30": "2503.00000", "2009-06-30": "2487.00000", "2009-03-31": "1956.00000", "2008-12-31": "2002.00000", "2008-09-30": "1964.00000", "2008-06-30": "1967.00000", "2008-03-31": "2166.00000", "2007-12-31": "1668.00000", "2007-09-30": "1668.00000", "2007-06-30": "1677.00000", "2007-03-31": "1674.00000", "2006-12-31": "1798.00000", "2006-09-30": "1799.00000", "2006-06-30": "1802.00000", "2006-03-31": "1308.00000", "2005-12-31": "745.00000", "2005-09-30": "746.00000", "2005-06-30": "1113.00000", "2005-03-31": "1135.00000"}, "Other Non-Current Liabilities": {"2020-12-31": "732.00000", "2020-09-30": "643.00000", "2020-06-30": "635.00000", "2020-03-31": "641.00000", "2019-12-31": "612.00000", "2019-09-30": "395.00000", "2019-06-30": "379.00000", "2019-03-31": "385.00000", "2018-12-31": "463.00000", "2018-09-30": "485.00000", "2018-06-30": "533.00000", "2018-03-31": "642.00000", "2017-12-31": "632.00000", "2017-09-30": "485.00000", "2017-06-30": "463.00000", "2017-03-31": "455.00000", "2016-12-31": "479.00000", "2016-09-30": "506.00000", "2016-06-30": "571.00000", "2016-03-31": "681.00000", "2015-12-31": "707.00000", "2015-09-30": "740.00000", "2015-06-30": "627.00000", "2015-03-31": "596.00000", "2014-12-31": "690.00000", "2014-09-30": "327.00000", "2014-06-30": "342.00000", "2014-03-31": "353.00000", "2013-12-31": "482.00000", "2013-09-30": "472.00000", "2013-06-30": "491.00000", "2013-03-31": "492.00000", "2012-12-31": "517.00000", "2012-09-30": "534.00000", "2012-06-30": "520.00000", "2012-03-31": "561.00000", "2011-12-31": "558.00000", "2011-09-30": "600.00000", "2011-06-30": "626.00000", "2011-03-31": "790.00000", "2010-12-31": "791.00000", "2010-09-30": "744.00000", "2010-06-30": "625.00000", "2010-03-31": "648.00000", "2009-12-31": "641.00000", "2009-09-30": "636.00000", "2009-06-30": "569.00000", "2009-03-31": "550.00000", "2008-12-31": "567.00000", "2008-09-30": "605.00000", "2008-06-30": "613.00000", "2008-03-31": "685.00000", "2007-12-31": "682.00000", "2007-09-30": "456.00000", "2007-06-30": "431.00000", "2007-03-31": "457.00000", "2006-12-31": "542.00000", "2006-09-30": "408.00000", "2006-06-30": "407.00000", "2006-03-31": "406.00000", "2005-12-31": "220.00000", "2005-09-30": "224.00000", "2005-06-30": "227.00000", "2005-03-31": "244.00000"}, "Total Long Term Liabilities": {"2020-12-31": "7311.00000", "2020-09-30": "6976.00000", "2020-06-30": "7026.00000", "2020-03-31": "6839.00000", "2019-12-31": "6394.00000", "2019-09-30": "5957.00000", "2019-06-30": "6094.00000", "2019-03-31": "6089.00000", "2018-12-31": "5464.00000", "2018-09-30": "6111.00000", "2018-06-30": "6581.00000", "2018-03-31": "6176.00000", "2017-12-31": "6405.00000", "2017-09-30": "5515.00000", "2017-06-30": "5470.00000", "2017-03-31": "5733.00000", "2016-12-31": "5763.00000", "2016-09-30": "5522.00000", "2016-06-30": "5609.00000", "2016-03-31": "5289.00000", "2015-12-31": "5592.00000", "2015-09-30": "5623.00000", "2015-06-30": "5869.00000", "2015-03-31": "6074.00000", "2014-12-31": "5803.00000", "2014-09-30": "3995.00000", "2014-06-30": "4139.00000", "2014-03-31": "4373.00000", "2013-12-31": "3716.00000", "2013-09-30": "4195.00000", "2013-06-30": "4385.00000", "2013-03-31": "4944.00000", "2012-12-31": "4519.00000", "2012-09-30": "4171.00000", "2012-06-30": "4229.00000", "2012-03-31": "4048.00000", "2011-12-31": "4604.00000", "2011-09-30": "4423.00000", "2011-06-30": "4546.00000", "2011-03-31": "5100.00000", "2010-12-31": "5115.00000", "2010-09-30": "5149.00000", "2010-06-30": "5036.00000", "2010-03-31": "5401.00000", "2009-12-31": "5393.00000", "2009-09-30": "5408.00000", "2009-06-30": "5242.00000", "2009-03-31": "4740.00000", "2008-12-31": "4896.00000", "2008-09-30": "4097.00000", "2008-06-30": "4447.00000", "2008-03-31": "4721.00000", "2007-12-31": "4205.00000", "2007-09-30": "4361.00000", "2007-06-30": "4500.00000", "2007-03-31": "4528.00000", "2006-12-31": "4433.00000", "2006-09-30": "4520.00000", "2006-06-30": "4556.00000", "2006-03-31": "4449.00000", "2005-12-31": "2202.00000", "2005-09-30": "2182.00000", "2005-06-30": "2535.00000", "2005-03-31": "2551.00000"}, "Total Liabilities": {"2020-12-31": "15641.00000", "2020-09-30": "16081.00000", "2020-06-30": "14751.00000", "2020-03-31": "15415.00000", "2019-12-31": "14763.00000", "2019-09-30": "14457.00000", "2019-06-30": "16188.00000", "2019-03-31": "15967.00000", "2018-12-31": "15142.00000", "2018-09-30": "15785.00000", "2018-06-30": "15726.00000", "2018-03-31": "15119.00000", "2017-12-31": "14910.00000", "2017-09-30": "15151.00000", "2017-06-30": "14526.00000", "2017-03-31": "13705.00000", "2016-12-31": "13425.00000", "2016-09-30": "14223.00000", "2016-06-30": "14135.00000", "2016-03-31": "13976.00000", "2015-12-31": "13336.00000", "2015-09-30": "13834.00000", "2015-06-30": "13665.00000", "2015-03-31": "13464.00000", "2014-12-31": "14206.00000", "2014-09-30": "10397.00000", "2014-06-30": "10257.00000", "2014-03-31": "10827.00000", "2013-12-31": "10510.00000", "2013-09-30": "10874.00000", "2013-06-30": "10616.00000", "2013-03-31": "10745.00000", "2012-12-31": "11029.00000", "2012-09-30": "10531.00000", "2012-06-30": "10289.00000", "2012-03-31": "10557.00000", "2011-12-31": "10901.00000", "2011-09-30": "10666.00000", "2011-06-30": "11415.00000", "2011-03-31": "11037.00000", "2010-12-31": "11264.00000", "2010-09-30": "11470.00000", "2010-06-30": "10941.00000", "2010-03-31": "11287.00000", "2009-12-31": "11334.00000", "2009-09-30": "11165.00000", "2009-06-30": "10274.00000", "2009-03-31": "10141.00000", "2008-12-31": "10459.00000", "2008-09-30": "10498.00000", "2008-06-30": "10626.00000", "2008-03-31": "10432.00000", "2007-12-31": "10098.00000", "2007-09-30": "10708.00000", "2007-06-30": "10722.00000", "2007-03-31": "10425.00000", "2006-12-31": "10476.00000", "2006-09-30": "10838.00000", "2006-06-30": "11183.00000", "2006-03-31": "10875.00000", "2005-12-31": "6556.00000", "2005-09-30": "6376.00000", "2005-06-30": "6479.00000", "2005-03-31": "6555.00000"}, "Common Stock Net": {"2020-12-31": "113.00000", "2020-09-30": "113.00000", "2020-06-30": "112.00000", "2020-03-31": "112.00000", "2019-12-31": "112.00000", "2019-09-30": "112.00000", "2019-06-30": "112.00000", "2019-03-31": "112.00000", "2018-12-31": "112.00000", "2018-09-30": "112.00000", "2018-06-30": "112.00000", "2018-03-31": "112.00000", "2017-12-31": "112.00000", "2017-09-30": "112.00000", "2017-06-30": "111.00000", "2017-03-31": "111.00000", "2016-12-31": "111.00000", "2016-09-30": "111.00000", "2016-06-30": "111.00000", "2016-03-31": "111.00000", "2015-12-31": "111.00000", "2015-09-30": "110.00000", "2015-06-30": "110.00000", "2015-03-31": "110.00000", "2014-12-31": "110.00000", "2014-09-30": "110.00000", "2014-06-30": "110.00000", "2014-03-31": "109.00000", "2013-12-31": "109.00000", "2013-09-30": "109.00000", "2013-06-30": "109.00000", "2013-03-31": "108.00000", "2012-12-31": "108.00000", "2012-09-30": "107.00000", "2012-06-30": "107.00000", "2012-03-31": "107.00000", "2011-12-31": "106.00000", "2011-09-30": "106.00000", "2011-06-30": "106.00000", "2011-03-31": "106.00000", "2010-12-31": "106.00000", "2010-09-30": "106.00000", "2010-06-30": "106.00000", "2010-03-31": "105.00000", "2009-12-31": "105.00000", "2009-09-30": "104.00000", "2009-06-30": "104.00000", "2009-03-31": "104.00000", "2008-12-31": "104.00000", "2008-09-30": "104.00000", "2008-06-30": "104.00000", "2008-03-31": "104.00000", "2007-12-31": "103.00000", "2007-09-30": "103.00000", "2007-06-30": "103.00000", "2007-03-31": "103.00000", "2006-12-31": "102.00000", "2006-09-30": "102.00000", "2006-06-30": "102.00000", "2006-03-31": "102.00000", "2005-12-31": "92.00000", "2005-09-30": "91.00000", "2005-06-30": "90.00000", "2005-03-31": "90.00000"}, "Retained Earnings (Accumulated Deficit)": {"2020-12-31": "8639.00000", "2020-09-30": "8223.00000", "2020-06-30": "7902.00000", "2020-03-31": "7947.00000", "2019-12-31": "7870.00000", "2019-09-30": "7659.00000", "2019-06-30": "7380.00000", "2019-03-31": "7391.00000", "2018-12-31": "6933.00000", "2018-09-30": "6837.00000", "2018-06-30": "6701.00000", "2018-03-31": "7440.00000", "2017-12-31": "7352.00000", "2017-09-30": "7697.00000", "2017-06-30": "7501.00000", "2017-03-31": "7394.00000", "2016-12-31": "7314.00000", "2016-09-30": "7209.00000", "2016-06-30": "7047.00000", "2016-03-31": "6803.00000", "2015-12-31": "6722.00000", "2015-09-30": "6611.00000", "2015-06-30": "6446.00000", "2015-03-31": "6340.00000", "2014-12-31": "6209.00000", "2014-09-30": "6186.00000", "2014-06-30": "6015.00000", "2014-03-31": "5896.00000", "2013-12-31": "5784.00000", "2013-09-30": "5653.00000", "2013-06-30": "5507.00000", "2013-03-31": "5360.00000", "2012-12-31": "5147.00000", "2012-09-30": "5083.00000", "2012-06-30": "5049.00000", "2012-03-31": "4975.00000", "2011-12-31": "4922.00000", "2011-09-30": "4755.00000", "2011-06-30": "4617.00000", "2011-03-31": "4816.00000", "2010-12-31": "4680.00000", "2010-09-30": "4542.00000", "2010-06-30": "4496.00000", "2010-03-31": "4324.00000", "2009-12-31": "4193.00000", "2009-09-30": "4130.00000", "2009-06-30": "4076.00000", "2009-03-31": "4029.00000", "2008-12-31": "3993.00000", "2008-09-30": "3979.00000", "2008-06-30": "3849.00000", "2008-03-31": "3764.00000", "2007-12-31": "3703.00000", "2007-09-30": "3549.00000", "2007-06-30": "3407.00000", "2007-03-31": "3280.00000", "2006-12-31": "3205.00000", "2006-09-30": "3130.00000", "2006-06-30": "3049.00000", "2006-03-31": "2991.00000", "2005-12-31": "2902.00000", "2005-09-30": "2806.00000", "2005-06-30": "2721.00000", "2005-03-31": "2653.00000"}, "Comprehensive Income": {"2020-12-31": "-2811.00000", "2020-09-30": "-2754.00000", "2020-06-30": "-2731.00000", "2020-03-31": "-2715.00000", "2019-12-31": "-2618.00000", "2019-09-30": "-2603.00000", "2019-06-30": "-2657.00000", "2019-03-31": "-2602.00000", "2018-12-31": "-2695.00000", "2018-09-30": "-2590.00000", "2018-06-30": "-2506.00000", "2018-03-31": "-2344.00000", "2017-12-31": "-2331.00000", "2017-09-30": "-2316.00000", "2017-06-30": "-2328.00000", "2017-03-31": "-2319.00000", "2016-12-31": "-2400.00000", "2016-09-30": "-2176.00000", "2016-06-30": "-2221.00000", "2016-03-31": "-2177.00000", "2015-12-31": "-2332.00000", "2015-09-30": "-2211.00000", "2015-06-30": "-2012.00000", "2015-03-31": "-2048.00000", "2014-12-31": "-1840.00000", "2014-09-30": "-1451.00000", "2014-06-30": "-1258.00000", "2014-03-31": "-1256.00000", "2013-12-31": "-1298.00000", "2013-09-30": "-1580.00000", "2013-06-30": "-1650.00000", "2013-03-31": "-1563.00000", "2012-12-31": "-1531.00000", "2012-09-30": "-1318.00000", "2012-06-30": "-1376.00000", "2012-03-31": "-1131.00000", "2011-12-31": "-1226.00000", "2011-09-30": "-990.00000", "2011-06-30": "-687.00000", "2011-03-31": "-803.00000", "2010-12-31": "-893.00000", "2010-09-30": "-944.00000", "2010-06-30": "-1224.00000", "2010-03-31": "-980.00000", "2009-12-31": "-868.00000", "2009-09-30": "-845.00000", "2009-06-30": "-995.00000", "2009-03-31": "-1323.00000", "2008-12-31": "-1259.00000", "2008-09-30": "-275.00000", "2008-06-30": "21.00000", "2008-03-31": "-81.00000", "2007-12-31": "-270.00000", "2007-09-30": "-347.00000", "2007-06-30": "-543.00000", "2007-03-31": "-593.00000", "2006-12-31": "-643.00000", "2006-09-30": "-713.00000", "2006-06-30": "-727.00000", "2006-03-31": "-764.00000", "2005-12-31": "-862.00000", "2005-09-30": "-566.00000", "2005-06-30": "-619.00000", "2005-03-31": "-658.00000"}, "Other Share Holders Equity": {"2020-12-31": "", "2020-09-30": "", "2020-06-30": "", "2020-03-31": "", "2019-12-31": "", "2019-09-30": "", "2019-06-30": "", "2019-03-31": "", "2018-12-31": "", "2018-09-30": "", "2018-06-30": "", "2018-03-31": "", "2017-12-31": "", "2017-09-30": "", "2017-06-30": "", "2017-03-31": "", "2016-12-31": "", "2016-09-30": "", "2016-06-30": "", "2016-03-31": "", "2015-12-31": "", "2015-09-30": "", "2015-06-30": "", "2015-03-31": "", "2014-12-31": "", "2014-09-30": "", "2014-06-30": "", "2014-03-31": "", "2013-12-31": "", "2013-09-30": "", "2013-06-30": "", "2013-03-31": "", "2012-12-31": "", "2012-09-30": "", "2012-06-30": "", "2012-03-31": "", "2011-12-31": "", "2011-09-30": "", "2011-06-30": "", "2011-03-31": "", "2010-12-31": "", "2010-09-30": "", "2010-06-30": "", "2010-03-31": "", "2009-12-31": "", "2009-09-30": "", "2009-06-30": "", "2009-03-31": "", "2008-12-31": "", "2008-09-30": "", "2008-06-30": "", "2008-03-31": "", "2007-12-31": "", "2007-09-30": "", "2007-06-30": "", "2007-03-31": "", "2006-12-31": "", "2006-09-30": "", "2006-06-30": "", "2006-03-31": "", "2005-12-31": "", "2005-09-30": "", "2005-06-30": "", "2005-03-31": ""}, "Share Holder Equity": {"2020-12-31": "4709.00000", "2020-09-30": "4278.00000", "2020-06-30": "3925.00000", "2020-03-31": "3980.00000", "2019-12-31": "4118.00000", "2019-09-30": "3949.00000", "2019-06-30": "3667.00000", "2019-03-31": "3719.00000", "2018-12-31": "3205.00000", "2018-09-30": "3308.00000", "2018-06-30": "3344.00000", "2018-03-31": "5220.00000", "2017-12-31": "5128.00000", "2017-09-30": "5687.00000", "2017-06-30": "5680.00000", "2017-03-31": "5775.00000", "2016-12-31": "5728.00000", "2016-09-30": "5967.00000", "2016-06-30": "5833.00000", "2016-03-31": "5696.00000", "2015-12-31": "5674.00000", "2015-09-30": "5789.00000", "2015-06-30": "5848.00000", "2015-03-31": "5744.00000", "2014-12-31": "5796.00000", "2014-09-30": "5311.00000", "2014-06-30": "5351.00000", "2014-03-31": "5213.00000", "2013-12-31": "5034.00000", "2013-09-30": "4786.00000", "2013-06-30": "4658.00000", "2013-03-31": "4586.00000", "2012-12-31": "4367.00000", "2012-09-30": "4441.00000", "2012-06-30": "4318.00000", "2012-03-31": "4458.00000", "2011-12-31": "4280.00000", "2011-09-30": "4337.00000", "2011-06-30": "4499.00000", "2011-03-31": "4572.00000", "2010-12-31": "4320.00000", "2010-09-30": "4129.00000", "2010-06-30": "3791.00000", "2010-03-31": "3791.00000", "2009-12-31": "3760.00000", "2009-09-30": "3692.00000", "2009-06-30": "3465.00000", "2009-03-31": "3061.00000", "2008-12-31": "3073.00000", "2008-09-30": "3972.00000", "2008-06-30": "4213.00000", "2008-03-31": "4071.00000", "2007-12-31": "3911.00000", "2007-09-30": "3770.00000", "2007-06-30": "3567.00000", "2007-03-31": "3445.00000", "2006-12-31": "3283.00000", "2006-09-30": "3108.00000", "2006-06-30": "2995.00000", "2006-03-31": "2859.00000", "2005-12-31": "1745.00000", "2005-09-30": "1893.00000", "2005-06-30": "1719.00000", "2005-03-31": "1628.00000"}, "Total Liabilities And Share Holders Equity": {"2020-12-31": "20350.00000", "2020-09-30": "20359.00000", "2020-06-30": "18676.00000", "2020-03-31": "19395.00000", "2019-12-31": "18881.00000", "2019-09-30": "18406.00000", "2019-06-30": "19855.00000", "2019-03-31": "19686.00000", "2018-12-31": "18347.00000", "2018-09-30": "19093.00000", "2018-06-30": "19070.00000", "2018-03-31": "20339.00000", "2017-12-31": "20038.00000", "2017-09-30": "20838.00000", "2017-06-30": "20206.00000", "2017-03-31": "19480.00000", "2016-12-31": "19153.00000", "2016-09-30": "20190.00000", "2016-06-30": "19968.00000", "2016-03-31": "19672.00000", "2015-12-31": "19010.00000", "2015-09-30": "19623.00000", "2015-06-30": "19513.00000", "2015-03-31": "19208.00000", "2014-12-31": "20002.00000", "2014-09-30": "15708.00000", "2014-06-30": "15608.00000", "2014-03-31": "16040.00000", "2013-12-31": "15544.00000", "2013-09-30": "15660.00000", "2013-06-30": "15274.00000", "2013-03-31": "15331.00000", "2012-12-31": "15396.00000", "2012-09-30": "14972.00000", "2012-06-30": "14607.00000", "2012-03-31": "15015.00000", "2011-12-31": "15181.00000", "2011-09-30": "15003.00000", "2011-06-30": "15914.00000", "2011-03-31": "15609.00000", "2010-12-31": "15584.00000", "2010-09-30": "15599.00000", "2010-06-30": "14732.00000", "2010-03-31": "15078.00000", "2009-12-31": "15094.00000", "2009-09-30": "14857.00000", "2009-06-30": "13739.00000", "2009-03-31": "13202.00000", "2008-12-31": "13532.00000", "2008-09-30": "14470.00000", "2008-06-30": "14839.00000", "2008-03-31": "14503.00000", "2007-12-31": "14009.00000", "2007-09-30": "14478.00000", "2007-06-30": "14289.00000", "2007-03-31": "13870.00000", "2006-12-31": "13759.00000", "2006-09-30": "13946.00000", "2006-06-30": "14178.00000", "2006-03-31": "13734.00000", "2005-12-31": "8301.00000", "2005-09-30": "8269.00000", "2005-06-30": "8198.00000", "2005-03-31": "8183.00000"}}, "cash flow statement": {"Net Income/Loss": {"2020-12-31": "1071.00000", "2019-12-31": "1198.00000", "2018-12-31": "-159.00000", "2017-12-31": "337.00000", "2016-12-31": "928.00000", "2015-12-31": "822.00000", "2014-12-31": "692.00000", "2013-12-31": "849.00000", "2012-12-31": "425.00000", "2011-12-31": "408.00000", "2010-12-31": "650.00000", "2009-12-31": "354.00000", "2008-12-31": "447.00000", "2007-12-31": "662.00000", "2006-12-31": "433.00000", "2005-12-31": "422.00000"}, "Total Depreciation And Amortization - Cash Flow": {"2020-12-31": "575.00000", "2019-12-31": "587.00000", "2018-12-31": "1392.00000", "2017-12-31": "654.00000", "2016-12-31": "655.00000", "2015-12-31": "668.00000", "2014-12-31": "560.00000", "2013-12-31": "540.00000", "2012-12-31": "551.00000", "2011-12-31": "558.00000", "2010-12-31": "555.00000", "2009-12-31": "525.00000", "2008-12-31": "597.00000", "2007-12-31": "593.00000", "2006-12-31": "550.00000", "2005-12-31": "442.00000"}, "Other Non-Cash Items": {"2020-12-31": "149.00000", "2019-12-31": "-553.00000", "2018-12-31": "-67.00000", "2017-12-31": "239.00000", "2016-12-31": "", "2015-12-31": "-105.00000", "2014-12-31": "49.00000", "2013-12-31": "-105.00000", "2012-12-31": "-408.00000", "2011-12-31": "163.00000", "2010-12-31": "-89.00000", "2009-12-31": "-199.00000", "2008-12-31": "-274.00000", "2007-12-31": "-28.00000", "2006-12-31": "-122.00000", "2005-12-31": "-151.00000"}, "Total Non-Cash Items": {"2020-12-31": "724.00000", "2019-12-31": "34.00000", "2018-12-31": "1325.00000", "2017-12-31": "893.00000", "2016-12-31": "655.00000", "2015-12-31": "563.00000", "2014-12-31": "609.00000", "2013-12-31": "435.00000", "2012-12-31": "143.00000", "2011-12-31": "721.00000", "2010-12-31": "466.00000", "2009-12-31": "326.00000", "2008-12-31": "323.00000", "2007-12-31": "565.00000", "2006-12-31": "428.00000", "2005-12-31": "291.00000"}, "Change In Accounts Receivable": {"2020-12-31": "-940.00000", "2019-12-31": "-87.00000", "2018-12-31": "79.00000", "2017-12-31": "160.00000", "2016-12-31": "-291.00000", "2015-12-31": "-89.00000", "2014-12-31": "-90.00000", "2013-12-31": "-65.00000", "2012-12-31": "47.00000", "2011-12-31": "-15.00000", "2010-12-31": "187.00000", "2009-12-31": "-286.00000", "2008-12-31": "300.00000", "2007-12-31": "181.00000", "2006-12-31": "50.00000", "2005-12-31": "-173.00000"}, "Change In Inventories": {"2020-12-31": "241.00000", "2019-12-31": "-39.00000", "2018-12-31": "73.00000", "2017-12-31": "-229.00000", "2016-12-31": "-18.00000", "2015-12-31": "-141.00000", "2014-12-31": "49.00000", "2013-12-31": "-112.00000", "2012-12-31": "-7.00000", "2011-12-31": "283.00000", "2010-12-31": "-595.00000", "2009-12-31": "578.00000", "2008-12-31": "-174.00000", "2007-12-31": "-194.00000", "2006-12-31": "-118.00000", "2005-12-31": "37.00000"}, "Change In Accounts Payable": {"2020-12-31": "341.00000", "2019-12-31": "140.00000", "2018-12-31": "210.00000", "2017-12-31": "180.00000", "2016-12-31": "37.00000", "2015-12-31": "14.00000", "2014-12-31": "359.00000", "2013-12-31": "275.00000", "2012-12-31": "240.00000", "2011-12-31": "25.00000", "2010-12-31": "341.00000", "2009-12-31": "326.00000", "2008-12-31": "-250.00000", "2007-12-31": "105.00000", "2006-12-31": "44.00000", "2005-12-31": "87.00000"}, "Change In Assets/Liabilities": {"2020-12-31": "200.00000", "2019-12-31": "-181.00000", "2018-12-31": "-83.00000", "2017-12-31": "99.00000", "2016-12-31": "-3.00000", "2015-12-31": "146.00000", "2014-12-31": "169.00000", "2013-12-31": "-23.00000", "2012-12-31": "-161.00000", "2011-12-31": "75.00000", "2010-12-31": "193.00000", "2009-12-31": "102.00000", "2008-12-31": "-112.00000", "2007-12-31": "-298.00000", "2006-12-31": "-35.00000", "2005-12-31": "94.00000"}, "Total Change In Assets/Liabilities": {"2020-12-31": "-295.00000", "2019-12-31": "-2.00000", "2018-12-31": "63.00000", "2017-12-31": "34.00000", "2016-12-31": "-380.00000", "2015-12-31": "-160.00000", "2014-12-31": "178.00000", "2013-12-31": "-22.00000", "2012-12-31": "128.00000", "2011-12-31": "-599.00000", "2010-12-31": "-38.00000", "2009-12-31": "870.00000", "2008-12-31": "-443.00000", "2007-12-31": "-300.00000", "2006-12-31": "19.00000", "2005-12-31": "171.00000"}, "Cash Flow From Operating Activities": {"2020-12-31": "1500.00000", "2019-12-31": "1230.00000", "2018-12-31": "1229.00000", "2017-12-31": "1264.00000", "2016-12-31": "1203.00000", "2015-12-31": "1225.00000", "2014-12-31": "1479.00000", "2013-12-31": "1262.00000", "2012-12-31": "696.00000", "2011-12-31": "530.00000", "2010-12-31": "1078.00000", "2009-12-31": "1550.00000", "2008-12-31": "327.00000", "2007-12-31": "927.00000", "2006-12-31": "880.00000", "2005-12-31": "884.00000"}, "Net Change In Property, Plant, And Equipment": {"2020-12-31": "-244.00000", "2019-12-31": "642.00000", "2018-12-31": "-430.00000", "2017-12-31": "-623.00000", "2016-12-31": "-597.00000", "2015-12-31": "-652.00000", "2014-12-31": "-699.00000", "2013-12-31": "-572.00000", "2012-12-31": "-466.00000", "2011-12-31": "-585.00000", "2010-12-31": "-576.00000", "2009-12-31": "-464.00000", "2008-12-31": "-428.00000", "2007-12-31": "-406.00000", "2006-12-31": "-490.00000", "2005-12-31": "-401.00000"}, "Net Change In Intangible Assets": {"2020-12-31": "", "2019-12-31": "", "2018-12-31": "", "2017-12-31": "", "2016-12-31": "", "2015-12-31": "", "2014-12-31": "", "2013-12-31": "", "2012-12-31": "", "2011-12-31": "", "2010-12-31": "-12.00000", "2009-12-31": "0.00000", "2008-12-31": "0.00000", "2007-12-31": "", "2006-12-31": "", "2005-12-31": ""}, "Net Acquisitions/Divestitures": {"2020-12-31": "", "2019-12-31": "", "2018-12-31": "", "2017-12-31": "", "2016-12-31": "", "2015-12-31": "", "2014-12-31": "-1809.00000", "2013-12-31": "", "2012-12-31": "", "2011-12-31": "", "2010-12-31": "", "2009-12-31": "", "2008-12-31": "", "2007-12-31": "100.00000", "2006-12-31": "-651.00000", "2005-12-31": "-29.00000"}, "Net Change In Short-term Investments": {"2020-12-31": "", "2019-12-31": "0.00000", "2018-12-31": "60.00000", "2017-12-31": "-60.00000", "2016-12-31": "", "2015-12-31": "0.00000", "2014-12-31": "", "2013-12-31": "", "2012-12-31": "", "2011-12-31": "", "2010-12-31": "", "2009-12-31": "", "2008-12-31": "", "2007-12-31": "", "2006-12-31": "", "2005-12-31": ""}, "Net Change In Long-Term Investments": {"2020-12-31": "", "2019-12-31": "", "2018-12-31": "-25.00000", "2017-12-31": "-35.00000", "2016-12-31": "-12.00000", "2015-12-31": "-70.00000", "2014-12-31": "-16.00000", "2013-12-31": "-6.00000", "2012-12-31": "-28.00000", "2011-12-31": "-7.00000", "2010-12-31": "-18.00000", "2009-12-31": "-35.00000", "2008-12-31": "-5.00000", "2007-12-31": "-25.00000", "2006-12-31": "-53.00000", "2005-12-31": ""}, "Net Change In Investments - Total": {"2020-12-31": "", "2019-12-31": "", "2018-12-31": "35.00000", "2017-12-31": "-95.00000", "2016-12-31": "-12.00000", "2015-12-31": "-70.00000", "2014-12-31": "-16.00000", "2013-12-31": "-6.00000", "2012-12-31": "-28.00000", "2011-12-31": "-7.00000", "2010-12-31": "-18.00000", "2009-12-31": "-35.00000", "2008-12-31": "-5.00000", "2007-12-31": "-25.00000", "2006-12-31": "-53.00000", "2005-12-31": ""}, "Investing Activities - Other": {"2020-12-31": "7.00000", "2019-12-31": "-6.00000", "2018-12-31": "-4.00000", "2017-12-31": "-3.00000", "2016-12-31": "-3.00000", "2015-12-31": "41.00000", "2014-12-31": "68.00000", "2013-12-31": "-4.00000", "2012-12-31": "", "2011-12-31": "-4.00000", "2010-12-31": "", "2009-12-31": "", "2008-12-31": "", "2007-12-31": "", "2006-12-31": "", "2005-12-31": ""}, "Cash Flow From Investing Activities": {"2020-12-31": "-237.00000", "2019-12-31": "636.00000", "2018-12-31": "-399.00000", "2017-12-31": "-721.00000", "2016-12-31": "-612.00000", "2015-12-31": "-681.00000", "2014-12-31": "-2456.00000", "2013-12-31": "-582.00000", "2012-12-31": "-494.00000", "2011-12-31": "-596.00000", "2010-12-31": "-606.00000", "2009-12-31": "-499.00000", "2008-12-31": "-433.00000", "2007-12-31": "-331.00000", "2006-12-31": "-1194.00000", "2005-12-31": "-430.00000"}, "Net Long-Term Debt": {"2020-12-31": "464.00000", "2019-12-31": "-249.00000", "2018-12-31": "319.00000", "2017-12-31": "127.00000", "2016-12-31": "490.00000", "2015-12-31": "248.00000", "2014-12-31": "877.00000", "2013-12-31": "5.00000", "2012-12-31": "-39.00000", "2011-12-31": "-13.00000", "2010-12-31": "-377.00000", "2009-12-31": "662.00000", "2008-12-31": "414.00000", "2007-12-31": "-14.00000", "2006-12-31": "-289.00000", "2005-12-31": "-7.00000"}, "Net Current Debt": {"2020-12-31": "-330.00000", "2019-12-31": "-723.00000", "2018-12-31": "653.00000", "2017-12-31": "367.00000", "2016-12-31": "55.00000", "2015-12-31": "-465.00000", "2014-12-31": "63.00000", "2013-12-31": "5.00000", "2012-12-31": "6.00000", "2011-12-31": "-2.00000", "2010-12-31": "-20.00000", "2009-12-31": "-362.00000", "2008-12-31": "101.00000", "2007-12-31": "-243.00000", "2006-12-31": "381.00000", "2005-12-31": "-124.00000"}, "Debt Issuance/Retirement Net - Total": {"2020-12-31": "134.00000", "2019-12-31": "-972.00000", "2018-12-31": "972.00000", "2017-12-31": "494.00000", "2016-12-31": "545.00000", "2015-12-31": "-217.00000", "2014-12-31": "940.00000", "2013-12-31": "10.00000", "2012-12-31": "-33.00000", "2011-12-31": "-15.00000", "2010-12-31": "-397.00000", "2009-12-31": "300.00000", "2008-12-31": "515.00000", "2007-12-31": "-257.00000", "2006-12-31": "92.00000", "2005-12-31": "-131.00000"}, "Net Common Equity Issued/Repurchased": {"2020-12-31": "-77.00000", "2019-12-31": "-140.00000", "2018-12-31": "-1177.00000", "2017-12-31": "-721.00000", "2016-12-31": "-524.00000", "2015-12-31": "-212.00000", "2014-12-31": "8.00000", "2013-12-31": "-255.00000", "2012-12-31": "43.00000", "2011-12-31": "14.00000", "2010-12-31": "60.00000", "2009-12-31": "21.00000", "2008-12-31": "-226.00000", "2007-12-31": "-300.00000", "2006-12-31": "54.00000", "2005-12-31": "68.00000"}, "Net Total Equity Issued/Repurchased": {"2020-12-31": "-77.00000", "2019-12-31": "-140.00000", "2018-12-31": "-1177.00000", "2017-12-31": "-721.00000", "2016-12-31": "-524.00000", "2015-12-31": "-212.00000", "2014-12-31": "8.00000", "2013-12-31": "-255.00000", "2012-12-31": "43.00000", "2011-12-31": "14.00000", "2010-12-31": "60.00000", "2009-12-31": "21.00000", "2008-12-31": "-226.00000", "2007-12-31": "-300.00000", "2006-12-31": "54.00000", "2005-12-31": "68.00000"}, "Total Common And Preferred Stock Dividends Paid": {"2020-12-31": "-311.00000", "2019-12-31": "-305.00000", "2018-12-31": "-306.00000", "2017-12-31": "-312.00000", "2016-12-31": "-294.00000", "2015-12-31": "-269.00000", "2014-12-31": "-224.00000", "2013-12-31": "-187.00000", "2012-12-31": "-155.00000", "2011-12-31": "-148.00000", "2010-12-31": "-132.00000", "2009-12-31": "-128.00000", "2008-12-31": "-128.00000", "2007-12-31": "-134.00000", "2006-12-31": "-130.00000", "2005-12-31": "-116.00000"}, "Financial Activities - Other": {"2020-12-31": "1.00000", "2019-12-31": "-7.00000", "2018-12-31": "-7.00000", "2017-12-31": "-14.00000", "2016-12-31": "-5.00000", "2015-12-31": "-9.00000", "2014-12-31": "-19.00000", "2013-12-31": "-2.00000", "2012-12-31": "-3.00000", "2011-12-31": "-17.00000", "2010-12-31": "-26.00000", "2009-12-31": "-49.00000", "2008-12-31": "-20.00000", "2007-12-31": "-5.00000", "2006-12-31": "13.00000", "2005-12-31": "9.00000"}, "Cash Flow From Financial Activities": {"2020-12-31": "-253.00000", "2019-12-31": "-1424.00000", "2018-12-31": "-518.00000", "2017-12-31": "-553.00000", "2016-12-31": "-278.00000", "2015-12-31": "-707.00000", "2014-12-31": "705.00000", "2013-12-31": "-434.00000", "2012-12-31": "-148.00000", "2011-12-31": "-166.00000", "2010-12-31": "-495.00000", "2009-12-31": "144.00000", "2008-12-31": "141.00000", "2007-12-31": "-696.00000", "2006-12-31": "29.00000", "2005-12-31": "-170.00000"}, "Net Cash Flow": {"2020-12-31": "982.00000", "2019-12-31": "414.00000", "2018-12-31": "245.00000", "2017-12-31": "53.00000", "2016-12-31": "277.00000", "2015-12-31": "-254.00000", "2014-12-31": "-354.00000", "2013-12-31": "212.00000", "2012-12-31": "59.00000", "2011-12-31": "-259.00000", "2010-12-31": "-12.00000", "2009-12-31": "1234.00000", "2008-12-31": "-55.00000", "2007-12-31": "-61.00000", "2006-12-31": "-262.00000", "2005-12-31": "281.00000"}, "Stock-Based Compensation": {"2020-12-31": "", "2019-12-31": "", "2018-12-31": "", "2017-12-31": "", "2016-12-31": "", "2015-12-31": "", "2014-12-31": "", "2013-12-31": "", "2012-12-31": "", "2011-12-31": "", "2010-12-31": "", "2009-12-31": "", "2008-12-31": "", "2007-12-31": "", "2006-12-31": "", "2005-12-31": ""}, "Common Stock Dividends Paid": {"2020-12-31": "-311.00000", "2019-12-31": "-305.00000", "2018-12-31": "-306.00000", "2017-12-31": "-312.00000", "2016-12-31": "-294.00000", "2015-12-31": "-269.00000", "2014-12-31": "-224.00000", "2013-12-31": "-187.00000", "2012-12-31": "-155.00000", "2011-12-31": "-148.00000", "2010-12-31": "-132.00000", "2009-12-31": "-128.00000", "2008-12-31": "-128.00000", "2007-12-31": "-134.00000", "2006-12-31": "-130.00000", "2005-12-31": "-116.00000"}}, "cash flow statement, quarterly": {"Net Income/Loss": {"2020-12-31": 501, "2020-09-30": 398, "2020-06-30": 25, "2020-03-31": "147.00000", "2019-12-31": 288, "2019-09-30": 364, "2019-06-30": 72, "2019-03-31": "474.00000", "2018-12-31": 170, "2018-09-30": 216, "2018-06-30": -639, "2018-03-31": "94.00000", "2017-12-31": -272, "2017-09-30": 272, "2017-06-30": 179, "2017-03-31": "158.00000", "2016-12-31": 186, "2016-09-30": 244, "2016-06-30": 342, "2016-03-31": "156.00000", "2015-12-31": 189, "2015-09-30": 250, "2015-06-30": 185, "2015-03-31": "198.00000", "2014-12-31": 108, "2014-09-30": 235, "2014-06-30": 185, "2014-03-31": "164.00000", "2013-12-31": 187, "2013-09-30": 199, "2013-06-30": 206, "2013-03-31": "257.00000", "2012-12-31": 128, "2012-09-30": 80, "2012-06-30": 120, "2012-03-31": "97.00000", "2011-12-31": 213, "2011-09-30": 181, "2011-06-30": -164, "2011-03-31": "178.00000", "2010-12-31": 178, "2010-09-30": 83, "2010-06-30": 215, "2010-03-31": "174.00000", "2009-12-31": 102, "2009-09-30": 93, "2009-06-30": 86, "2009-03-31": "73.00000", "2008-12-31": 51, "2008-09-30": 168, "2008-06-30": 128, "2008-03-31": "100.00000", "2007-12-31": 209, "2007-09-30": 175, "2007-06-30": 161, "2007-03-31": "117.00000", "2006-12-31": 109, "2006-09-30": 115, "2006-06-30": 91, "2006-03-31": "118.00000", "2005-12-31": 126, "2005-09-30": 114, "2005-06-30": 96, "2005-03-31": "86.00000"}, "Total Depreciation And Amortization - Cash Flow": {"2020-12-31": 161, "2020-09-30": 146, "2020-06-30": 133, "2020-03-31": "135.00000", "2019-12-31": 144, "2019-09-30": 141, "2019-06-30": 160, "2019-03-31": "142.00000", "2018-12-31": 154, "2018-09-30": 152, "2018-06-30": 909, "2018-03-31": "177.00000", "2017-12-31": 167, "2017-09-30": 168, "2017-06-30": 156, "2017-03-31": "163.00000", "2016-12-31": 159, "2016-09-30": 164, "2016-06-30": 164, "2016-03-31": "168.00000", "2015-12-31": 172, "2015-09-30": 165, "2015-06-30": 170, "2015-03-31": "161.00000", "2014-12-31": 163, "2014-09-30": 136, "2014-06-30": 134, "2014-03-31": "127.00000", "2013-12-31": 143, "2013-09-30": 142, "2013-06-30": 126, "2013-03-31": "129.00000", "2012-12-31": 126, "2012-09-30": 128, "2012-06-30": 146, "2012-03-31": "151.00000", "2011-12-31": 136, "2011-09-30": 136, "2011-06-30": 145, "2011-03-31": "141.00000", "2010-12-31": 141, "2010-09-30": 141, "2010-06-30": 139, "2010-03-31": "134.00000", "2009-12-31": 137, "2009-09-30": 130, "2009-06-30": 143, "2009-03-31": "115.00000", "2008-12-31": 130, "2008-09-30": 157, "2008-06-30": 157, "2008-03-31": "153.00000", "2007-12-31": 158, "2007-09-30": 143, "2007-06-30": 149, "2007-03-31": "143.00000", "2006-12-31": 161, "2006-09-30": 152, "2006-06-30": 141, "2006-03-31": "96.00000", "2005-12-31": 108, "2005-09-30": 110, "2005-06-30": 110, "2005-03-31": "114.00000"}, "Other Non-Cash Items": {"2020-12-31": 59, "2020-09-30": 57, "2020-06-30": -7, "2020-03-31": "40.00000", "2019-12-31": -57, "2019-09-30": -396, "2019-06-30": 90, "2019-03-31": "-190.00000", "2018-12-31": -67, "2018-09-30": 0, "2018-06-30": 0, "2018-03-31": "", "2017-12-31": 383, "2017-09-30": -60, "2017-06-30": -46, "2017-03-31": "-38.00000", "2016-12-31": 149, "2016-09-30": -149, "2016-06-30": 21, "2016-03-31": "-21.00000", "2015-12-31": -42, "2015-09-30": -8, "2015-06-30": 40, "2015-03-31": "-95.00000", "2014-12-31": 9, "2014-09-30": 24, "2014-06-30": -4, "2014-03-31": "20.00000", "2013-12-31": -4, "2013-09-30": 9, "2013-06-30": -18, "2013-03-31": "-92.00000", "2012-12-31": -18, "2012-09-30": -9, "2012-06-30": -103, "2012-03-31": "-278.00000", "2011-12-31": 495, "2011-09-30": -471, "2011-06-30": 199, "2011-03-31": "-60.00000", "2010-12-31": -103, "2010-09-30": 67, "2010-06-30": -17, "2010-03-31": "-36.00000", "2009-12-31": 18, "2009-09-30": -61, "2009-06-30": -52, "2009-03-31": "-104.00000", "2008-12-31": -142, "2008-09-30": -99, "2008-06-30": -26, "2008-03-31": "-7.00000", "2007-12-31": -11, "2007-09-30": -54, "2007-06-30": 2, "2007-03-31": "35.00000", "2006-12-31": -60, "2006-09-30": -66, "2006-06-30": -39, "2006-03-31": "43.00000", "2005-12-31": -110, "2005-09-30": -18, "2005-06-30": -25, "2005-03-31": "2.00000"}, "Total Non-Cash Items": {"2020-12-31": 220, "2020-09-30": 203, "2020-06-30": 126, "2020-03-31": "175.00000", "2019-12-31": 87, "2019-09-30": -255, "2019-06-30": 250, "2019-03-31": "-48.00000", "2018-12-31": 87, "2018-09-30": 152, "2018-06-30": 909, "2018-03-31": "177.00000", "2017-12-31": 550, "2017-09-30": 108, "2017-06-30": 110, "2017-03-31": "125.00000", "2016-12-31": 308, "2016-09-30": 15, "2016-06-30": 185, "2016-03-31": "147.00000", "2015-12-31": 130, "2015-09-30": 157, "2015-06-30": 210, "2015-03-31": "66.00000", "2014-12-31": 172, "2014-09-30": 160, "2014-06-30": 130, "2014-03-31": "147.00000", "2013-12-31": 139, "2013-09-30": 151, "2013-06-30": 108, "2013-03-31": "37.00000", "2012-12-31": 108, "2012-09-30": 119, "2012-06-30": 43, "2012-03-31": "-127.00000", "2011-12-31": 631, "2011-09-30": -335, "2011-06-30": 344, "2011-03-31": "81.00000", "2010-12-31": 38, "2010-09-30": 208, "2010-06-30": 122, "2010-03-31": "98.00000", "2009-12-31": 155, "2009-09-30": 69, "2009-06-30": 91, "2009-03-31": "11.00000", "2008-12-31": -12, "2008-09-30": 58, "2008-06-30": 131, "2008-03-31": "146.00000", "2007-12-31": 147, "2007-09-30": 89, "2007-06-30": 151, "2007-03-31": "178.00000", "2006-12-31": 101, "2006-09-30": 86, "2006-06-30": 102, "2006-03-31": "139.00000", "2005-12-31": -2, "2005-09-30": 92, "2005-06-30": 85, "2005-03-31": "116.00000"}, "Change In Accounts Receivable": {"2020-12-31": -277, "2020-09-30": -719, "2020-06-30": -69, "2020-03-31": "125.00000", "2019-12-31": 430, "2019-09-30": -266, "2019-06-30": -212, "2019-03-31": "-39.00000", "2018-12-31": 664, "2018-09-30": -482, "2018-06-30": -188, "2018-03-31": "85.00000", "2017-12-31": 419, "2017-09-30": -80, "2017-06-30": -193, "2017-03-31": "14.00000", "2016-12-31": 147, "2016-09-30": -190, "2016-06-30": -141, "2016-03-31": "-107.00000", "2015-12-31": 316, "2015-09-30": -311, "2015-06-30": -152, "2015-03-31": "58.00000", "2014-12-31": 212, "2014-09-30": -87, "2014-06-30": -137, "2014-03-31": "-78.00000", "2013-12-31": 203, "2013-09-30": 6, "2013-06-30": -216, "2013-03-31": "-58.00000", "2012-12-31": 235, "2012-09-30": -121, "2012-06-30": -67, "2012-03-31": "", "2011-12-31": 49, "2011-09-30": 41, "2011-06-30": -84, "2011-03-31": "-21.00000", "2010-12-31": 263, "2010-09-30": -74, "2010-06-30": -26, "2010-03-31": "24.00000", "2009-12-31": 238, "2009-09-30": -357, "2009-06-30": -281, "2009-03-31": "114.00000", "2008-12-31": 367, "2008-09-30": -137, "2008-06-30": -44, "2008-03-31": "114.00000", "2007-12-31": 195, "2007-09-30": -5, "2007-06-30": -182, "2007-03-31": "173.00000", "2006-12-31": 35, "2006-09-30": -67, "2006-06-30": 27, "2006-03-31": "55.00000", "2005-12-31": -52, "2005-09-30": 53, "2005-06-30": -167, "2005-03-31": "-7.00000"}, "Change In Inventories": {"2020-12-31": 83, "2020-09-30": -65, "2020-06-30": 426, "2020-03-31": "-203.00000", "2019-12-31": 486, "2019-09-30": 49, "2019-06-30": -99, "2019-03-31": "-475.00000", "2018-12-31": 344, "2018-09-30": 128, "2018-06-30": -24, "2018-03-31": "-375.00000", "2017-12-31": 360, "2017-09-30": -67, "2017-06-30": -107, "2017-03-31": "-415.00000", "2016-12-31": 500, "2016-09-30": 10, "2016-06-30": -130, "2016-03-31": "-398.00000", "2015-12-31": 256, "2015-09-30": 61, "2015-06-30": -64, "2015-03-31": "-394.00000", "2014-12-31": 448, "2014-09-30": -24, "2014-06-30": -132, "2014-03-31": "-243.00000", "2013-12-31": 223, "2013-09-30": -136, "2013-06-30": 24, "2013-03-31": "-223.00000", "2012-12-31": 253, "2012-09-30": 10, "2012-06-30": -63, "2012-03-31": "-207.00000", "2011-12-31": 454, "2011-09-30": 28, "2011-06-30": -105, "2011-03-31": "-94.00000", "2010-12-31": 283, "2010-09-30": -301, "2010-06-30": -306, "2010-03-31": "-271.00000", "2009-12-31": 246, "2009-09-30": 129, "2009-06-30": 230, "2009-03-31": "-27.00000", "2008-12-31": 285, "2008-09-30": -229, "2008-06-30": -50, "2008-03-31": "-180.00000", "2007-12-31": 297, "2007-09-30": -62, "2007-06-30": -118, "2007-03-31": "-311.00000", "2006-12-31": 261, "2006-09-30": -28, "2006-06-30": -136, "2006-03-31": "-215.00000", "2005-12-31": 139, "2005-09-30": 18, "2005-06-30": 126, "2005-03-31": "-246.00000"}, "Change In Accounts Payable": {"2020-12-31": 503, "2020-09-30": 820, "2020-06-30": -738, "2020-03-31": "-244.00000", "2019-12-31": 250, "2019-09-30": 72, "2019-06-30": 0, "2019-03-31": "-182.00000", "2018-12-31": 332, "2018-09-30": 165, "2018-06-30": -28, "2018-03-31": "-259.00000", "2017-12-31": 73, "2017-09-30": -68, "2017-06-30": 334, "2017-03-31": "-159.00000", "2016-12-31": 224, "2016-09-30": -89, "2016-06-30": 130, "2016-03-31": "-228.00000", "2015-12-31": 302, "2015-09-30": 39, "2015-06-30": -42, "2015-03-31": "-285.00000", "2014-12-31": 315, "2014-09-30": 85, "2014-06-30": 131, "2014-03-31": "-172.00000", "2013-12-31": 115, "2013-09-30": 141, "2013-06-30": 160, "2013-03-31": "-141.00000", "2012-12-31": 106, "2012-09-30": 39, "2012-06-30": 97, "2012-03-31": "-2.00000", "2011-12-31": 21, "2011-09-30": -29, "2011-06-30": 196, "2011-03-31": "-163.00000", "2010-12-31": -45, "2010-09-30": 55, "2010-06-30": 265, "2010-03-31": "66.00000", "2009-12-31": 232, "2009-09-30": 328, "2009-06-30": 128, "2009-03-31": "-362.00000", "2008-12-31": -318, "2008-09-30": 97, "2008-06-30": 158, "2008-03-31": "-187.00000", "2007-12-31": -9, "2007-09-30": -48, "2007-06-30": 140, "2007-03-31": "22.00000", "2006-12-31": 41, "2006-09-30": 12, "2006-06-30": 75, "2006-03-31": "-84.00000", "2005-12-31": 239, "2005-09-30": 54, "2005-06-30": -44, "2005-03-31": "-162.00000"}, "Change In Assets/Liabilities": {"2020-12-31": -60, "2020-09-30": 129, "2020-06-30": 181, "2020-03-31": "-50.00000", "2019-12-31": 62, "2019-09-30": 66, "2019-06-30": 7, "2019-03-31": "-316.00000", "2018-12-31": 61, "2018-09-30": 240, "2018-06-30": -344, "2018-03-31": "-40.00000", "2017-12-31": 171, "2017-09-30": -58, "2017-06-30": -31, "2017-03-31": "17.00000", "2016-12-31": 69, "2016-09-30": -45, "2016-06-30": -32, "2016-03-31": "5.00000", "2015-12-31": 35, "2015-09-30": 6, "2015-06-30": 65, "2015-03-31": "40.00000", "2014-12-31": 262, "2014-09-30": -42, "2014-06-30": -16, "2014-03-31": "-35.00000", "2013-12-31": 38, "2013-09-30": 39, "2013-06-30": -44, "2013-03-31": "-56.00000", "2012-12-31": -50, "2012-09-30": 1, "2012-06-30": -55, "2012-03-31": "-57.00000", "2011-12-31": 10, "2011-09-30": 25, "2011-06-30": 109, "2011-03-31": "-69.00000", "2010-12-31": 57, "2010-09-30": 153, "2010-06-30": -79, "2010-03-31": "62.00000", "2009-12-31": -76, "2009-09-30": 294, "2009-06-30": 20, "2009-03-31": "-136.00000", "2008-12-31": 72, "2008-09-30": -5, "2008-06-30": 56, "2008-03-31": "-235.00000", "2007-12-31": -13, "2007-09-30": -2, "2007-06-30": -26, "2007-03-31": "-257.00000", "2006-12-31": 34, "2006-09-30": 3, "2006-06-30": 93, "2006-03-31": "-165.00000", "2005-12-31": 80, "2005-09-30": 19, "2005-06-30": 48, "2005-03-31": "-53.00000"}, "Total Change In Assets/Liabilities": {"2020-12-31": 372, "2020-09-30": 551, "2020-06-30": -82, "2020-03-31": "-1136.00000", "2019-12-31": 1421, "2019-09-30": 146, "2019-06-30": -248, "2019-03-31": "-1321.00000", "2018-12-31": 1587, "2018-09-30": -399, "2018-06-30": -141, "2018-03-31": "-984.00000", "2017-12-31": 1019, "2017-09-30": -222, "2017-06-30": -45, "2017-03-31": "-718.00000", "2016-12-31": 884, "2016-09-30": -30, "2016-06-30": -270, "2016-03-31": "-964.00000", "2015-12-31": 1063, "2015-09-30": -167, "2015-06-30": -223, "2015-03-31": "-833.00000", "2014-12-31": 1327, "2014-09-30": -155, "2014-06-30": -344, "2014-03-31": "-650.00000", "2013-12-31": 694, "2013-09-30": 88, "2013-06-30": -205, "2013-03-31": "-599.00000", "2012-12-31": 621, "2012-09-30": -5, "2012-06-30": -95, "2012-03-31": "-393.00000", "2011-12-31": 28, "2011-09-30": 46, "2011-06-30": -190, "2011-03-31": "-483.00000", "2010-12-31": 485, "2010-09-30": -84, "2010-06-30": -238, "2010-03-31": "-201.00000", "2009-12-31": 641, "2009-09-30": 494, "2009-06-30": 91, "2009-03-31": "-356.00000", "2008-12-31": 294, "2008-09-30": -267, "2008-06-30": 114, "2008-03-31": "-584.00000", "2007-12-31": 443, "2007-09-30": -130, "2007-06-30": -159, "2007-03-31": "-454.00000", "2006-12-31": 374, "2006-09-30": 14, "2006-06-30": 90, "2006-03-31": "-459.00000", "2005-12-31": 491, "2005-09-30": 172, "2005-06-30": -5, "2005-03-31": "-487.00000"}, "Cash Flow From Operating Activities": {"2020-12-31": 1093, "2020-09-30": 1152, "2020-06-30": 69, "2020-03-31": "-814.00000", "2019-12-31": 1796, "2019-09-30": 255, "2019-06-30": 74, "2019-03-31": "-895.00000", "2018-12-31": 1844, "2018-09-30": -31, "2018-06-30": 129, "2018-03-31": "-713.00000", "2017-12-31": 1297, "2017-09-30": 158, "2017-06-30": 244, "2017-03-31": "-435.00000", "2016-12-31": 1378, "2016-09-30": 229, "2016-06-30": 257, "2016-03-31": "-661.00000", "2015-12-31": 1382, "2015-09-30": 240, "2015-06-30": 172, "2015-03-31": "-569.00000", "2014-12-31": 1607, "2014-09-30": 240, "2014-06-30": -29, "2014-03-31": "-339.00000", "2013-12-31": 1020, "2013-09-30": 438, "2013-06-30": 109, "2013-03-31": "-305.00000", "2012-12-31": 857, "2012-09-30": 194, "2012-06-30": 68, "2012-03-31": "-423.00000", "2011-12-31": 872, "2011-09-30": -108, "2011-06-30": -10, "2011-03-31": "-224.00000", "2010-12-31": 701, "2010-09-30": 207, "2010-06-30": 99, "2010-03-31": "71.00000", "2009-12-31": 898, "2009-09-30": 656, "2009-06-30": 268, "2009-03-31": "-272.00000", "2008-12-31": 333, "2008-09-30": -41, "2008-06-30": 373, "2008-03-31": "-338.00000", "2007-12-31": 799, "2007-09-30": 134, "2007-06-30": 153, "2007-03-31": "-159.00000", "2006-12-31": 584, "2006-09-30": 215, "2006-06-30": 283, "2006-03-31": "-202.00000", "2005-12-31": 615, "2005-09-30": 378, "2005-06-30": 176, "2005-03-31": "-285.00000"}, "Net Change In Property, Plant, And Equipment": {"2020-12-31": -20, "2020-09-30": -96, "2020-06-30": -72, "2020-03-31": "-56.00000", "2019-12-31": -86, "2019-09-30": 920, "2019-06-30": -109, "2019-03-31": "-83.00000", "2018-12-31": -127, "2018-09-30": -136, "2018-06-30": -107, "2018-03-31": "-60.00000", "2017-12-31": -257, "2017-09-30": -160, "2017-06-30": -121, "2017-03-31": "-85.00000", "2016-12-31": -292, "2016-09-30": -150, "2016-06-30": -74, "2016-03-31": "-81.00000", "2015-12-31": -296, "2015-09-30": -122, "2015-06-30": -141, "2015-03-31": "-93.00000", "2014-12-31": -295, "2014-09-30": -150, "2014-06-30": -137, "2014-03-31": "-117.00000", "2013-12-31": -258, "2013-09-30": -137, "2013-06-30": -106, "2013-03-31": "-71.00000", "2012-12-31": -192, "2012-09-30": -89, "2012-06-30": -93, "2012-03-31": "-92.00000", "2011-12-31": -188, "2011-09-30": -158, "2011-06-30": -127, "2011-03-31": "-112.00000", "2010-12-31": -198, "2010-09-30": -120, "2010-06-30": -113, "2010-03-31": "-145.00000", "2009-12-31": -185, "2009-09-30": -86, "2009-06-30": -94, "2009-03-31": "-99.00000", "2008-12-31": -85, "2008-09-30": -126, "2008-06-30": -111, "2008-03-31": "-106.00000", "2007-12-31": -195, "2007-09-30": -29, "2007-06-30": -91, "2007-03-31": "-91.00000", "2006-12-31": -155, "2006-09-30": -108, "2006-06-30": -133, "2006-03-31": "-94.00000", "2005-12-31": -128, "2005-09-30": -102, "2005-06-30": -103, "2005-03-31": "-68.00000"}, "Net Change In Intangible Assets": {"2020-12-31": 0, "2020-09-30": 0, "2020-06-30": 0, "2020-03-31": "", "2019-12-31": 0, "2019-09-30": 0, "2019-06-30": 0, "2019-03-31": "", "2018-12-31": 0, "2018-09-30": 0, "2018-06-30": 0, "2018-03-31": "", "2017-12-31": 0, "2017-09-30": 0, "2017-06-30": 0, "2017-03-31": "", "2016-12-31": 0, "2016-09-30": 0, "2016-06-30": 0, "2016-03-31": "", "2015-12-31": 0, "2015-09-30": 0, "2015-06-30": 0, "2015-03-31": "", "2014-12-31": 0, "2014-09-30": 0, "2014-06-30": 0, "2014-03-31": "", "2013-12-31": 0, "2013-09-30": 0, "2013-06-30": 0, "2013-03-31": "", "2012-12-31": 0, "2012-09-30": 0, "2012-06-30": 0, "2012-03-31": "", "2011-12-31": 0, "2011-09-30": 0, "2011-06-30": 0, "2011-03-31": "", "2010-12-31": 15, "2010-09-30": -27, "2010-06-30": 0, "2010-03-31": "", "2009-12-31": 0, "2009-09-30": 0, "2009-06-30": 0, "2009-03-31": "", "2008-12-31": 0, "2008-09-30": 0, "2008-06-30": 0, "2008-03-31": "", "2007-12-31": 0, "2007-09-30": 0, "2007-06-30": 0, "2007-03-31": "", "2006-12-31": 0, "2006-09-30": 0, "2006-06-30": 0, "2006-03-31": "", "2005-12-31": 0, "2005-09-30": 0, "2005-06-30": 0, "2005-03-31": ""}, "Net Acquisitions/Divestitures": {"2020-12-31": 0, "2020-09-30": 0, "2020-06-30": 0, "2020-03-31": "", "2019-12-31": 0, "2019-09-30": 0, "2019-06-30": 0, "2019-03-31": "", "2018-12-31": 0, "2018-09-30": 0, "2018-06-30": 0, "2018-03-31": "", "2017-12-31": 0, "2017-09-30": 0, "2017-06-30": 0, "2017-03-31": "", "2016-12-31": 0, "2016-09-30": 0, "2016-06-30": 0, "2016-03-31": "", "2015-12-31": 0, "2015-09-30": 0, "2015-06-30": 0, "2015-03-31": "", "2014-12-31": -1484, "2014-09-30": -325, "2014-06-30": 0, "2014-03-31": "", "2013-12-31": 0, "2013-09-30": 0, "2013-06-30": 0, "2013-03-31": "", "2012-12-31": 0, "2012-09-30": 0, "2012-06-30": 0, "2012-03-31": "", "2011-12-31": 0, "2011-09-30": 0, "2011-06-30": 0, "2011-03-31": "", "2010-12-31": 0, "2010-09-30": 0, "2010-06-30": 0, "2010-03-31": "", "2009-12-31": 0, "2009-09-30": 0, "2009-06-30": 0, "2009-03-31": "", "2008-12-31": 0, "2008-09-30": 0, "2008-06-30": 0, "2008-03-31": "", "2007-12-31": 0, "2007-09-30": 0, "2007-06-30": 8, "2007-03-31": "92.00000", "2006-12-31": 60, "2006-09-30": 84, "2006-06-30": -33, "2006-03-31": "-762.00000", "2005-12-31": -32, "2005-09-30": 3, "2005-06-30": 0, "2005-03-31": ""}, "Net Change In Short-term Investments": {"2020-12-31": 0, "2020-09-30": 0, "2020-06-30": 0, "2020-03-31": "", "2019-12-31": 0, "2019-09-30": 0, "2019-06-30": 0, "2019-03-31": "", "2018-12-31": 0, "2018-09-30": 0, "2018-06-30": 0, "2018-03-31": "60.00000", "2017-12-31": -60, "2017-09-30": 0, "2017-06-30": 0, "2017-03-31": "0.00000", "2016-12-31": 0, "2016-09-30": 0, "2016-06-30": 0, "2016-03-31": "", "2015-12-31": 0, "2015-09-30": 0, "2015-06-30": 0, "2015-03-31": "", "2014-12-31": 0, "2014-09-30": 0, "2014-06-30": 0, "2014-03-31": "", "2013-12-31": 0, "2013-09-30": 0, "2013-06-30": 0, "2013-03-31": "", "2012-12-31": 0, "2012-09-30": 0, "2012-06-30": 0, "2012-03-31": "", "2011-12-31": 0, "2011-09-30": 0, "2011-06-30": 0, "2011-03-31": "", "2010-12-31": 0, "2010-09-30": 0, "2010-06-30": 0, "2010-03-31": "", "2009-12-31": 0, "2009-09-30": 0, "2009-06-30": 0, "2009-03-31": "", "2008-12-31": 0, "2008-09-30": 0, "2008-06-30": 0, "2008-03-31": "", "2007-12-31": 0, "2007-09-30": 0, "2007-06-30": 0, "2007-03-31": "", "2006-12-31": 0, "2006-09-30": 0, "2006-06-30": 0, "2006-03-31": "", "2005-12-31": 0, "2005-09-30": 0, "2005-06-30": 0, "2005-03-31": ""}, "Net Change In Long-Term Investments": {"2020-12-31": 0, "2020-09-30": 0, "2020-06-30": 0, "2020-03-31": "", "2019-12-31": 0, "2019-09-30": 0, "2019-06-30": 0, "2019-03-31": "", "2018-12-31": 0, "2018-09-30": -23, "2018-06-30": 0, "2018-03-31": "-2.00000", "2017-12-31": 0, "2017-09-30": -3, "2017-06-30": -32, "2017-03-31": "", "2016-12-31": -2, "2016-09-30": -2, "2016-06-30": -8, "2016-03-31": "", "2015-12-31": 2, "2015-09-30": -51, "2015-06-30": -6, "2015-03-31": "-15.00000", "2014-12-31": 0, "2014-09-30": 20, "2014-06-30": -15, "2014-03-31": "-21.00000", "2013-12-31": -6, "2013-09-30": 0, "2013-06-30": 2, "2013-03-31": "-2.00000", "2012-12-31": -28, "2012-09-30": 0, "2012-06-30": 0, "2012-03-31": "", "2011-12-31": 0, "2011-09-30": 0, "2011-06-30": 0, "2011-03-31": "-7.00000", "2010-12-31": 0, "2010-09-30": 0, "2010-06-30": -13, "2010-03-31": "-5.00000", "2009-12-31": -20, "2009-09-30": -3, "2009-06-30": -12, "2009-03-31": "", "2008-12-31": -5, "2008-09-30": 0, "2008-06-30": 0, "2008-03-31": "", "2007-12-31": -25, "2007-09-30": 0, "2007-06-30": 0, "2007-03-31": "", "2006-12-31": 0, "2006-09-30": 0, "2006-06-30": -53, "2006-03-31": "", "2005-12-31": 0, "2005-09-30": 0, "2005-06-30": 0, "2005-03-31": ""}, "Net Change In Investments - Total": {"2020-12-31": 0, "2020-09-30": 0, "2020-06-30": 0, "2020-03-31": "", "2019-12-31": 0, "2019-09-30": 0, "2019-06-30": 0, "2019-03-31": "", "2018-12-31": 0, "2018-09-30": -23, "2018-06-30": 0, "2018-03-31": "58.00000", "2017-12-31": -60, "2017-09-30": -3, "2017-06-30": -32, "2017-03-31": "", "2016-12-31": -2, "2016-09-30": -2, "2016-06-30": -8, "2016-03-31": "", "2015-12-31": 2, "2015-09-30": -51, "2015-06-30": -6, "2015-03-31": "-15.00000", "2014-12-31": 0, "2014-09-30": 20, "2014-06-30": -15, "2014-03-31": "-21.00000", "2013-12-31": -6, "2013-09-30": 0, "2013-06-30": 2, "2013-03-31": "-2.00000", "2012-12-31": -28, "2012-09-30": 0, "2012-06-30": 0, "2012-03-31": "", "2011-12-31": 0, "2011-09-30": 0, "2011-06-30": 0, "2011-03-31": "-7.00000", "2010-12-31": 0, "2010-09-30": 0, "2010-06-30": -13, "2010-03-31": "-5.00000", "2009-12-31": -20, "2009-09-30": -3, "2009-06-30": -12, "2009-03-31": "", "2008-12-31": -5, "2008-09-30": 0, "2008-06-30": 0, "2008-03-31": "", "2007-12-31": -25, "2007-09-30": 0, "2007-06-30": 0, "2007-03-31": "", "2006-12-31": 0, "2006-09-30": 0, "2006-06-30": -53, "2006-03-31": "", "2005-12-31": 0, "2005-09-30": 0, "2005-06-30": 0, "2005-03-31": ""}, "Investing Activities - Other": {"2020-12-31": 7, "2020-09-30": 0, "2020-06-30": 0, "2020-03-31": "", "2019-12-31": -1, "2019-09-30": -2, "2019-06-30": 0, "2019-03-31": "-3.00000", "2018-12-31": 0, "2018-09-30": -4, "2018-06-30": 1, "2018-03-31": "-1.00000", "2017-12-31": -4, "2017-09-30": 6, "2017-06-30": -4, "2017-03-31": "-1.00000", "2016-12-31": -15, "2016-09-30": 1, "2016-06-30": 23, "2016-03-31": "-12.00000", "2015-12-31": 20, "2015-09-30": 9, "2015-06-30": 1, "2015-03-31": "11.00000", "2014-12-31": 71, "2014-09-30": -3, "2014-06-30": 0, "2014-03-31": "", "2013-12-31": 35, "2013-09-30": -1, "2013-06-30": -14, "2013-03-31": "-24.00000", "2012-12-31": 0, "2012-09-30": 0, "2012-06-30": 0, "2012-03-31": "", "2011-12-31": 0, "2011-09-30": 27, "2011-06-30": -31, "2011-03-31": "", "2010-12-31": 0, "2010-09-30": 0, "2010-06-30": 0, "2010-03-31": "", "2009-12-31": 0, "2009-09-30": 0, "2009-06-30": 0, "2009-03-31": "", "2008-12-31": 0, "2008-09-30": 0, "2008-06-30": 0, "2008-03-31": "", "2007-12-31": 0, "2007-09-30": 0, "2007-06-30": 0, "2007-03-31": "", "2006-12-31": 0, "2006-09-30": 0, "2006-06-30": 0, "2006-03-31": "", "2005-12-31": 0, "2005-09-30": 0, "2005-06-30": 0, "2005-03-31": ""}, "Cash Flow From Investing Activities": {"2020-12-31": -13, "2020-09-30": -96, "2020-06-30": -72, "2020-03-31": "-56.00000", "2019-12-31": -87, "2019-09-30": 918, "2019-06-30": -109, "2019-03-31": "-86.00000", "2018-12-31": -127, "2018-09-30": -163, "2018-06-30": -106, "2018-03-31": "-3.00000", "2017-12-31": -321, "2017-09-30": -157, "2017-06-30": -157, "2017-03-31": "-86.00000", "2016-12-31": -309, "2016-09-30": -151, "2016-06-30": -59, "2016-03-31": "-93.00000", "2015-12-31": -274, "2015-09-30": -164, "2015-06-30": -146, "2015-03-31": "-97.00000", "2014-12-31": -1708, "2014-09-30": -458, "2014-06-30": -152, "2014-03-31": "-138.00000", "2013-12-31": -229, "2013-09-30": -138, "2013-06-30": -118, "2013-03-31": "-97.00000", "2012-12-31": -220, "2012-09-30": -89, "2012-06-30": -93, "2012-03-31": "-92.00000", "2011-12-31": -188, "2011-09-30": -131, "2011-06-30": -158, "2011-03-31": "-119.00000", "2010-12-31": -183, "2010-09-30": -147, "2010-06-30": -126, "2010-03-31": "-150.00000", "2009-12-31": -205, "2009-09-30": -89, "2009-06-30": -106, "2009-03-31": "-99.00000", "2008-12-31": -90, "2008-09-30": -126, "2008-06-30": -111, "2008-03-31": "-106.00000", "2007-12-31": -220, "2007-09-30": -29, "2007-06-30": -83, "2007-03-31": "1.00000", "2006-12-31": -95, "2006-09-30": -24, "2006-06-30": -219, "2006-03-31": "-856.00000", "2005-12-31": -160, "2005-09-30": -99, "2005-06-30": -103, "2005-03-31": "-68.00000"}, "Net Long-Term Debt": {"2020-12-31": 1, "2020-09-30": 2, "2020-06-30": 486, "2020-03-31": "-25.00000", "2019-12-31": -2, "2019-09-30": -1, "2019-06-30": -2, "2019-03-31": "-244.00000", "2018-12-31": -3, "2018-09-30": -2, "2018-06-30": 328, "2018-03-31": "-4.00000", "2017-12-31": 388, "2017-09-30": -1, "2017-06-30": -5, "2017-03-31": "-255.00000", "2016-12-31": 506, "2016-09-30": -250, "2016-06-30": 239, "2016-03-31": "-5.00000", "2015-12-31": -5, "2015-09-30": 1, "2015-06-30": -202, "2015-03-31": "454.00000", "2014-12-31": 665, "2014-09-30": -102, "2014-06-30": -501, "2014-03-31": "815.00000", "2013-12-31": 13, "2013-09-30": -2, "2013-06-30": -2, "2013-03-31": "-4.00000", "2012-12-31": 20, "2012-09-30": -3, "2012-06-30": -53, "2012-03-31": "-3.00000", "2011-12-31": -3, "2011-09-30": -4, "2011-06-30": -3, "2011-03-31": "-3.00000", "2010-12-31": -4, "2010-09-30": -1, "2010-06-30": -326, "2010-03-31": "-46.00000", "2009-12-31": 5, "2009-09-30": 9, "2009-06-30": 649, "2009-03-31": "-1.00000", "2008-12-31": 43, "2008-09-30": -2, "2008-06-30": -1, "2008-03-31": "374.00000", "2007-12-31": -9, "2007-09-30": 0, "2007-06-30": 3, "2007-03-31": "-8.00000", "2006-12-31": -193, "2006-09-30": -654, "2006-06-30": 749, "2006-03-31": "-191.00000", "2005-12-31": 0, "2005-09-30": -2, "2005-06-30": -2, "2005-03-31": "-3.00000"}, "Net Current Debt": {"2020-12-31": -1735, "2020-09-30": -12, "2020-06-30": -694, "2020-03-31": "2111.00000", "2019-12-31": -660, "2019-09-30": -1182, "2019-06-30": 128, "2019-03-31": "991.00000", "2018-12-31": -1108, "2018-09-30": 363, "2018-06-30": 799, "2018-03-31": "599.00000", "2017-12-31": -998, "2017-09-30": 313, "2017-06-30": 252, "2017-03-31": "800.00000", "2016-12-31": -1314, "2016-09-30": 401, "2016-06-30": 2, "2016-03-31": "966.00000", "2015-12-31": -772, "2015-09-30": 70, "2015-06-30": 278, "2015-03-31": "-41.00000", "2014-12-31": -413, "2014-09-30": 482, "2014-06-30": 2, "2014-03-31": "-8.00000", "2013-12-31": 8, "2013-09-30": -4, "2013-06-30": 4, "2013-03-31": "-3.00000", "2012-12-31": -13, "2012-09-30": 17, "2012-06-30": 3, "2012-03-31": "-1.00000", "2011-12-31": -16, "2011-09-30": 1, "2011-06-30": 14, "2011-03-31": "-1.00000", "2010-12-31": -13, "2010-09-30": -9, "2010-06-30": 8, "2010-03-31": "-6.00000", "2009-12-31": -22, "2009-09-30": -46, "2009-06-30": -752, "2009-03-31": "458.00000", "2008-12-31": -460, "2008-09-30": 306, "2008-06-30": -59, "2008-03-31": "314.00000", "2007-12-31": -485, "2007-09-30": -19, "2007-06-30": 117, "2007-03-31": "144.00000", "2006-12-31": -111, "2006-09-30": 294, "2006-06-30": -765, "2006-03-31": "963.00000", "2005-12-31": -154, "2005-09-30": -238, "2005-06-30": -43, "2005-03-31": "311.00000"}, "Debt Issuance/Retirement Net - Total": {"2020-12-31": -1734, "2020-09-30": -10, "2020-06-30": -208, "2020-03-31": "2086.00000", "2019-12-31": -662, "2019-09-30": -1183, "2019-06-30": 126, "2019-03-31": "747.00000", "2018-12-31": -1111, "2018-09-30": 361, "2018-06-30": 1127, "2018-03-31": "595.00000", "2017-12-31": -610, "2017-09-30": 312, "2017-06-30": 247, "2017-03-31": "545.00000", "2016-12-31": -808, "2016-09-30": 151, "2016-06-30": 241, "2016-03-31": "961.00000", "2015-12-31": -777, "2015-09-30": 71, "2015-06-30": 76, "2015-03-31": "413.00000", "2014-12-31": 252, "2014-09-30": 380, "2014-06-30": -499, "2014-03-31": "807.00000", "2013-12-31": 21, "2013-09-30": -6, "2013-06-30": 2, "2013-03-31": "-7.00000", "2012-12-31": 7, "2012-09-30": 14, "2012-06-30": -50, "2012-03-31": "-4.00000", "2011-12-31": -19, "2011-09-30": -3, "2011-06-30": 11, "2011-03-31": "-4.00000", "2010-12-31": -17, "2010-09-30": -10, "2010-06-30": -318, "2010-03-31": "-52.00000", "2009-12-31": -17, "2009-09-30": -37, "2009-06-30": -103, "2009-03-31": "457.00000", "2008-12-31": -417, "2008-09-30": 304, "2008-06-30": -60, "2008-03-31": "688.00000", "2007-12-31": -494, "2007-09-30": -19, "2007-06-30": 120, "2007-03-31": "136.00000", "2006-12-31": -304, "2006-09-30": -360, "2006-06-30": -16, "2006-03-31": "772.00000", "2005-12-31": -154, "2005-09-30": -240, "2005-06-30": -45, "2005-03-31": "308.00000"}, "Net Common Equity Issued/Repurchased": {"2020-12-31": 28, "2020-09-30": 13, "2020-06-30": 0, "2020-03-31": "-118.00000", "2019-12-31": -45, "2019-09-30": -49, "2019-06-30": 1, "2019-03-31": "-47.00000", "2018-12-31": -82, "2018-09-30": -101, "2018-06-30": -999, "2018-03-31": "5.00000", "2017-12-31": -204, "2017-09-30": -199, "2017-06-30": -191, "2017-03-31": "-127.00000", "2016-12-31": -123, "2016-09-30": -86, "2016-06-30": -93, "2016-03-31": "-222.00000", "2015-12-31": -153, "2015-09-30": -45, "2015-06-30": -48, "2015-03-31": "34.00000", "2014-12-31": 7, "2014-09-30": -22, "2014-06-30": 12, "2014-03-31": "11.00000", "2013-12-31": -195, "2013-09-30": -93, "2013-06-30": -4, "2013-03-31": "37.00000", "2012-12-31": 29, "2012-09-30": 3, "2012-06-30": 0, "2012-03-31": "11.00000", "2011-12-31": 0, "2011-09-30": 0, "2011-06-30": 6, "2011-03-31": "8.00000", "2010-12-31": 0, "2010-09-30": 0, "2010-06-30": 65, "2010-03-31": "-5.00000", "2009-12-31": 21, "2009-09-30": 0, "2009-06-30": 0, "2009-03-31": "", "2008-12-31": 0, "2008-09-30": -82, "2008-06-30": -51, "2008-03-31": "-93.00000", "2007-12-31": -112, "2007-09-30": -138, "2007-06-30": -72, "2007-03-31": "22.00000", "2006-12-31": 7, "2006-09-30": 7, "2006-06-30": 27, "2006-03-31": "13.00000", "2005-12-31": 34, "2005-09-30": 35, "2005-06-30": -19, "2005-03-31": "18.00000"}, "Net Total Equity Issued/Repurchased": {"2020-12-31": 28, "2020-09-30": 13, "2020-06-30": 0, "2020-03-31": "-118.00000", "2019-12-31": -45, "2019-09-30": -49, "2019-06-30": 1, "2019-03-31": "-47.00000", "2018-12-31": -82, "2018-09-30": -101, "2018-06-30": -999, "2018-03-31": "5.00000", "2017-12-31": -204, "2017-09-30": -199, "2017-06-30": -191, "2017-03-31": "-127.00000", "2016-12-31": -123, "2016-09-30": -86, "2016-06-30": -93, "2016-03-31": "-222.00000", "2015-12-31": -153, "2015-09-30": -45, "2015-06-30": -48, "2015-03-31": "34.00000", "2014-12-31": 7, "2014-09-30": -22, "2014-06-30": 12, "2014-03-31": "11.00000", "2013-12-31": -195, "2013-09-30": -93, "2013-06-30": -4, "2013-03-31": "37.00000", "2012-12-31": 29, "2012-09-30": 3, "2012-06-30": 0, "2012-03-31": "11.00000", "2011-12-31": 0, "2011-09-30": 0, "2011-06-30": 6, "2011-03-31": "8.00000", "2010-12-31": 0, "2010-09-30": 0, "2010-06-30": 65, "2010-03-31": "-5.00000", "2009-12-31": 21, "2009-09-30": 0, "2009-06-30": 0, "2009-03-31": "", "2008-12-31": 0, "2008-09-30": -82, "2008-06-30": -51, "2008-03-31": "-93.00000", "2007-12-31": -112, "2007-09-30": -138, "2007-06-30": -72, "2007-03-31": "22.00000", "2006-12-31": 7, "2006-09-30": 7, "2006-06-30": 27, "2006-03-31": "13.00000", "2005-12-31": 34, "2005-09-30": 35, "2005-06-30": -19, "2005-03-31": "18.00000"}, "Total Common And Preferred Stock Dividends Paid": {"2020-12-31": -79, "2020-09-30": -77, "2020-06-30": -80, "2020-03-31": "-75.00000", "2019-12-31": -76, "2019-09-30": -80, "2019-06-30": -76, "2019-03-31": "-73.00000", "2018-12-31": -74, "2018-09-30": -73, "2018-06-30": -81, "2018-03-31": "-78.00000", "2017-12-31": -77, "2017-09-30": -80, "2017-06-30": -82, "2017-03-31": "-73.00000", "2016-12-31": -73, "2016-09-30": -76, "2016-06-30": -76, "2016-03-31": "-69.00000", "2015-12-31": -69, "2015-09-30": -70, "2015-06-30": -70, "2015-03-31": "-60.00000", "2014-12-31": -59, "2014-09-30": -58, "2014-06-30": -59, "2014-03-31": "-48.00000", "2013-12-31": -48, "2013-09-30": -50, "2013-06-30": -50, "2013-03-31": "-39.00000", "2012-12-31": -39, "2012-09-30": -39, "2012-06-30": -38, "2012-03-31": "-39.00000", "2011-12-31": -38, "2011-09-30": -39, "2011-06-30": -38, "2011-03-31": "-33.00000", "2010-12-31": -33, "2010-09-30": -33, "2010-06-30": -33, "2010-03-31": "-33.00000", "2009-12-31": -32, "2009-09-30": -33, "2009-06-30": -31, "2009-03-31": "-32.00000", "2008-12-31": -30, "2008-09-30": -33, "2008-06-30": -32, "2008-03-31": "-33.00000", "2007-12-31": -33, "2007-09-30": -33, "2007-06-30": -34, "2007-03-31": "-34.00000", "2006-12-31": -34, "2006-09-30": -34, "2006-06-30": -33, "2006-03-31": "-29.00000", "2005-12-31": -30, "2005-09-30": -29, "2005-06-30": -28, "2005-03-31": "-29.00000"}, "Financial Activities - Other": {"2020-12-31": 1, "2020-09-30": 0, "2020-06-30": 0, "2020-03-31": "", "2019-12-31": 0, "2019-09-30": -7, "2019-06-30": 0, "2019-03-31": "", "2018-12-31": -1, "2018-09-30": -6, "2018-06-30": 0, "2018-03-31": "", "2017-12-31": 3, "2017-09-30": -11, "2017-06-30": 0, "2017-03-31": "-6.00000", "2016-12-31": -3, "2016-09-30": -2, "2016-06-30": 0, "2016-03-31": "", "2015-12-31": -4, "2015-09-30": -2, "2015-06-30": -3, "2015-03-31": "", "2014-12-31": -6, "2014-09-30": -4, "2014-06-30": -9, "2014-03-31": "", "2013-12-31": 7, "2013-09-30": -1, "2013-06-30": -3, "2013-03-31": "-5.00000", "2012-12-31": 16, "2012-09-30": -2, "2012-06-30": -15, "2012-03-31": "-2.00000", "2011-12-31": -5, "2011-09-30": -4, "2011-06-30": -8, "2011-03-31": "", "2010-12-31": -14, "2010-09-30": -8, "2010-06-30": -4, "2010-03-31": "", "2009-12-31": -12, "2009-09-30": -37, "2009-06-30": 5, "2009-03-31": "-5.00000", "2008-12-31": -19, "2008-09-30": -3, "2008-06-30": 7, "2008-03-31": "-5.00000", "2007-12-31": -6, "2007-09-30": -9, "2007-06-30": 6, "2007-03-31": "4.00000", "2006-12-31": -18, "2006-09-30": 20, "2006-06-30": 0, "2006-03-31": "11.00000", "2005-12-31": -8, "2005-09-30": -9, "2005-06-30": 25, "2005-03-31": "1.00000"}, "Cash Flow From Financial Activities": {"2020-12-31": -1784, "2020-09-30": -74, "2020-06-30": -288, "2020-03-31": "1893.00000", "2019-12-31": -783, "2019-09-30": -1319, "2019-06-30": 51, "2019-03-31": "627.00000", "2018-12-31": -1268, "2018-09-30": 181, "2018-06-30": 47, "2018-03-31": "522.00000", "2017-12-31": -888, "2017-09-30": 22, "2017-06-30": -26, "2017-03-31": "339.00000", "2016-12-31": -1007, "2016-09-30": -13, "2016-06-30": 72, "2016-03-31": "670.00000", "2015-12-31": -1003, "2015-09-30": -46, "2015-06-30": -45, "2015-03-31": "387.00000", "2014-12-31": 194, "2014-09-30": 296, "2014-06-30": -555, "2014-03-31": "770.00000", "2013-12-31": -215, "2013-09-30": -150, "2013-06-30": -55, "2013-03-31": "-14.00000", "2012-12-31": 13, "2012-09-30": -24, "2012-06-30": -103, "2012-03-31": "-34.00000", "2011-12-31": -62, "2011-09-30": -46, "2011-06-30": -29, "2011-03-31": "-29.00000", "2010-12-31": -64, "2010-09-30": -51, "2010-06-30": -290, "2010-03-31": "-90.00000", "2009-12-31": -40, "2009-09-30": -107, "2009-06-30": -129, "2009-03-31": "420.00000", "2008-12-31": -466, "2008-09-30": 186, "2008-06-30": -136, "2008-03-31": "557.00000", "2007-12-31": -645, "2007-09-30": -199, "2007-06-30": 20, "2007-03-31": "128.00000", "2006-12-31": -349, "2006-09-30": -367, "2006-06-30": -22, "2006-03-31": "767.00000", "2005-12-31": -158, "2005-09-30": -243, "2005-06-30": -67, "2005-03-31": "298.00000"}, "Net Cash Flow": {"2020-12-31": -607, "2020-09-30": 995, "2020-06-30": -291, "2020-03-31": "885.00000", "2019-12-31": 953, "2019-09-30": -210, "2019-06-30": 14, "2019-03-31": "-343.00000", "2018-12-31": 456, "2018-09-30": -45, "2018-06-30": 3, "2018-03-31": "-169.00000", "2017-12-31": 96, "2017-09-30": 39, "2017-06-30": 74, "2017-03-31": "-156.00000", "2016-12-31": 24, "2016-09-30": 66, "2016-06-30": 260, "2016-03-31": "-73.00000", "2015-12-31": 74, "2015-09-30": 7, "2015-06-30": -13, "2015-03-31": "-322.00000", "2014-12-31": 39, "2014-09-30": 42, "2014-06-30": -727, "2014-03-31": "292.00000", "2013-12-31": 554, "2013-09-30": 156, "2013-06-30": -80, "2013-03-31": "-418.00000", "2012-12-31": 650, "2012-09-30": 92, "2012-06-30": -157, "2012-03-31": "-526.00000", "2011-12-31": 598, "2011-09-30": -334, "2011-06-30": -181, "2011-03-31": "-342.00000", "2010-12-31": 467, "2010-09-30": 51, "2010-06-30": -341, "2010-03-31": "-189.00000", "2009-12-31": 655, "2009-09-30": 478, "2009-06-30": 54, "2009-03-31": "47.00000", "2008-12-31": -279, "2008-09-30": -36, "2008-06-30": 140, "2008-03-31": "120.00000", "2007-12-31": -57, "2007-09-30": -85, "2007-06-30": 102, "2007-03-31": "-21.00000", "2006-12-31": 153, "2006-09-30": -192, "2006-06-30": 57, "2006-03-31": "-280.00000", "2005-12-31": 296, "2005-09-30": 40, "2005-06-30": 4, "2005-03-31": "-59.00000"}, "Stock-Based Compensation": {"2020-12-31": 0, "2020-09-30": 0, "2020-06-30": 0, "2020-03-31": "", "2019-12-31": 0, "2019-09-30": 0, "2019-06-30": 0, "2019-03-31": "", "2018-12-31": 0, "2018-09-30": 0, "2018-06-30": 0, "2018-03-31": "", "2017-12-31": 0, "2017-09-30": 0, "2017-06-30": 0, "2017-03-31": "", "2016-12-31": 0, "2016-09-30": 0, "2016-06-30": 0, "2016-03-31": "", "2015-12-31": 0, "2015-09-30": 0, "2015-06-30": 0, "2015-03-31": "", "2014-12-31": 0, "2014-09-30": 0, "2014-06-30": 0, "2014-03-31": "", "2013-12-31": 0, "2013-09-30": 0, "2013-06-30": 0, "2013-03-31": "", "2012-12-31": 0, "2012-09-30": 0, "2012-06-30": 0, "2012-03-31": "", "2011-12-31": 0, "2011-09-30": 0, "2011-06-30": 0, "2011-03-31": "", "2010-12-31": 0, "2010-09-30": 0, "2010-06-30": 0, "2010-03-31": "", "2009-12-31": 0, "2009-09-30": 0, "2009-06-30": 0, "2009-03-31": "", "2008-12-31": 0, "2008-09-30": 0, "2008-06-30": 0, "2008-03-31": "", "2007-12-31": 0, "2007-09-30": 0, "2007-06-30": 0, "2007-03-31": "", "2006-12-31": 0, "2006-09-30": 0, "2006-06-30": 0, "2006-03-31": "", "2005-12-31": 0, "2005-09-30": 0, "2005-06-30": 0, "2005-03-31": ""}, "Common Stock Dividends Paid": {"2020-12-31": -79, "2020-09-30": -77, "2020-06-30": -80, "2020-03-31": "-75.00000", "2019-12-31": -76, "2019-09-30": -80, "2019-06-30": -76, "2019-03-31": "-73.00000", "2018-12-31": -74, "2018-09-30": -73, "2018-06-30": -81, "2018-03-31": "-78.00000", "2017-12-31": -77, "2017-09-30": -80, "2017-06-30": -82, "2017-03-31": "-73.00000", "2016-12-31": -73, "2016-09-30": -76, "2016-06-30": -76, "2016-03-31": "-69.00000", "2015-12-31": -69, "2015-09-30": -70, "2015-06-30": -70, "2015-03-31": "-60.00000", "2014-12-31": -59, "2014-09-30": -58, "2014-06-30": -59, "2014-03-31": "-48.00000", "2013-12-31": -48, "2013-09-30": -50, "2013-06-30": -50, "2013-03-31": "-39.00000", "2012-12-31": -39, "2012-09-30": -39, "2012-06-30": -38, "2012-03-31": "-39.00000", "2011-12-31": -38, "2011-09-30": -39, "2011-06-30": -38, "2011-03-31": "-33.00000", "2010-12-31": -33, "2010-09-30": -33, "2010-06-30": -33, "2010-03-31": "-33.00000", "2009-12-31": -32, "2009-09-30": -33, "2009-06-30": -31, "2009-03-31": "-32.00000", "2008-12-31": -30, "2008-09-30": -33, "2008-06-30": -32, "2008-03-31": "-33.00000", "2007-12-31": -33, "2007-09-30": -33, "2007-06-30": -34, "2007-03-31": "-34.00000", "2006-12-31": -34, "2006-09-30": -34, "2006-06-30": -33, "2006-03-31": "-29.00000", "2005-12-31": -30, "2005-09-30": -29, "2005-06-30": -28, "2005-03-31": "-29.00000"}}, "financial ratios": {"Current Ratio": {"2019-12-31": "0.88400", "2018-12-31": "0.81610", "2017-12-31": "0.93240", "2016-12-31": "0.95780", "2015-12-31": "0.88770", "2014-12-31": "0.96370", "2013-12-31": "1.03360", "2012-12-31": "1.04870", "2011-12-31": "1.01990", "2010-12-31": "1.18960", "2009-12-31": "1.18250", "2008-12-31": "1.08650", "2007-12-31": "1.11230", "2006-12-31": "1.07840", "2005-12-31": "1.09390"}, "Long-term Debt / Capital": {"2019-12-31": "0.50130", "2018-12-31": "0.55800", "2017-12-31": "0.46130", "2016-12-31": "0.40360", "2015-12-31": "0.37950", "2014-12-31": "0.37940", "2013-12-31": "0.26830", "2012-12-31": "0.30800", "2011-12-31": "0.33220", "2010-12-31": "0.33690", "2009-12-31": "0.39960", "2008-12-31": "0.39450", "2007-12-31": "0.29900", "2006-12-31": "0.35390", "2005-12-31": "0.29920"}, "Debt/Equity Ratio": {"2019-12-31": "1.21250", "2018-12-31": "1.88050", "2017-12-31": "1.01760", "2016-12-31": "0.78040", "2015-12-31": "0.70460", "2014-12-31": "0.75000", "2013-12-31": "0.48930", "2012-12-31": "0.56350", "2011-12-31": "0.58200", "2010-12-31": "0.58080", "2009-12-31": "0.77210", "2008-12-31": "0.84510", "2007-12-31": "0.53520", "2006-12-31": "0.71150", "2005-12-31": "0.71120"}, "Gross Margin": {"2019-12-31": "17.30250", "2018-12-31": "16.81320", "2017-12-31": "16.94820", "2016-12-31": "17.82030", "2015-12-31": "17.51950", "2014-12-31": "17.08430", "2013-12-31": "17.57150", "2012-12-31": "15.94550", "2011-12-31": "13.80590", "2010-12-31": "14.77730", "2009-12-31": "13.95400", "2008-12-31": "13.34960", "2007-12-31": "14.89590", "2006-12-31": "14.71240", "2005-12-31": "15.32440"}, "Operating Margin": {"2019-12-31": "7.69380", "2018-12-31": "1.32620", "2017-12-31": "5.34510", "2016-12-31": "6.60300", "2015-12-31": "5.94510", "2014-12-31": "5.97830", "2013-12-31": "6.65460", "2012-12-31": "4.78970", "2011-12-31": "4.24300", "2010-12-31": "5.48840", "2009-12-31": "4.02360", "2008-12-31": "2.90370", "2007-12-31": "5.47710", "2006-12-31": "4.55200", "2005-12-31": "5.53190"}, "EBIT Margin": {"2019-12-31": "7.69380", "2018-12-31": "1.32620", "2017-12-31": "5.34510", "2016-12-31": "6.60300", "2015-12-31": "5.94510", "2014-12-31": "5.97830", "2013-12-31": "6.65460", "2012-12-31": "4.78970", "2011-12-31": "4.24300", "2010-12-31": "5.48840", "2009-12-31": "4.02360", "2008-12-31": "2.90370", "2007-12-31": "5.47710", "2006-12-31": "4.55200", "2005-12-31": "5.53190"}, "EBITDA Margin": {"2019-12-31": "10.56860", "2018-12-31": "7.94310", "2017-12-31": "8.42230", "2016-12-31": "9.76450", "2015-12-31": "9.14270", "2014-12-31": "8.79630", "2013-12-31": "9.53170", "2012-12-31": "7.82670", "2011-12-31": "7.23240", "2010-12-31": "8.51030", "2009-12-31": "7.09400", "2008-12-31": "6.06120", "2007-12-31": "8.53260", "2006-12-31": "7.59400", "2005-12-31": "8.61910"}, "Pre-Tax Profit Margin": {"2019-12-31": "7.60080", "2018-12-31": "-0.09980", "2017-12-31": "4.17350", "2016-12-31": "5.37700", "2015-12-31": "4.93510", "2014-12-31": "4.43340", "2013-12-31": "4.88570", "2012-12-31": "3.07560", "2011-12-31": "-0.15000", "2010-12-31": "3.19070", "2009-12-31": "1.71360", "2008-12-31": "1.30110", "2007-12-31": "4.14260", "2006-12-31": "3.42370", "2005-12-31": "4.16990"}, "Net Profit Margin": {"2019-12-31": "5.79850", "2018-12-31": "-0.86990", "2017-12-31": "1.64680", "2016-12-31": "4.28610", "2015-12-31": "3.74800", "2014-12-31": "3.27090", "2013-12-31": "4.40620", "2012-12-31": "2.21020", "2011-12-31": "2.08940", "2010-12-31": "3.37040", "2009-12-31": "1.91820", "2008-12-31": "2.21080", "2007-12-31": "3.29760", "2006-12-31": "2.39490", "2005-12-31": "2.94750"}, "Asset Turnover": {"2019-12-31": "1.08150", "2018-12-31": "1.14660", "2017-12-31": "1.06060", "2016-12-31": "1.08170", "2015-12-31": "1.09890", "2014-12-31": "0.99350", "2013-12-31": "1.20750", "2012-12-31": "1.17840", "2011-12-31": "1.22960", "2010-12-31": "1.17850", "2009-12-31": "1.13280", "2008-12-31": "1.39720", "2007-12-31": "1.38540", "2006-12-31": "1.31400", "2005-12-31": "1.72470"}, "Inventory Turnover Ratio": {"2019-12-31": "6.92620", "2018-12-31": "6.90880", "2017-12-31": "5.90730", "2016-12-31": "6.49100", "2015-12-31": "6.57920", "2014-12-31": "6.01350", "2013-12-31": "6.42480", "2012-12-31": "6.47830", "2011-12-31": "6.83470", "2010-12-31": "5.60600", "2009-12-31": "6.69690", "2008-12-31": "6.32300", "2007-12-31": "6.19770", "2006-12-31": "6.56730", "2005-12-31": "7.61970"}, "Receiveable Turnover": {"2019-12-31": "9.28980", "2018-12-31": "9.51900", "2017-12-31": "7.97490", "2016-12-31": "7.64220", "2015-12-31": "8.25730", "2014-12-31": "7.17920", "2013-12-31": "9.36110", "2012-12-31": "8.90240", "2011-12-31": "8.86750", "2010-12-31": "8.06230", "2009-12-31": "6.83960", "2008-12-31": "8.99050", "2007-12-31": "7.45310", "2006-12-31": "6.75640", "2005-12-31": "6.87990"}, "Days Sales In Receivables": {"2019-12-31": "39.29040", "2018-12-31": "38.34440", "2017-12-31": "45.76880", "2016-12-31": "47.76110", "2015-12-31": "44.20330", "2014-12-31": "50.84140", "2013-12-31": "38.99120", "2012-12-31": "41.00040", "2011-12-31": "41.16170", "2010-12-31": "45.27220", "2009-12-31": "53.36570", "2008-12-31": "40.59850", "2007-12-31": "48.97260", "2006-12-31": "54.02320", "2005-12-31": "53.05340"}, "ROE - Return On Equity": {"2019-12-31": "29.09180", "2018-12-31": "-4.96100", "2017-12-31": "6.57180", "2016-12-31": "16.20110", "2015-12-31": "14.48710", "2014-12-31": "11.93930", "2013-12-31": "16.86530", "2012-12-31": "9.73210", "2011-12-31": "9.53270", "2010-12-31": "15.04630", "2009-12-31": "9.41490", "2008-12-31": "14.54610", "2007-12-31": "17.10560", "2006-12-31": "14.80350", "2005-12-31": "24.18340"}, "Return On Tangible Equity": {"2019-12-31": "-219.01280", "2018-12-31": "10.31130", "2017-12-31": "-58.00340", "2016-12-31": "421.81820", "2015-12-31": "-8220.00000", "2014-12-31": "372.04300", "2013-12-31": "52.79850", "2012-12-31": "46.29630", "2011-12-31": "51.25630", "2010-12-31": "81.25000", "2009-12-31": "150.63830", "2008-12-31": "-93.90760", "2007-12-31": "225.25250", "2006-12-31": "-193.62550", "2005-12-31": "28.88430"}, "ROA - Return On Assets": {"2019-12-31": "6.34500", "2018-12-31": "-0.86660", "2017-12-31": "1.68180", "2016-12-31": "4.84520", "2015-12-31": "4.32400", "2014-12-31": "3.45970", "2013-12-31": "5.46190", "2012-12-31": "2.76050", "2011-12-31": "2.68760", "2010-12-31": "4.17090", "2009-12-31": "2.34530", "2008-12-31": "3.30330", "2007-12-31": "4.77550", "2006-12-31": "3.53220", "2005-12-31": "5.08370"}, "ROI - Return On Investment": {"2019-12-31": "14.50710", "2018-12-31": "-2.19280", "2017-12-31": "3.53990", "2016-12-31": "9.66260", "2015-12-31": "8.98950", "2014-12-31": "7.40900", "2013-12-31": "12.34010", "2012-12-31": "6.73430", "2011-12-31": "6.36600", "2010-12-31": "9.97700", "2009-12-31": "5.65310", "2008-12-31": "8.80790", "2007-12-31": "11.99140", "2006-12-31": "9.56500", "2005-12-31": "16.94780"}, "Book Value Per Share": {"2019-12-31": "65.36510", "2018-12-31": "50.07810", "2017-12-31": "72.22540", "2016-12-31": "77.40540", "2015-12-31": "73.68830", "2014-12-31": "74.30770", "2013-12-31": "65.37660", "2012-12-31": "55.27850", "2011-12-31": "56.31580", "2010-12-31": "56.84210", "2009-12-31": "50.13330", "2008-12-31": "42.09590", "2007-12-31": "51.46050", "2006-12-31": "42.08970", "2005-12-31": "25.66180"}, "Operating Cash Flow Per Share": {"2019-12-31": 0.8702, "2018-12-31": 1.2994, "2017-12-31": 1.4064, "2016-12-31": 0.2128, "2015-12-31": -3.2103, "2014-12-31": 2.9616, "2013-12-31": 6.842, "2012-12-31": 1.9906, "2011-12-31": -7.1056, "2010-12-31": -6.6109, "2009-12-31": 16.2001, "2008-12-31": -7.2994, "2007-12-31": 0.0987, "2006-12-31": -1.4396, "2005-12-31": 12.9429}, "Free Cash Flow Per Share": {"2019-12-31": 17.269, "2018-12-31": 3.2743, "2017-12-31": 0.7659, "2016-12-31": 0.6602, "2015-12-31": -2.6095, "2014-12-31": 1.2594, "2013-12-31": 5.6392, "2012-12-31": 3.6046, "2011-12-31": -7.1733, "2010-12-31": -7.896, "2009-12-31": 15.694, "2008-12-31": -7.8496, "2007-12-31": 1.4227, "2006-12-31": -1.9737, "2005-12-31": 7.0717}}, "financial ratios, quarterly": {"Current Ratio": {"2020-09-30": "1.02220", "2020-06-30": "0.98110", "2020-03-31": "0.95170", "2019-12-31": "0.88400", "2019-09-30": "0.86760", "2019-06-30": "0.84240", "2019-03-31": "0.83380", "2018-12-31": "0.81610", "2018-09-30": "0.87460", "2018-06-30": "0.91670", "2018-03-31": "0.90470", "2017-12-31": "0.93240", "2017-09-30": "0.89760", "2017-06-30": "0.90870", "2017-03-31": "0.96640", "2016-12-31": "0.95780", "2016-09-30": "0.98690", "2016-06-30": "0.98210", "2016-03-31": "0.90870", "2015-12-31": "0.88770", "2015-09-30": "0.95960", "2015-06-30": "1.00990", "2015-03-31": "1.04380", "2014-12-31": "0.96370", "2014-09-30": "1.08700", "2014-06-30": "1.15150", "2014-03-31": "1.17490", "2013-12-31": "1.03360", "2013-09-30": "1.04850", "2013-06-30": "1.06050", "2013-03-31": "1.15760", "2012-12-31": "1.04870", "2012-09-30": "1.03840", "2012-06-30": "1.03580", "2012-03-31": "0.96440", "2011-12-31": "1.01990", "2011-09-30": "1.03480", "2011-06-30": "1.05040", "2011-03-31": "1.21290", "2010-12-31": "1.18960", "2010-09-30": "1.17990", "2010-06-30": "1.16190", "2010-03-31": "1.19610", "2009-12-31": "1.18250", "2009-09-30": "1.20240", "2009-06-30": "1.20010", "2009-03-31": "1.07760", "2008-12-31": "1.08650", "2008-09-30": "1.11970", "2008-06-30": "1.18560", "2008-03-31": "1.22610", "2007-12-31": "1.11230", "2007-09-30": "1.10450", "2007-06-30": "1.10350", "2007-03-31": "1.09430", "2006-12-31": "1.07840", "2006-09-30": "1.07800", "2006-06-30": "1.04740", "2006-03-31": "0.97260", "2005-12-31": "1.09390", "2005-09-30": "1.10320", "2005-06-30": "1.17290", "2005-03-31": "1.15380"}, "Long-term Debt / Capital": {"2020-09-30": "0.53720", "2020-06-30": "0.55450", "2020-03-31": "0.53950", "2019-12-31": "0.50130", "2019-09-30": "0.50970", "2019-06-30": "0.53120", "2019-03-31": "0.52660", "2018-12-31": "0.55800", "2018-09-30": "0.59040", "2018-06-30": "0.58840", "2018-03-31": "0.44530", "2017-12-31": "0.46130", "2017-09-30": "0.39220", "2017-06-30": "0.39000", "2017-03-31": "0.40250", "2016-12-31": "0.40360", "2016-09-30": "0.38390", "2016-06-30": "0.38890", "2016-03-31": "0.36340", "2015-12-31": "0.37950", "2015-09-30": "0.37690", "2015-06-30": "0.39070", "2015-03-31": "0.40910", "2014-12-31": "0.37940", "2014-09-30": "0.31570", "2014-06-30": "0.31500", "2014-03-31": "0.33800", "2013-12-31": "0.26830", "2013-09-30": "0.27700", "2013-06-30": "0.29360", "2013-03-31": "0.34740", "2012-12-31": "0.30800", "2012-09-30": "0.30180", "2012-06-30": "0.30800", "2012-03-31": "0.26750", "2011-12-31": "0.33220", "2011-09-30": "0.32970", "2011-06-30": "0.32260", "2011-03-31": "0.32420", "2010-12-31": "0.33690", "2010-09-30": "0.34730", "2010-06-30": "0.36670", "2010-03-31": "0.39720", "2009-12-31": "0.39960", "2009-09-30": "0.40400", "2009-06-30": "0.41780", "2009-03-31": "0.38990", "2008-12-31": "0.39450", "2008-09-30": "0.33090", "2008-06-30": "0.31830", "2008-03-31": "0.34730", "2007-12-31": "0.29900", "2007-09-30": "0.30670", "2007-06-30": "0.31980", "2007-03-31": "0.32700", "2006-12-31": "0.35390", "2006-09-30": "0.36660", "2006-06-30": "0.37570", "2006-03-31": "0.31390", "2005-12-31": "0.29920", "2005-09-30": "0.28270", "2005-06-30": "0.39300", "2005-03-31": "0.41080"}, "Debt/Equity Ratio": {"2020-09-30": "1.63580", "2020-06-30": "1.75690", "2020-03-31": "1.77240", "2019-12-31": "1.21250", "2019-09-30": "1.41610", "2019-06-30": "1.87760", "2019-03-31": "1.80800", "2018-12-31": "1.88050", "2018-09-30": "2.17080", "2018-06-30": "2.04520", "2018-03-31": "1.12680", "2017-12-31": "1.01760", "2017-09-30": "1.01670", "2017-06-30": "0.95090", "2017-03-31": "0.87150", "2016-12-31": "0.78040", "2016-09-30": "0.90310", "2016-06-30": "0.89470", "2016-03-31": "0.87940", "2015-12-31": "0.70460", "2015-09-30": "0.83120", "2015-06-30": "0.81340", "2015-03-31": "0.80620", "2014-12-31": "0.75000", "2014-09-30": "0.59290", "2014-06-30": "0.51880", "2014-03-31": "0.62800", "2013-12-31": "0.48930", "2013-09-30": "0.51090", "2013-06-30": "0.52620", "2013-03-31": "0.53470", "2012-12-31": "0.56350", "2012-09-30": "0.55170", "2012-06-30": "0.56390", "2012-03-31": "0.55830", "2011-12-31": "0.58200", "2011-09-30": "0.57900", "2011-06-30": "0.56030", "2011-03-31": "0.54860", "2010-12-31": "0.58080", "2010-09-30": "0.61080", "2010-06-30": "0.66660", "2010-03-31": "0.75150", "2009-12-31": "0.77210", "2009-09-30": "0.79060", "2009-06-30": "0.85140", "2009-03-31": "0.99090", "2008-12-31": "0.84510", "2008-09-30": "0.76030", "2008-06-30": "0.64850", "2008-03-31": "0.68980", "2007-12-31": "0.53520", "2007-09-30": "0.68410", "2007-06-30": "0.72950", "2007-03-31": "0.71930", "2006-12-31": "0.71150", "2006-09-30": "0.84850", "2006-06-30": "1.00100", "2006-03-31": "1.04930", "2005-12-31": "0.71120", "2005-09-30": "0.74010", "2005-06-30": "0.95170", "2005-03-31": "1.04050"}, "Gross Margin": {"2020-09-30": "21.82950", "2020-06-30": "15.61110", "2020-03-31": "16.18500", "2019-12-31": "19.47230", "2019-09-30": "14.55510", "2019-06-30": "17.97150", "2019-03-31": "17.05880", "2018-12-31": "16.78450", "2018-09-30": "16.80440", "2018-06-30": "17.12060", "2018-03-31": "16.53430", "2017-12-31": "17.27460", "2017-09-30": "16.88820", "2017-06-30": "16.38300", "2017-03-31": "17.25870", "2016-12-31": "16.97310", "2016-09-30": "17.91160", "2016-06-30": "18.64180", "2016-03-31": "17.82930", "2015-12-31": "17.48200", "2015-09-30": "17.62370", "2015-06-30": "17.37710", "2015-03-31": "17.60220", "2014-12-31": "17.09150", "2014-09-30": "17.14350", "2014-06-30": "16.80910", "2014-03-31": "17.30460", "2013-12-31": "17.85860", "2013-09-30": "18.06530", "2013-06-30": "17.20720", "2013-03-31": "17.09040", "2012-12-31": "16.94840", "2012-09-30": "15.64310", "2012-06-30": "16.14190", "2012-03-31": "14.94940", "2011-12-31": "14.50100", "2011-09-30": "12.38920", "2011-06-30": "14.14380", "2011-03-31": "14.15590", "2010-12-31": "13.21170", "2010-09-30": "14.33950", "2010-06-30": "16.78430", "2010-03-31": "14.95790", "2009-12-31": "14.14470", "2009-09-30": "13.78700", "2009-06-30": "13.28860", "2009-03-31": "14.68200", "2008-12-31": "10.96180", "2008-09-30": "13.97390", "2008-06-30": "14.81480", "2008-03-31": "13.30730", "2007-12-31": "15.73710", "2007-09-30": "14.29750", "2007-06-30": "15.10100", "2007-03-31": "14.30850", "2006-12-31": "14.07290", "2006-09-30": "14.53640", "2006-06-30": "14.78670", "2006-03-31": "15.75230", "2005-12-31": "16.11030", "2005-09-30": "15.36540", "2005-06-30": "14.62320", "2005-03-31": "15.08730"}, "Operating Margin": {"2020-09-30": "10.77300", "2020-06-30": "1.90500", "2020-03-31": "6.01160", "2019-12-31": "7.87810", "2019-09-30": "13.61230", "2019-06-30": "3.68300", "2019-03-31": "5.52520", "2018-12-31": "5.45940", "2018-09-30": "5.61400", "2018-06-30": "-9.18290", "2018-03-31": "2.91180", "2017-12-31": "4.68260", "2017-09-30": "6.10930", "2017-06-30": "5.12440", "2017-03-31": "5.51610", "2016-12-31": "6.02900", "2016-09-30": "7.12650", "2016-06-30": "7.07960", "2016-03-31": "6.17420", "2015-12-31": "6.06120", "2015-09-30": "6.23460", "2015-06-30": "5.24190", "2015-03-31": "6.25260", "2014-12-31": "4.68100", "2014-09-30": "6.94440", "2014-06-30": "6.21530", "2014-03-31": "6.44050", "2013-12-31": "6.95480", "2013-09-30": "6.68380", "2013-06-30": "6.90820", "2013-03-31": "5.97930", "2012-12-31": "5.38510", "2012-09-30": "4.73970", "2012-06-30": "4.30160", "2012-03-31": "4.69180", "2011-12-31": "4.17520", "2011-09-30": "2.94050", "2011-06-30": "4.71460", "2011-03-31": "5.18060", "2010-12-31": "4.00710", "2010-09-30": "5.17810", "2010-06-30": "7.30040", "2010-03-31": "5.64140", "2009-12-31": "4.09130", "2009-09-30": "4.20280", "2009-06-30": "3.21420", "2009-03-31": "4.65120", "2008-12-31": "0.23170", "2008-09-30": "3.61080", "2008-06-30": "3.99920", "2008-03-31": "3.44600", "2007-12-31": "6.23470", "2007-09-30": "5.33060", "2007-06-30": "5.08860", "2007-03-31": "5.14920", "2006-12-31": "3.86550", "2006-09-30": "4.64590", "2006-06-30": "4.33040", "2006-03-31": "5.68440", "2005-12-31": "5.53870", "2005-09-30": "5.61270", "2005-06-30": "5.37120", "2005-03-31": "5.61100"}, "EBIT Margin": {"2020-09-30": "10.77300", "2020-06-30": "1.90500", "2020-03-31": "6.01160", "2019-12-31": "7.87810", "2019-09-30": "13.61230", "2019-06-30": "3.68300", "2019-03-31": "5.52520", "2018-12-31": "5.45940", "2018-09-30": "5.61400", "2018-06-30": "-9.18290", "2018-03-31": "2.91180", "2017-12-31": "4.68260", "2017-09-30": "6.10930", "2017-06-30": "5.12440", "2017-03-31": "5.51610", "2016-12-31": "6.02900", "2016-09-30": "7.12650", "2016-06-30": "7.07960", "2016-03-31": "6.17420", "2015-12-31": "6.06120", "2015-09-30": "6.23460", "2015-06-30": "5.24190", "2015-03-31": "6.25260", "2014-12-31": "4.68100", "2014-09-30": "6.94440", "2014-06-30": "6.21530", "2014-03-31": "6.44050", "2013-12-31": "6.95480", "2013-09-30": "6.68380", "2013-06-30": "6.90820", "2013-03-31": "5.97930", "2012-12-31": "5.38510", "2012-09-30": "4.73970", "2012-06-30": "4.30160", "2012-03-31": "4.69180", "2011-12-31": "4.17520", "2011-09-30": "2.94050", "2011-06-30": "4.71460", "2011-03-31": "5.18060", "2010-12-31": "4.00710", "2010-09-30": "5.17810", "2010-06-30": "7.30040", "2010-03-31": "5.64140", "2009-12-31": "4.09130", "2009-09-30": "4.20280", "2009-06-30": "3.21420", "2009-03-31": "4.65120", "2008-12-31": "0.23170", "2008-09-30": "3.61080", "2008-06-30": "3.99920", "2008-03-31": "3.44600", "2007-12-31": "6.23470", "2007-09-30": "5.33060", "2007-06-30": "5.08860", "2007-03-31": "5.14920", "2006-12-31": "3.86550", "2006-09-30": "4.64590", "2006-06-30": "4.33040", "2006-03-31": "5.68440", "2005-12-31": "5.53870", "2005-09-30": "5.61270", "2005-06-30": "5.37120", "2005-03-31": "5.61100"}, "EBITDA Margin": {"2020-09-30": "", "2020-06-30": "", "2020-03-31": "", "2019-12-31": "", "2019-09-30": "", "2019-06-30": "", "2019-03-31": "", "2018-12-31": "", "2018-09-30": "", "2018-06-30": "", "2018-03-31": "", "2017-12-31": "", "2017-09-30": "", "2017-06-30": "", "2017-03-31": "", "2016-12-31": "", "2016-09-30": "", "2016-06-30": "", "2016-03-31": "", "2015-12-31": "", "2015-09-30": "", "2015-06-30": "", "2015-03-31": "", "2014-12-31": "", "2014-09-30": "", "2014-06-30": "", "2014-03-31": "", "2013-12-31": "", "2013-09-30": "", "2013-06-30": "", "2013-03-31": "", "2012-12-31": "", "2012-09-30": "", "2012-06-30": "", "2012-03-31": "", "2011-12-31": "", "2011-09-30": "", "2011-06-30": "", "2011-03-31": "", "2010-12-31": "", "2010-09-30": "", "2010-06-30": "", "2010-03-31": "", "2009-12-31": "", "2009-09-30": "", "2009-06-30": "", "2009-03-31": "", "2008-12-31": "", "2008-09-30": "", "2008-06-30": "", "2008-03-31": "", "2007-12-31": "", "2007-09-30": "", "2007-06-30": "", "2007-03-31": "", "2006-12-31": "", "2006-09-30": "", "2006-06-30": "", "2006-03-31": "", "2005-12-31": "", "2005-09-30": "", "2005-06-30": "", "2005-03-31": ""}, "Pre-Tax Profit Margin": {"2020-09-30": "10.22490", "2020-06-30": "1.06380", "2020-03-31": "5.06360", "2019-12-31": "6.15010", "2019-09-30": "13.29800", "2019-06-30": "3.89510", "2019-03-31": "7.18490", "2018-12-31": "4.52300", "2018-09-30": "4.18700", "2018-06-30": "-11.84830", "2018-03-31": "2.21950", "2017-12-31": "3.66540", "2017-09-30": "4.94650", "2017-06-30": "3.96480", "2017-03-31": "4.13710", "2016-12-31": "5.44550", "2016-09-30": "5.81170", "2016-06-30": "5.50210", "2016-03-31": "4.65770", "2015-12-31": "5.07190", "2015-09-30": "5.05970", "2015-06-30": "5.28030", "2015-03-31": "4.27160", "2014-12-31": "2.84860", "2014-09-30": "5.41040", "2014-06-30": "5.01920", "2014-03-31": "4.90490", "2013-12-31": "4.47940", "2013-09-30": "5.42390", "2013-06-30": "5.16010", "2013-03-31": "4.47270", "2012-12-31": "3.63180", "2012-09-30": "2.82600", "2012-06-30": "2.74940", "2012-03-31": "3.05890", "2011-12-31": "2.64770", "2011-09-30": "1.25410", "2011-06-30": "-7.82240", "2011-03-31": "3.49920", "2010-12-31": "2.61850", "2010-09-30": "1.68180", "2010-06-30": "4.56550", "2010-03-31": "4.00280", "2009-12-31": "1.89140", "2009-09-30": "1.77900", "2009-06-30": "1.53510", "2009-03-31": "1.59710", "2008-12-31": "-2.52610", "2008-09-30": "2.48880", "2008-06-30": "2.56110", "2008-03-31": "2.23230", "2007-12-31": "4.45070", "2007-09-30": "4.04960", "2007-06-30": "4.12030", "2007-03-31": "3.89610", "2006-12-31": "2.71790", "2006-09-30": "3.75800", "2006-06-30": "2.89400", "2006-03-31": "4.66630", "2005-12-31": "3.86950", "2005-09-30": "4.75130", "2005-06-30": "3.93700", "2005-03-31": "4.14590"}, "Net Profit Margin": {"2020-09-30": "7.50330", "2020-06-30": "0.86590", "2020-03-31": "3.51450", "2019-12-31": "5.35120", "2019-09-30": "7.03200", "2019-06-30": "1.29190", "2019-03-31": "9.89500", "2018-12-31": "3.00350", "2018-09-30": "3.94290", "2018-06-30": "-12.78210", "2018-03-31": "1.91410", "2017-12-31": "-4.70010", "2017-09-30": "5.09410", "2017-06-30": "3.53470", "2017-03-31": "3.19680", "2016-12-31": "3.18250", "2016-09-30": "4.53510", "2016-06-30": "6.15620", "2016-03-31": "3.24960", "2015-12-31": "3.23740", "2015-09-30": "4.45330", "2015-06-30": "3.39860", "2015-03-31": "3.94140", "2014-12-31": "1.34930", "2014-09-30": "4.76780", "2014-06-30": "3.82320", "2014-03-31": "3.66720", "2013-12-31": "3.55600", "2013-09-30": "4.18540", "2013-06-30": "4.17020", "2013-03-31": "5.93220", "2012-12-31": "2.54640", "2012-09-30": "1.64660", "2012-06-30": "2.50550", "2012-03-31": "2.11590", "2011-12-31": "4.17520", "2011-09-30": "3.82700", "2011-06-30": "-3.40380", "2011-03-31": "3.84000", "2010-12-31": "3.39220", "2010-09-30": "1.74820", "2010-06-30": "4.52140", "2010-03-31": "3.83900", "2009-12-31": "1.95310", "2009-09-30": "1.93460", "2009-06-30": "1.87100", "2009-03-31": "1.90530", "2008-12-31": "1.01970", "2008-09-30": "3.32520", "2008-06-30": "2.30500", "2008-03-31": "2.03730", "2007-12-31": "3.51170", "2007-09-30": "3.61570", "2007-06-30": "3.31690", "2007-03-31": "2.66580", "2006-12-31": "2.15420", "2006-09-30": "2.41590", "2006-06-30": "1.92230", "2006-03-31": "3.33710", "2005-12-31": "3.18660", "2005-09-30": "3.16750", "2005-06-30": "2.69970", "2005-03-31": "2.68080"}, "Asset Turnover": {"2020-09-30": "0.25990", "2020-06-30": "0.21640", "2020-03-31": "0.22300", "2019-12-31": "0.28500", "2019-09-30": "0.27660", "2019-06-30": "0.26120", "2019-03-31": "0.24180", "2018-12-31": "0.30850", "2018-09-30": "0.27900", "2018-06-30": "0.26950", "2018-03-31": "0.24150", "2017-12-31": "0.28460", "2017-09-30": "0.26000", "2017-06-30": "0.26460", "2017-03-31": "0.24570", "2016-12-31": "0.29530", "2016-09-30": "0.25990", "2016-06-30": "0.26030", "2016-03-31": "0.23460", "2015-12-31": "0.29250", "2015-09-30": "0.26890", "2015-06-30": "0.26690", "2015-03-31": "0.25230", "2014-12-31": "0.30010", "2014-09-30": "0.30710", "2014-06-30": "0.30000", "2014-03-31": "0.27200", "2013-12-31": "0.32750", "2013-09-30": "0.29900", "2013-06-30": "0.31090", "2013-03-31": "0.27710", "2012-12-31": "0.31120", "2012-09-30": "0.30020", "2012-06-30": "0.30880", "2012-03-31": "0.28960", "2011-12-31": "0.32340", "2011-09-30": "0.30830", "2011-06-30": "0.29720", "2011-03-31": "0.28200", "2010-12-31": "0.32350", "2010-09-30": "0.28970", "2010-06-30": "0.30780", "2010-03-31": "0.28330", "2009-12-31": "0.32220", "2009-09-30": "0.30270", "2009-06-30": "0.30340", "2009-03-31": "0.27030", "2008-12-31": "0.31890", "2008-09-30": "0.33880", "2008-06-30": "0.34210", "2008-03-31": "0.31810", "2007-12-31": "0.38010", "2007-09-30": "0.33430", "2007-06-30": "0.33970", "2007-03-31": "0.31640", "2006-12-31": "0.36100", "2006-09-30": "0.34730", "2006-06-30": "0.33390", "2006-03-31": "0.25750", "2005-12-31": "0.47630", "2005-09-30": "0.43520", "2005-06-30": "0.43380", "2005-03-31": "0.39200"}, "Inventory Turnover Ratio": {"2020-09-30": "1.86640", "2020-06-30": "1.60220", "2020-03-31": "1.42550", "2019-12-31": "1.77770", "2019-09-30": "1.50880", "2019-06-30": "1.41420", "2019-03-31": "1.33380", "2018-12-31": "1.85950", "2018-09-30": "1.54230", "2018-06-30": "1.40500", "2018-03-31": "1.22500", "2017-12-31": "1.57860", "2017-09-30": "1.34620", "2017-06-30": "1.38420", "2017-03-31": "1.28740", "2016-12-31": "1.79030", "2016-09-30": "1.34290", "2016-06-30": "1.31990", "2016-03-31": "1.22510", "2015-12-31": "1.75180", "2015-09-30": "1.47710", "2015-06-30": "1.39440", "2015-03-31": "1.33010", "2014-12-31": "1.81640", "2014-09-30": "1.46950", "2014-06-30": "1.38510", "2014-03-31": "1.35330", "2013-12-31": "1.73630", "2013-09-30": "1.43870", "2013-06-30": "1.56930", "2013-03-31": "1.37100", "2012-12-31": "1.69030", "2012-09-30": "1.45920", "2012-06-30": "1.46420", "2012-03-31": "1.41790", "2011-12-31": "1.78330", "2011-09-30": "1.41480", "2011-06-30": "1.32240", "2011-03-31": "1.28590", "2010-12-31": "1.56700", "2010-09-30": "1.25520", "2010-06-30": "1.40990", "2010-03-31": "1.49080", "2009-12-31": "1.90080", "2009-09-30": "1.60340", "2009-06-30": "1.46240", "2009-03-31": "1.18340", "2008-12-31": "1.48280", "2008-09-30": "1.38130", "2008-06-30": "1.44330", "2008-03-31": "1.37360", "2007-12-31": "1.68370", "2007-09-30": "1.41380", "2007-06-30": "1.46650", "2007-03-31": "1.41600", "2006-12-31": "1.81770", "2006-09-30": "1.60120", "2006-06-30": "1.58570", "2006-03-31": "1.16920", "2005-12-31": "2.08490", "2005-09-30": "1.73270", "2005-06-30": "1.71330", "2005-03-31": "1.42540"}, "Receiveable Turnover": {"2020-09-30": "1.94810", "2020-06-30": "2.02300", "2020-03-31": "2.23980", "2019-12-31": "2.44860", "2019-09-30": "1.96720", "2019-06-30": "2.17260", "2019-03-31": "2.14220", "2018-12-31": "2.56110", "2018-09-30": "1.84870", "2018-06-30": "2.08600", "2018-03-31": "1.84830", "2017-12-31": "2.13960", "2017-09-30": "1.74660", "2017-06-30": "1.79790", "2017-03-31": "1.74990", "2016-12-31": "2.08630", "2016-09-30": "1.75990", "2016-06-30": "1.85840", "2016-03-31": "1.71280", "2015-12-31": "2.19760", "2015-09-30": "1.81090", "2015-06-30": "1.92750", "2015-03-31": "1.92450", "2014-12-31": "2.16870", "2014-09-30": "2.17980", "2014-06-30": "2.10710", "2014-03-31": "2.09760", "2013-12-31": "2.53870", "2013-09-30": "2.10380", "2013-06-30": "2.14260", "2013-03-31": "2.04230", "2012-12-31": "2.35080", "2012-09-30": "1.98320", "2012-06-30": "2.12240", "2012-03-31": "2.02890", "2011-12-31": "2.33250", "2011-09-30": "2.04560", "2011-06-30": "1.92670", "2011-03-31": "1.87520", "2010-12-31": "2.21290", "2010-09-30": "1.77080", "2010-06-30": "1.90340", "2010-03-31": "1.75080", "2009-12-31": "1.94560", "2009-09-30": "1.64000", "2009-06-30": "1.79230", "2009-03-31": "1.84350", "2008-12-31": "2.05180", "2008-09-30": "1.88320", "2008-06-30": "1.93150", "2008-03-31": "1.79950", "2007-12-31": "2.04490", "2007-09-30": "1.75680", "2007-06-30": "1.80920", "2007-03-31": "1.73820", "2006-12-31": "1.85610", "2006-09-30": "1.81450", "2006-06-30": "1.84130", "2006-03-31": "1.31350", "2005-12-31": "1.90000", "2005-09-30": "1.74290", "2005-06-30": "1.67500", "2005-03-31": "1.61040"}, "Days Sales In Receivables": {"2020-09-30": "46.19920", "2020-06-30": "44.48790", "2020-03-31": "40.18270", "2019-12-31": "36.75590", "2019-09-30": "45.75130", "2019-06-30": "41.42500", "2019-03-31": "42.01260", "2018-12-31": "35.14130", "2018-09-30": "48.68380", "2018-06-30": "43.14400", "2018-03-31": "48.69270", "2017-12-31": "42.06420", "2017-09-30": "51.52820", "2017-06-30": "50.05800", "2017-03-31": "51.43130", "2016-12-31": "43.13830", "2016-09-30": "51.13950", "2016-06-30": "48.42820", "2016-03-31": "52.54550", "2015-12-31": "40.95320", "2015-09-30": "49.69870", "2015-06-30": "46.69360", "2015-03-31": "46.76430", "2014-12-31": "41.49930", "2014-09-30": "41.28730", "2014-06-30": "42.71250", "2014-03-31": "42.90630", "2013-12-31": "35.45190", "2013-09-30": "42.78030", "2013-06-30": "42.00510", "2013-03-31": "44.06780", "2012-12-31": "38.28430", "2012-09-30": "45.38050", "2012-06-30": "42.40580", "2012-03-31": "44.35830", "2011-12-31": "38.58450", "2011-09-30": "43.99780", "2011-06-30": "46.71250", "2011-03-31": "47.99590", "2010-12-31": "40.67050", "2010-09-30": "50.82540", "2010-06-30": "47.28280", "2010-03-31": "51.40450", "2009-12-31": "46.25820", "2009-09-30": "54.87660", "2009-06-30": "50.21350", "2009-03-31": "48.82040", "2008-12-31": "43.86330", "2008-09-30": "47.79070", "2008-06-30": "46.59580", "2008-03-31": "50.01300", "2007-12-31": "44.01130", "2007-09-30": "51.22930", "2007-06-30": "49.74660", "2007-03-31": "51.77720", "2006-12-31": "48.48800", "2006-09-30": "49.59940", "2006-06-30": "48.87830", "2006-03-31": "68.51810", "2005-12-31": "47.36720", "2005-09-30": "51.63940", "2005-06-30": "53.73170", "2005-03-31": "55.88530"}, "ROE - Return On Equity": {"2020-09-30": "9.30340", "2020-06-30": "0.63690", "2020-03-31": "3.69350", "2019-12-31": "6.99370", "2019-09-30": "9.21750", "2019-06-30": "1.96350", "2019-03-31": "12.74540", "2018-12-31": "5.30420", "2018-09-30": "6.52960", "2018-06-30": "-19.10890", "2018-03-31": "1.80080", "2017-12-31": "-5.30420", "2017-09-30": "4.78280", "2017-06-30": "3.15140", "2017-03-31": "2.73590", "2016-12-31": "3.24720", "2016-09-30": "4.08920", "2016-06-30": "5.86320", "2016-03-31": "2.73880", "2015-12-31": "3.33100", "2015-09-30": "4.31850", "2015-06-30": "3.16350", "2015-03-31": "3.44710", "2014-12-31": "1.86340", "2014-09-30": "4.42480", "2014-06-30": "3.45730", "2014-03-31": "3.14600", "2013-12-31": "3.71470", "2013-09-30": "4.15800", "2013-06-30": "4.42250", "2013-03-31": "5.60400", "2012-12-31": "2.93110", "2012-09-30": "1.80140", "2012-06-30": "2.77910", "2012-03-31": "2.17590", "2011-12-31": "4.97660", "2011-09-30": "4.17340", "2011-06-30": "-3.64530", "2011-03-31": "3.89330", "2010-12-31": "4.12040", "2010-09-30": "2.01020", "2010-06-30": "5.67130", "2010-03-31": "4.58980", "2009-12-31": "2.71280", "2009-09-30": "2.51900", "2009-06-30": "2.48200", "2009-03-31": "2.38480", "2008-12-31": "1.65960", "2008-09-30": "4.22960", "2008-06-30": "3.03820", "2008-03-31": "2.45640", "2007-12-31": "5.34390", "2007-09-30": "4.64190", "2007-06-30": "4.51360", "2007-03-31": "3.59940", "2006-12-31": "4.08160", "2006-09-30": "4.31150", "2006-06-30": "3.33890", "2006-03-31": "4.12730", "2005-12-31": "7.22060", "2005-09-30": "6.02220", "2005-06-30": "5.58460", "2005-03-31": "5.28260"}, "Return On Tangible Equity": {"2020-09-30": "-106.13330", "2020-06-30": "-3.64430", "2020-03-31": "-23.37040", "2019-12-31": "-52.65080", "2019-09-30": "-52.90700", "2019-06-30": "-6.90320", "2019-03-31": "-46.65350", "2018-12-31": "-11.02460", "2018-09-30": "-14.44820", "2018-06-30": "42.34590", "2018-03-31": "-17.37520", "2017-12-31": "46.81580", "2017-09-30": "-2720.00000", "2017-06-30": "716.00000", "2017-03-31": "61.47860", "2016-12-31": "84.54550", "2016-09-30": "76.72960", "2016-06-30": "190.00000", "2016-03-31": "-283.63640", "2015-12-31": "-1890.00000", "2015-09-30": "555.55550", "2015-06-30": "53.00860", "2015-03-31": "63.87100", "2014-12-31": "58.06450", "2014-09-30": "12.31660", "2014-06-30": "9.55580", "2014-03-31": "9.14160", "2013-12-31": "11.62940", "2013-09-30": "14.68640", "2013-06-30": "16.80260", "2013-03-31": "22.40630", "2012-12-31": "13.94340", "2012-09-30": "8.15490", "2012-06-30": "14.06800", "2012-03-31": "9.90810", "2011-12-31": "26.75880", "2011-09-30": "21.39480", "2011-06-30": "-16.56570", "2011-03-31": "16.88810", "2010-12-31": "22.25000", "2010-09-30": "13.92620", "2010-06-30": "75.43860", "2010-03-31": "63.50370", "2009-12-31": "43.40430", "2009-09-30": "57.40740", "2009-06-30": "-119.44440", "2009-03-31": "-15.36840", "2008-12-31": "-10.71430", "2008-09-30": "42.96680", "2008-06-30": "20.81300", "2008-03-31": "21.36750", "2007-12-31": "70.37040", "2007-09-30": "129.62960", "2007-06-30": "-335.41670", "2007-03-31": "-70.45450", "2006-12-31": "-53.38650", "2006-09-30": "-78.36260", "2006-06-30": "-24.03850", "2006-03-31": "-17.32750", "2005-12-31": "8.62420", "2005-09-30": "7.02840", "2005-06-30": "6.63440", "2005-03-31": "6.34690"}, "ROA - Return On Assets": {"2020-09-30": "1.95490", "2020-06-30": "0.13390", "2020-03-31": "0.75790", "2019-12-31": "1.52530", "2019-09-30": "1.97760", "2019-06-30": "0.36260", "2019-03-31": "2.40780", "2018-12-31": "0.92660", "2018-09-30": "1.13130", "2018-06-30": "-3.35080", "2018-03-31": "0.46220", "2017-12-31": "-1.35740", "2017-09-30": "1.30530", "2017-06-30": "0.88590", "2017-03-31": "0.81110", "2016-12-31": "0.97110", "2016-09-30": "1.20850", "2016-06-30": "1.71270", "2016-03-31": "0.79300", "2015-12-31": "0.99420", "2015-09-30": "1.27400", "2015-06-30": "0.94810", "2015-03-31": "1.03080", "2014-12-31": "0.53990", "2014-09-30": "1.49610", "2014-06-30": "1.18530", "2014-03-31": "1.02240", "2013-12-31": "1.20300", "2013-09-30": "1.27080", "2013-06-30": "1.34870", "2013-03-31": "1.67630", "2012-12-31": "0.83140", "2012-09-30": "0.53430", "2012-06-30": "0.82150", "2012-03-31": "0.64600", "2011-12-31": "1.40310", "2011-09-30": "1.20640", "2011-06-30": "-1.03050", "2011-03-31": "1.14040", "2010-12-31": "1.14220", "2010-09-30": "0.53210", "2010-06-30": "1.45940", "2010-03-31": "1.15400", "2009-12-31": "0.67580", "2009-09-30": "0.62600", "2009-06-30": "0.62600", "2009-03-31": "0.55290", "2008-12-31": "0.37690", "2008-09-30": "1.16100", "2008-06-30": "0.86260", "2008-03-31": "0.68950", "2007-12-31": "1.49190", "2007-09-30": "1.20870", "2007-06-30": "1.12670", "2007-03-31": "0.89400", "2006-12-31": "0.97390", "2006-09-30": "0.96080", "2006-06-30": "0.70530", "2006-03-31": "0.85920", "2005-12-31": "1.51790", "2005-09-30": "1.37860", "2005-06-30": "1.17100", "2005-03-31": "1.05100"}, "ROI - Return On Investment": {"2020-09-30": "4.30600", "2020-06-30": "0.28370", "2020-03-31": "1.70100", "2019-12-31": "3.48750", "2019-09-30": "4.51950", "2019-06-30": "0.92050", "2019-03-31": "6.03360", "2018-12-31": "2.34450", "2018-09-30": "2.67460", "2018-06-30": "-7.86460", "2018-03-31": "0.99890", "2017-12-31": "-2.85710", "2017-09-30": "2.90720", "2017-06-30": "1.92250", "2017-03-31": "1.63480", "2016-12-31": "1.93670", "2016-09-30": "2.51940", "2016-06-30": "3.58300", "2016-03-31": "1.74360", "2015-12-31": "2.06690", "2015-09-30": "2.69080", "2015-06-30": "1.92750", "2015-03-31": "2.03680", "2014-12-31": "1.15630", "2014-09-30": "3.02800", "2014-06-30": "2.36820", "2014-03-31": "2.08250", "2013-12-31": "2.71800", "2013-09-30": "3.00600", "2013-06-30": "3.12410", "2013-03-31": "3.65730", "2012-12-31": "2.02820", "2012-09-30": "1.25770", "2012-06-30": "1.92310", "2012-03-31": "1.59380", "2011-12-31": "3.32350", "2011-09-30": "2.79750", "2011-06-30": "-2.46910", "2011-03-31": "2.63120", "2010-12-31": "2.73220", "2010-09-30": "1.31200", "2010-06-30": "3.59170", "2010-03-31": "2.76670", "2009-12-31": "1.62890", "2009-09-30": "1.50120", "2009-06-30": "1.44490", "2009-03-31": "1.45510", "2008-12-31": "1.00490", "2008-09-30": "2.83020", "2008-06-30": "2.07120", "2008-03-31": "1.60330", "2007-12-31": "3.74620", "2007-09-30": "3.21810", "2007-06-30": "3.07020", "2007-03-31": "2.42230", "2006-12-31": "2.63730", "2006-09-30": "2.73080", "2006-06-30": "2.08460", "2006-03-31": "2.83180", "2005-12-31": "5.06020", "2005-09-30": "4.31980", "2005-06-30": "3.38980", "2005-03-31": "3.11260"}, "Book Value Per Share": {"2020-09-30": "69.00000", "2020-06-30": "63.30650", "2020-03-31": "64.19360", "2019-12-31": "65.36510", "2019-09-30": "62.68250", "2019-06-30": "58.20640", "2019-03-31": "59.03180", "2018-12-31": "50.07810", "2018-09-30": "51.68750", "2018-06-30": "51.44620", "2018-03-31": "73.52110", "2017-12-31": "72.22540", "2017-09-30": "78.98610", "2017-06-30": "77.80820", "2017-03-31": "78.04050", "2016-12-31": "77.40540", "2016-09-30": "79.56000", "2016-06-30": "77.77330", "2016-03-31": "74.94740", "2015-12-31": "73.68830", "2015-09-30": "74.21800", "2015-06-30": "74.97440", "2015-03-31": "73.64100", "2014-12-31": "74.30770", "2014-09-30": "68.08970", "2014-06-30": "68.60260", "2014-03-31": "67.70130", "2013-12-31": "65.37660", "2013-09-30": "60.58230", "2013-06-30": "58.96200", "2013-03-31": "58.05060", "2012-12-31": "55.27850", "2012-09-30": "56.93590", "2012-06-30": "56.07790", "2012-03-31": "57.89610", "2011-12-31": "56.31580", "2011-09-30": "57.06580", "2011-06-30": "59.19740", "2011-03-31": "60.15790", "2010-12-31": "56.84210", "2010-09-30": "54.32900", "2010-06-30": "49.88160", "2010-03-31": "50.54670", "2009-12-31": "50.13330", "2009-09-30": "49.89190", "2009-06-30": "46.82430", "2009-03-31": "41.36490", "2008-12-31": "42.09590", "2008-09-30": "54.41100", "2008-06-30": "56.93240", "2008-03-31": "54.28000", "2007-12-31": "51.46050", "2007-09-30": "48.96100", "2007-06-30": "45.73080", "2007-03-31": "43.60760", "2006-12-31": "42.08970", "2006-09-30": "39.84620", "2006-06-30": "38.39740", "2006-03-31": "36.65390", "2005-12-31": "25.66180", "2005-09-30": "28.25370", "2005-06-30": "25.65670", "2005-03-31": "24.29850"}, "Operating Cash Flow Per Share": {"2020-09-30": 18.3117, "2020-06-30": 0.9774, "2020-03-31": "-12.85940", "2019-12-31": 27.9751, "2019-09-30": 3.9521, "2019-06-30": 1.1077, "2019-03-31": "-13.87600", "2018-12-31": 27.7068, "2018-09-30": -0.9666, "2018-06-30": 1.4375, "2018-03-31": "-9.88900", "2017-12-31": 17.4352, "2017-09-30": 2.0974, "2017-06-30": 3.1804, "2017-03-31": "-5.72370", "2016-12-31": 17.8586, "2016-09-30": 2.9439, "2016-06-30": 3.2223, "2016-03-31": "-8.44190", "2015-12-31": 17.34, "2015-09-30": 2.9926, "2015-06-30": 2.15, "2015-03-31": "-7.11250", "2014-12-31": 20.1884, "2014-09-30": 3.0151, "2014-06-30": -0.3536, "2014-03-31": "-4.26950", "2013-12-31": 12.6311, "2013-09-30": 5.4045, "2013-06-30": 1.3626, "2013-03-31": "-3.77940", "2012-12-31": 10.8071, "2012-09-30": 2.4748, "2012-06-30": 0.8834, "2012-03-31": "-5.38850", "2011-12-31": 11.1652, "2011-09-30": -1.3321, "2011-06-30": -0.1714, "2011-03-31": "-2.87550", "2010-12-31": 9.0398, "2010-09-30": 2.6641, "2010-06-30": 1.2634, "2010-03-31": "0.92450", "2009-12-31": 11.8898, "2009-09-30": 8.6662, "2009-06-30": 3.5879, "2009-03-31": "-3.64120", "2008-12-31": 4.3821, "2008-09-30": -0.5382, "2008-06-30": 4.8313, "2008-03-31": "-4.37260", "2007-12-31": 9.998, "2007-09-30": 1.6785, "2007-06-30": 1.9155, "2007-03-31": "-1.99000", "2006-12-31": 7.7847, "2006-09-30": 2.6984, "2006-06-30": 3.9267, "2006-03-31": "-2.90650", "2005-12-31": 9.0044, "2005-09-30": 5.5438, "2005-06-30": 2.592, "2005-03-31": "-4.19730"}, "Free Cash Flow Per Share": {"2020-09-30": 16.8144, "2020-06-30": -0.1793, "2020-03-31": "-13.74410", "2019-12-31": 26.6355, "2019-09-30": 18.2777, "2019-06-30": -0.5915, "2019-03-31": "-15.16280", "2018-12-31": 25.9481, "2018-09-30": -3.1899, "2018-06-30": -0.1471, "2018-03-31": "-10.72120", "2017-12-31": 14.0075, "2017-09-30": -0.1056, "2017-06-30": 1.5558, "2017-03-31": "-6.84210", "2016-12-31": 14.0916, "2016-09-30": 0.9803, "2016-06-30": 2.2542, "2016-03-31": "-9.47640", "2015-12-31": 13.6261, "2015-09-30": 1.4509, "2015-06-30": 0.3875, "2015-03-31": "-8.27500", "2014-12-31": 16.4824, "2014-09-30": 1.1307, "2014-06-30": -2.071, "2014-03-31": "-5.74310", "2013-12-31": 9.4285, "2013-09-30": 3.7104, "2013-06-30": 0.0599, "2013-03-31": "-4.65920", "2012-12-31": 8.3859, "2012-09-30": 1.3673, "2012-06-30": -0.2923, "2012-03-31": "-6.56050", "2011-12-31": 8.758, "2011-09-30": -3.3033, "2011-06-30": -1.8457, "2011-03-31": "-4.31320", "2010-12-31": 6.482, "2010-09-30": 1.1197, "2010-06-30": -0.1691, "2010-03-31": "-0.96350", "2009-12-31": 9.4378, "2009-09-30": 7.554, "2009-06-30": 2.3398, "2009-03-31": "-4.96650", "2008-12-31": 3.2936, "2008-09-30": -2.2372, "2008-06-30": 3.3586, "2008-03-31": "-5.74390", "2007-12-31": 7.5608, "2007-09-30": 1.2953, "2007-06-30": 0.7935, "2007-03-31": "-3.12890", "2006-12-31": 5.5879, "2006-09-30": 1.3489, "2006-06-30": 2.4202, "2006-03-31": "-4.25900", "2005-12-31": 7.1303, "2005-09-30": 4.0651, "2005-06-30": 1.0751, "2005-03-31": "-5.19880"}}, "revenue": {"Whirlpool Annual Revenue (Millions of US $)": {"2020": "$19,456", "2019": "$20,419", "2018": "$21,037", "2017": "$21,253", "2016": "$20,718", "2015": "$20,891", "2014": "$19,872", "2013": "$18,769", "2012": "$18,143", "2011": "$18,666", "2010": "$18,366", "2009": "$17,099", "2008": "$18,907", "2007": "$19,408", "2006": "$18,080", "2005": "$14,317"}, "Whirlpool Quarterly Revenue (Millions of US $)": {"2020-12-31": "$5,798", "2020-09-30": "$5,291", "2020-06-30": "$4,042", "2020-03-31": "$4,325", "2019-12-31": "$5,382", "2019-09-30": "$5,091", "2019-06-30": "$5,186", "2019-03-31": "$4,760", "2018-12-31": "$5,660", "2018-09-30": "$5,326", "2018-06-30": "$5,140", "2018-03-31": "$4,911", "2017-12-31": "$5,702", "2017-09-30": "$5,418", "2017-06-30": "$5,347", "2017-03-31": "$4,786", "2016-12-31": "$5,656", "2016-09-30": "$5,248", "2016-06-30": "$5,198", "2016-03-31": "$4,616", "2015-12-31": "$5,560", "2015-09-30": "$5,277", "2015-06-30": "$5,208", "2015-03-31": "$4,846", "2014-12-31": "$6,003", "2014-09-30": "$4,824", "2014-06-30": "$4,682", "2014-03-31": "$4,363", "2013-12-31": "$5,090", "2013-09-30": "$4,683", "2013-06-30": "$4,748", "2013-03-31": "$4,248", "2012-12-31": "$4,791", "2012-09-30": "$4,494", "2012-06-30": "$4,510", "2012-03-31": "$4,348", "2011-12-31": "$4,910", "2011-09-30": "$4,625", "2011-06-30": "$4,730", "2011-03-31": "$4,401", "2010-12-31": "$5,041", "2010-09-30": "$4,519", "2010-06-30": "$4,534", "2010-03-31": "$4,272", "2009-12-31": "$4,864", "2009-09-30": "$4,497", "2009-06-30": "$4,169", "2009-03-31": "$3,569", "2008-12-31": "$4,315", "2008-09-30": "$4,902", "2008-06-30": "$5,076", "2008-03-31": "$4,614", "2007-12-31": "$5,325", "2007-09-30": "$4,840", "2007-06-30": "$4,854", "2007-03-31": "$4,389", "2006-12-31": "$4,967", "2006-09-30": "$4,843", "2006-06-30": "$4,734", "2006-03-31": "$3,536", "2005-12-31": "$3,954", "2005-09-30": "$3,599", "2005-06-30": "$3,556", "2005-03-31": "$3,208"}}, "gross-profit": {"Whirlpool Annual Gross Profit (Millions of US $)": {"2020": "$3,850", "2019": "$3,533", "2018": "$3,537", "2017": "$3,602", "2016": "$3,692", "2015": "$3,660", "2014": "$3,395", "2013": "$3,298", "2012": "$2,893", "2011": "$2,577", "2010": "$2,714", "2009": "$2,386", "2008": "$2,524", "2007": "$2,891", "2006": "$2,660", "2005": "$2,194"}, "Whirlpool Quarterly Gross Profit (Millions of US $)": {"2020-12-31": "$1,364", "2020-09-30": "$1,155", "2020-06-30": "$631", "2020-03-31": "$700", "2019-12-31": "$1,048", "2019-09-30": "$741", "2019-06-30": "$932", "2019-03-31": "$812", "2018-12-31": "$950", "2018-09-30": "$895", "2018-06-30": "$880", "2018-03-31": "$812", "2017-12-31": "$985", "2017-09-30": "$915", "2017-06-30": "$876", "2017-03-31": "$826", "2016-12-31": "$960", "2016-09-30": "$940", "2016-06-30": "$969", "2016-03-31": "$823", "2015-12-31": "$972", "2015-09-30": "$930", "2015-06-30": "$905", "2015-03-31": "$853", "2014-12-31": "$1,026", "2014-09-30": "$827", "2014-06-30": "$787", "2014-03-31": "$755", "2013-12-31": "$909", "2013-09-30": "$846", "2013-06-30": "$817", "2013-03-31": "$726", "2012-12-31": "$812", "2012-09-30": "$703", "2012-06-30": "$728", "2012-03-31": "$650", "2011-12-31": "$712", "2011-09-30": "$573", "2011-06-30": "$669", "2011-03-31": "$623", "2010-12-31": "$666", "2010-09-30": "$648", "2010-06-30": "$761", "2010-03-31": "$639", "2009-12-31": "$688", "2009-09-30": "$620", "2009-06-30": "$554", "2009-03-31": "$524", "2008-12-31": "$473", "2008-09-30": "$685", "2008-06-30": "$752", "2008-03-31": "$614", "2007-12-31": "$838", "2007-09-30": "$692", "2007-06-30": "$733", "2007-03-31": "$628", "2006-12-31": "$699", "2006-09-30": "$704", "2006-06-30": "$700", "2006-03-31": "$557", "2005-12-31": "$637", "2005-09-30": "$553", "2005-06-30": "$520", "2005-03-31": "$484"}}, "operating-income": {"Whirlpool Annual Operating Income (Millions of US $)": {"2020": "$1,623", "2019": "$1,571", "2018": "$279", "2017": "$1,136", "2016": "$1,368", "2015": "$1,242", "2014": "$1,188", "2013": "$1,249", "2012": "$869", "2011": "$792", "2010": "$1,008", "2009": "$688", "2008": "$549", "2007": "$1,063", "2006": "$823", "2005": "$792"}, "Whirlpool Quarterly Operating Income (Millions of US $)": {"2020-12-31": "$716", "2020-09-30": "$570", "2020-06-30": "$77", "2020-03-31": "$260", "2019-12-31": "$424", "2019-09-30": "$693", "2019-06-30": "$191", "2019-03-31": "$263", "2018-12-31": "$309", "2018-09-30": "$299", "2018-06-30": "$-472", "2018-03-31": "$143", "2017-12-31": "$267", "2017-09-30": "$331", "2017-06-30": "$274", "2017-03-31": "$264", "2016-12-31": "$341", "2016-09-30": "$374", "2016-06-30": "$368", "2016-03-31": "$285", "2015-12-31": "$337", "2015-09-30": "$329", "2015-06-30": "$273", "2015-03-31": "$303", "2014-12-31": "$281", "2014-09-30": "$335", "2014-06-30": "$291", "2014-03-31": "$281", "2013-12-31": "$354", "2013-09-30": "$313", "2013-06-30": "$328", "2013-03-31": "$254", "2012-12-31": "$258", "2012-09-30": "$213", "2012-06-30": "$194", "2012-03-31": "$204", "2011-12-31": "$205", "2011-09-30": "$136", "2011-06-30": "$223", "2011-03-31": "$228", "2010-12-31": "$202", "2010-09-30": "$234", "2010-06-30": "$331", "2010-03-31": "$241", "2009-12-31": "$199", "2009-09-30": "$189", "2009-06-30": "$134", "2009-03-31": "$166", "2008-12-31": "$10", "2008-09-30": "$177", "2008-06-30": "$203", "2008-03-31": "$159", "2007-12-31": "$332", "2007-09-30": "$258", "2007-06-30": "$247", "2007-03-31": "$226", "2006-12-31": "$192", "2006-09-30": "$225", "2006-06-30": "$205", "2006-03-31": "$201", "2005-12-31": "$219", "2005-09-30": "$202", "2005-06-30": "$191", "2005-03-31": "$180"}}, "ebitda": {"Whirlpool Annual EBITDA (Millions of US $)": {"2019": "$2,158", "2018": "$1,671", "2017": "$1,790", "2016": "$2,023", "2015": "$1,910", "2014": "$1,748", "2013": "$1,789", "2012": "$1,420", "2011": "$1,350", "2010": "$1,563", "2009": "$1,213", "2008": "$1,146", "2007": "$1,656", "2006": "$1,373", "2005": "$1,234"}, "Whirlpool Quarterly EBITDA (Millions of US $)": {"2020-09-30": "$716", "2020-06-30": "$210", "2020-03-31": "$395", "2019-12-31": "$568", "2019-09-30": "$834", "2019-06-30": "$351", "2019-03-31": "$405", "2018-12-31": "$463", "2018-09-30": "$451", "2018-06-30": "$437", "2018-03-31": "$320", "2017-12-31": "$434", "2017-09-30": "$499", "2017-06-30": "$430", "2017-03-31": "$427", "2016-12-31": "$500", "2016-09-30": "$538", "2016-06-30": "$532", "2016-03-31": "$453", "2015-12-31": "$509", "2015-09-30": "$494", "2015-06-30": "$443", "2015-03-31": "$464", "2014-12-31": "$444", "2014-09-30": "$471", "2014-06-30": "$425", "2014-03-31": "$408", "2013-12-31": "$497", "2013-09-30": "$455", "2013-06-30": "$454", "2013-03-31": "$383", "2012-12-31": "$384", "2012-09-30": "$341", "2012-06-30": "$340", "2012-03-31": "$355", "2011-12-31": "$341", "2011-09-30": "$272", "2011-06-30": "$368", "2011-03-31": "$369", "2010-12-31": "$343", "2010-09-30": "$375", "2010-06-30": "$470", "2010-03-31": "$375", "2009-12-31": "$336", "2009-09-30": "$319", "2009-06-30": "$277", "2009-03-31": "$281", "2008-12-31": "$140", "2008-09-30": "$334", "2008-06-30": "$360", "2008-03-31": "$312", "2007-12-31": "$490", "2007-09-30": "$401", "2007-06-30": "$396", "2007-03-31": "$369", "2006-12-31": "$353", "2006-09-30": "$377", "2006-06-30": "$346", "2006-03-31": "$297", "2005-12-31": "$327", "2005-09-30": "$312", "2005-06-30": "$301", "2005-03-31": "$294"}}, "net-income": {"Whirlpool Annual Net Income (Millions of US $)": {"2020": "$1,081", "2019": "$1,184", "2018": "$-183", "2017": "$350", "2016": "$888", "2015": "$783", "2014": "$650", "2013": "$827", "2012": "$401", "2011": "$390", "2010": "$619", "2009": "$328", "2008": "$418", "2007": "$640", "2006": "$433", "2005": "$422"}, "Whirlpool Quarterly Net Income (Millions of US $)": {"2020-12-31": "$497", "2020-09-30": "$397", "2020-06-30": "$35", "2020-03-31": "$152", "2019-12-31": "$288", "2019-09-30": "$358", "2019-06-30": "$67", "2019-03-31": "$471", "2018-12-31": "$170", "2018-09-30": "$210", "2018-06-30": "$-657", "2018-03-31": "$94", "2017-12-31": "$-268", "2017-09-30": "$276", "2017-06-30": "$189", "2017-03-31": "$153", "2016-12-31": "$180", "2016-09-30": "$238", "2016-06-30": "$320", "2016-03-31": "$150", "2015-12-31": "$180", "2015-09-30": "$235", "2015-06-30": "$177", "2015-03-31": "$191", "2014-12-31": "$81", "2014-09-30": "$230", "2014-06-30": "$179", "2014-03-31": "$160", "2013-12-31": "$181", "2013-09-30": "$196", "2013-06-30": "$198", "2013-03-31": "$252", "2012-12-31": "$122", "2012-09-30": "$74", "2012-06-30": "$113", "2012-03-31": "$92", "2011-12-31": "$205", "2011-09-30": "$177", "2011-06-30": "$-161", "2011-03-31": "$169", "2010-12-31": "$171", "2010-09-30": "$79", "2010-06-30": "$205", "2010-03-31": "$164", "2009-12-31": "$95", "2009-09-30": "$87", "2009-06-30": "$78", "2009-03-31": "$68", "2008-12-31": "$44", "2008-09-30": "$163", "2008-06-30": "$117", "2008-03-31": "$94", "2007-12-31": "$187", "2007-09-30": "$175", "2007-06-30": "$161", "2007-03-31": "$117", "2006-12-31": "$107", "2006-09-30": "$117", "2006-06-30": "$91", "2006-03-31": "$118", "2005-12-31": "$126", "2005-09-30": "$114", "2005-06-30": "$96", "2005-03-31": "$86"}}, "eps-earnings-per-share-diluted": {"Whirlpool Annual EPS": {"2020": "$17.07", "2019": "$18.45", "2018": "$-2.72", "2017": "$4.70", "2016": "$11.50", "2015": "$9.83", "2014": "$8.17", "2013": "$10.24", "2012": "$5.06", "2011": "$4.99", "2010": "$7.97", "2009": "$4.34", "2008": "$5.50", "2007": "$8.01", "2006": "$5.67", "2005": "$6.19"}, "Whirlpool Quarterly EPS": {"2020-12-31": "$7.77", "2020-09-30": "$6.27", "2020-06-30": "$0.55", "2020-03-31": "$2.41", "2019-12-31": "$4.53", "2019-09-30": "$5.57", "2019-06-30": "$1.04", "2019-03-31": "$7.31", "2018-12-31": "$2.26", "2018-09-30": "$3.22", "2018-06-30": "$-9.50", "2018-03-31": "$1.30", "2017-12-31": "$-3.55", "2017-09-30": "$3.72", "2017-06-30": "$2.52", "2017-03-31": "$2.01", "2016-12-31": "$2.33", "2016-09-30": "$3.10", "2016-06-30": "$4.15", "2016-03-31": "$1.92", "2015-12-31": "$2.29", "2015-09-30": "$2.95", "2015-06-30": "$2.21", "2015-03-31": "$2.38", "2014-12-31": "$1.02", "2014-09-30": "$2.88", "2014-06-30": "$2.25", "2014-03-31": "$2.02", "2013-12-31": "$2.26", "2013-09-30": "$2.42", "2013-06-30": "$2.44", "2013-03-31": "$3.12", "2012-12-31": "$1.52", "2012-09-30": "$0.94", "2012-06-30": "$1.43", "2012-03-31": "$1.17", "2011-12-31": "$2.65", "2011-09-30": "$2.27", "2011-06-30": "$-2.10", "2011-03-31": "$2.17", "2010-12-31": "$2.18", "2010-09-30": "$1.02", "2010-06-30": "$2.64", "2010-03-31": "$2.13", "2009-12-31": "$1.24", "2009-09-30": "$1.15", "2009-06-30": "$1.04", "2009-03-31": "$0.91", "2008-12-31": "$0.60", "2008-09-30": "$2.15", "2008-06-30": "$1.53", "2008-03-31": "$1.22", "2007-12-31": "$2.35", "2007-09-30": "$2.20", "2007-06-30": "$2.00", "2007-03-31": "$1.46", "2006-12-31": "$1.36", "2006-09-30": "$1.47", "2006-06-30": "$1.14", "2006-03-31": "$1.70", "2005-12-31": "$1.85", "2005-09-30": "$1.66", "2005-06-30": "$1.42", "2005-03-31": "$1.26"}}, "shares-outstanding": {"Whirlpool Annual Shares Outstanding (Millions of Shares)": {"2020": "63", "2019": "64", "2018": "67", "2017": "74", "2016": "77", "2015": "80", "2014": "80", "2013": "81", "2012": "79", "2011": "78", "2010": "78", "2009": "76", "2008": "76", "2007": "80", "2006": "77", "2005": "68"}, "Whirlpool Quarterly Shares Outstanding (Millions of Shares)": {"2020-12-31": "64", "2020-09-30": "63", "2020-06-30": "63", "2020-03-31": "63", "2019-12-31": "64", "2019-09-30": "64", "2019-06-30": "64", "2019-03-31": "65", "2018-12-31": "67", "2018-09-30": "65", "2018-06-30": "69", "2018-03-31": "72", "2017-12-31": "74", "2017-09-30": "74", "2017-06-30": "75", "2017-03-31": "76", "2016-12-31": "77", "2016-09-30": "77", "2016-06-30": "77", "2016-03-31": "78", "2015-12-31": "80", "2015-09-30": "80", "2015-06-30": "80", "2015-03-31": "80", "2014-12-31": "80", "2014-09-30": "80", "2014-06-30": "80", "2014-03-31": "79", "2013-12-31": "81", "2013-09-30": "81", "2013-06-30": "81", "2013-03-31": "81", "2012-12-31": "79", "2012-09-30": "79", "2012-06-30": "79", "2012-03-31": "79", "2011-12-31": "78", "2011-09-30": "78", "2011-06-30": "77", "2011-03-31": "78", "2010-12-31": "78", "2010-09-30": "78", "2010-06-30": "78", "2010-03-31": "77", "2009-12-31": "76", "2009-09-30": "76", "2009-06-30": "75", "2009-03-31": "75", "2008-12-31": "76", "2008-09-30": "76", "2008-06-30": "76", "2008-03-31": "77", "2007-12-31": "80", "2007-09-30": "80", "2007-06-30": "81", "2007-03-31": "80", "2006-12-31": "77", "2006-09-30": "80", "2006-06-30": "79", "2006-03-31": "70", "2005-12-31": "68", "2005-09-30": "68", "2005-06-30": "68", "2005-03-31": "68"}}, "total-assets": {"Whirlpool Annual Total Assets (Millions of US $)": {"2019": "$18,881", "2018": "$18,347", "2017": "$20,038", "2016": "$19,153", "2015": "$19,010", "2014": "$20,002", "2013": "$15,544", "2012": "$15,396", "2011": "$15,181", "2010": "$15,584", "2009": "$15,094", "2008": "$13,532", "2007": "$14,009", "2006": "$13,759", "2005": "$8,301"}, "Whirlpool Quarterly Total Assets (Millions of US $)": {"2020-09-30": "$20,359", "2020-06-30": "$18,676", "2020-03-31": "$19,395", "2019-12-31": "$18,881", "2019-09-30": "$18,406", "2019-06-30": "$19,855", "2019-03-31": "$19,686", "2018-12-31": "$18,347", "2018-09-30": "$19,093", "2018-06-30": "$19,070", "2018-03-31": "$20,339", "2017-12-31": "$20,038", "2017-09-30": "$20,838", "2017-06-30": "$20,206", "2017-03-31": "$19,480", "2016-12-31": "$19,153", "2016-09-30": "$20,190", "2016-06-30": "$19,968", "2016-03-31": "$19,672", "2015-12-31": "$19,010", "2015-09-30": "$19,623", "2015-06-30": "$19,513", "2015-03-31": "$19,208", "2014-12-31": "$20,002", "2014-09-30": "$15,708", "2014-06-30": "$15,608", "2014-03-31": "$16,040", "2013-12-31": "$15,544", "2013-09-30": "$15,660", "2013-06-30": "$15,274", "2013-03-31": "$15,331", "2012-12-31": "$15,396", "2012-09-30": "$14,972", "2012-06-30": "$14,607", "2012-03-31": "$15,015", "2011-12-31": "$15,181", "2011-09-30": "$15,003", "2011-06-30": "$15,914", "2011-03-31": "$15,609", "2010-12-31": "$15,584", "2010-09-30": "$15,599", "2010-06-30": "$14,732", "2010-03-31": "$15,078", "2009-12-31": "$15,094", "2009-09-30": "$14,857", "2009-06-30": "$13,739", "2009-03-31": "$13,202", "2008-12-31": "$13,532", "2008-09-30": "$14,470", "2008-06-30": "$14,839", "2008-03-31": "$14,503", "2007-12-31": "$14,009", "2007-09-30": "$14,478", "2007-06-30": "$14,289", "2007-03-31": "$13,870", "2006-12-31": "$13,759", "2006-09-30": "$13,946", "2006-06-30": "$14,178", "2006-03-31": "$13,734", "2005-12-31": "$8,301", "2005-09-30": "$8,269", "2005-06-30": "$8,198", "2005-03-31": "$8,183"}}, "cash-on-hand": {"Whirlpool Annual Cash on Hand (Millions of US $)": {"2019": "$1,952", "2018": "$1,498", "2017": "$1,196", "2016": "$1,085", "2015": "$772", "2014": "$1,026", "2013": "$1,380", "2012": "$1,168", "2011": "$1,109", "2010": "$1,368", "2009": "$1,380", "2008": "$146", "2007": "$201", "2006": "$262", "2005": "$524"}, "Whirlpool Quarterly Cash on Hand (Millions of US $)": {"2020-09-30": "$3,528", "2020-06-30": "$2,546", "2020-03-31": "$2,837", "2019-12-31": "$1,952", "2019-09-30": "$993", "2019-06-30": "$1,178", "2019-03-31": "$1,163", "2018-12-31": "$1,498", "2018-09-30": "$1,032", "2018-06-30": "$1,057", "2018-03-31": "$1,041", "2017-12-31": "$1,196", "2017-09-30": "$1,087", "2017-06-30": "$1,041", "2017-03-31": "$951", "2016-12-31": "$1,085", "2016-09-30": "$1,025", "2016-06-30": "$959", "2016-03-31": "$699", "2015-12-31": "$772", "2015-09-30": "$698", "2015-06-30": "$691", "2015-03-31": "$704", "2014-12-31": "$1,026", "2014-09-30": "$987", "2014-06-30": "$945", "2014-03-31": "$1,672", "2013-12-31": "$1,380", "2013-09-30": "$826", "2013-06-30": "$670", "2013-03-31": "$750", "2012-12-31": "$1,168", "2012-09-30": "$518", "2012-06-30": "$426", "2012-03-31": "$583", "2011-12-31": "$1,109", "2011-09-30": "$511", "2011-06-30": "$845", "2011-03-31": "$1,026", "2010-12-31": "$1,368", "2010-09-30": "$901", "2010-06-30": "$850", "2010-03-31": "$1,191", "2009-12-31": "$1,380", "2009-09-30": "$725", "2009-06-30": "$247", "2009-03-31": "$193", "2008-12-31": "$146", "2008-09-30": "$425", "2008-06-30": "$461", "2008-03-31": "$321", "2007-12-31": "$201", "2007-09-30": "$258", "2007-06-30": "$343", "2007-03-31": "$241", "2006-12-31": "$262", "2006-09-30": "$109", "2006-06-30": "$301", "2006-03-31": "$244", "2005-12-31": "$524", "2005-09-30": "$228", "2005-06-30": "$188", "2005-03-31": "$184"}}, "long-term-debt": {"Whirlpool Annual Long Term Debt (Millions of US $)": {"2019": "$4,140", "2018": "$4,046", "2017": "$4,392", "2016": "$3,876", "2015": "$3,470", "2014": "$3,544", "2013": "$1,846", "2012": "$1,944", "2011": "$2,129", "2010": "$2,195", "2009": "$2,502", "2008": "$2,002", "2007": "$1,668", "2006": "$1,798", "2005": "$745"}, "Whirlpool Quarterly Long Term Debt (Millions of US $)": {"2020-09-30": "$4,965", "2020-06-30": "$4,886", "2020-03-31": "$4,662", "2019-12-31": "$4,140", "2019-09-30": "$4,105", "2019-06-30": "$4,155", "2019-03-31": "$4,137", "2018-12-31": "$4,046", "2018-09-30": "$4,768", "2018-06-30": "$4,781", "2018-03-31": "$4,190", "2017-12-31": "$4,392", "2017-09-30": "$3,669", "2017-06-30": "$3,631", "2017-03-31": "$3,890", "2016-12-31": "$3,876", "2016-09-30": "$3,718", "2016-06-30": "$3,712", "2016-03-31": "$3,251", "2015-12-31": "$3,470", "2015-09-30": "$3,502", "2015-06-30": "$3,750", "2015-03-31": "$3,977", "2014-12-31": "$3,544", "2014-09-30": "$2,450", "2014-06-30": "$2,461", "2014-03-31": "$2,662", "2013-12-31": "$1,846", "2013-09-30": "$1,834", "2013-06-30": "$1,936", "2013-03-31": "$2,441", "2012-12-31": "$1,944", "2012-09-30": "$1,920", "2012-06-30": "$1,922", "2012-03-31": "$1,628", "2011-12-31": "$2,129", "2011-09-30": "$2,133", "2011-06-30": "$2,143", "2011-03-31": "$2,193", "2010-12-31": "$2,195", "2010-09-30": "$2,197", "2010-06-30": "$2,195", "2010-03-31": "$2,498", "2009-12-31": "$2,502", "2009-09-30": "$2,503", "2009-06-30": "$2,487", "2009-03-31": "$1,956", "2008-12-31": "$2,002", "2008-09-30": "$1,964", "2008-06-30": "$1,967", "2008-03-31": "$2,166", "2007-12-31": "$1,668", "2007-09-30": "$1,668", "2007-06-30": "$1,677", "2007-03-31": "$1,674", "2006-12-31": "$1,798", "2006-09-30": "$1,799", "2006-06-30": "$1,802", "2006-03-31": "$1,308", "2005-12-31": "$745", "2005-09-30": "$746", "2005-06-30": "$1,113", "2005-03-31": "$1,135"}}, "total-liabilities": {"Whirlpool Annual Total Liabilities (Millions of US $)": {"2019": "$14,763", "2018": "$15,142", "2017": "$14,910", "2016": "$13,425", "2015": "$13,336", "2014": "$14,206", "2013": "$10,510", "2012": "$11,029", "2011": "$10,901", "2010": "$11,264", "2009": "$11,334", "2008": "$10,459", "2007": "$10,098", "2006": "$10,476", "2005": "$6,556"}, "Whirlpool Quarterly Total Liabilities (Millions of US $)": {"2020-09-30": "$16,081", "2020-06-30": "$14,751", "2020-03-31": "$15,415", "2019-12-31": "$14,763", "2019-09-30": "$14,457", "2019-06-30": "$16,188", "2019-03-31": "$15,967", "2018-12-31": "$15,142", "2018-09-30": "$15,785", "2018-06-30": "$15,726", "2018-03-31": "$15,119", "2017-12-31": "$14,910", "2017-09-30": "$15,151", "2017-06-30": "$14,526", "2017-03-31": "$13,705", "2016-12-31": "$13,425", "2016-09-30": "$14,223", "2016-06-30": "$14,135", "2016-03-31": "$13,976", "2015-12-31": "$13,336", "2015-09-30": "$13,834", "2015-06-30": "$13,665", "2015-03-31": "$13,464", "2014-12-31": "$14,206", "2014-09-30": "$10,397", "2014-06-30": "$10,257", "2014-03-31": "$10,827", "2013-12-31": "$10,510", "2013-09-30": "$10,874", "2013-06-30": "$10,616", "2013-03-31": "$10,745", "2012-12-31": "$11,029", "2012-09-30": "$10,531", "2012-06-30": "$10,289", "2012-03-31": "$10,557", "2011-12-31": "$10,901", "2011-09-30": "$10,666", "2011-06-30": "$11,415", "2011-03-31": "$11,037", "2010-12-31": "$11,264", "2010-09-30": "$11,470", "2010-06-30": "$10,941", "2010-03-31": "$11,287", "2009-12-31": "$11,334", "2009-09-30": "$11,165", "2009-06-30": "$10,274", "2009-03-31": "$10,141", "2008-12-31": "$10,459", "2008-09-30": "$10,498", "2008-06-30": "$10,626", "2008-03-31": "$10,432", "2007-12-31": "$10,098", "2007-09-30": "$10,708", "2007-06-30": "$10,722", "2007-03-31": "$10,425", "2006-12-31": "$10,476", "2006-09-30": "$10,838", "2006-06-30": "$11,183", "2006-03-31": "$10,875", "2005-12-31": "$6,556", "2005-09-30": "$6,376", "2005-06-30": "$6,479", "2005-03-31": "$6,555"}}, "total-share-holder-equity": {"Whirlpool Annual Share Holder Equity (Millions of US $)": {"2019": "$4,118", "2018": "$3,205", "2017": "$5,128", "2016": "$5,728", "2015": "$5,674", "2014": "$5,796", "2013": "$5,034", "2012": "$4,367", "2011": "$4,280", "2010": "$4,320", "2009": "$3,760", "2008": "$3,073", "2007": "$3,911", "2006": "$3,283", "2005": "$1,745"}, "Whirlpool Quarterly Share Holder Equity (Millions of US $)": {"2020-09-30": "$4,278", "2020-06-30": "$3,925", "2020-03-31": "$3,980", "2019-12-31": "$4,118", "2019-09-30": "$3,949", "2019-06-30": "$3,667", "2019-03-31": "$3,719", "2018-12-31": "$3,205", "2018-09-30": "$3,308", "2018-06-30": "$3,344", "2018-03-31": "$5,220", "2017-12-31": "$5,128", "2017-09-30": "$5,687", "2017-06-30": "$5,680", "2017-03-31": "$5,775", "2016-12-31": "$5,728", "2016-09-30": "$5,967", "2016-06-30": "$5,833", "2016-03-31": "$5,696", "2015-12-31": "$5,674", "2015-09-30": "$5,789", "2015-06-30": "$5,848", "2015-03-31": "$5,744", "2014-12-31": "$5,796", "2014-09-30": "$5,311", "2014-06-30": "$5,351", "2014-03-31": "$5,213", "2013-12-31": "$5,034", "2013-09-30": "$4,786", "2013-06-30": "$4,658", "2013-03-31": "$4,586", "2012-12-31": "$4,367", "2012-09-30": "$4,441", "2012-06-30": "$4,318", "2012-03-31": "$4,458", "2011-12-31": "$4,280", "2011-09-30": "$4,337", "2011-06-30": "$4,499", "2011-03-31": "$4,572", "2010-12-31": "$4,320", "2010-09-30": "$4,129", "2010-06-30": "$3,791", "2010-03-31": "$3,791", "2009-12-31": "$3,760", "2009-09-30": "$3,692", "2009-06-30": "$3,465", "2009-03-31": "$3,061", "2008-12-31": "$3,073", "2008-09-30": "$3,972", "2008-06-30": "$4,213", "2008-03-31": "$4,071", "2007-12-31": "$3,911", "2007-09-30": "$3,770", "2007-06-30": "$3,567", "2007-03-31": "$3,445", "2006-12-31": "$3,283", "2006-09-30": "$3,108", "2006-06-30": "$2,995", "2006-03-31": "$2,859", "2005-12-31": "$1,745", "2005-09-30": "$1,893", "2005-06-30": "$1,719", "2005-03-31": "$1,628"}}, "profit-margins": {"current": "5.56%"}, "gross margin": {"2020-12-31": "19.79%", "2020-09-30": "18.56%", "2020-06-30": "16.56%", "2020-03-31": "17.12%", "2019-12-31": "17.30%", "2019-09-30": "16.60%", "2019-06-30": "17.15%", "2019-03-31": "16.93%", "2018-12-31": "16.81%", "2018-09-30": "16.95%", "2018-06-30": "16.97%", "2018-03-31": "16.78%", "2017-12-31": "16.95%", "2017-09-30": "16.87%", "2017-06-30": "17.12%", "2017-03-31": "17.69%", "2016-12-31": "17.82%", "2016-09-30": "17.96%", "2016-06-30": "17.89%", "2016-03-31": "17.57%", "2015-12-31": "17.52%", "2015-09-30": "17.41%", "2015-06-30": "17.29%", "2015-03-31": "17.16%", "2014-12-31": "17.08%", "2014-09-30": "17.29%", "2014-06-30": "17.52%", "2014-03-31": "17.62%", "2013-12-31": "17.57%", "2013-09-30": "17.33%", "2013-06-30": "16.73%", "2013-03-31": "16.46%", "2012-12-31": "15.95%", "2012-09-30": "15.29%", "2012-06-30": "14.48%", "2012-03-31": "13.99%", "2011-12-31": "13.81%", "2011-09-30": "13.46%", "2011-06-30": "13.94%", "2011-03-31": "14.59%", "2010-12-31": "14.78%", "2010-09-30": "15.04%", "2010-06-30": "14.91%", "2010-03-31": "14.05%", "2009-12-31": "13.95%", "2009-09-30": "13.12%", "2009-06-30": "13.19%", "2009-03-31": "13.63%", "2008-12-31": "13.35%", "2008-09-30": "14.51%", "2008-06-30": "14.59%", "2008-03-31": "14.65%", "2007-12-31": "14.90%", "2007-09-30": "14.45%", "2007-06-30": "14.51%", "2007-03-31": "14.42%", "2006-12-31": "14.71%", "2006-09-30": "15.22%", "2006-06-30": "15.46%", "2006-03-31": "15.48%", "2005-12-31": "15.32%"}, "operating margin": {"2020-12-31": "8.34%", "2020-09-30": "6.99%", "2020-06-30": "7.72%", "2020-03-31": "7.85%", "2019-12-31": "7.69%", "2019-09-30": "7.03%", "2019-06-30": "5.07%", "2019-03-31": "1.91%", "2018-12-31": "1.33%", "2018-09-30": "1.12%", "2018-06-30": "1.27%", "2018-03-31": "4.75%", "2017-12-31": "5.35%", "2017-09-30": "5.71%", "2017-06-30": "5.96%", "2017-03-31": "6.45%", "2016-12-31": "6.60%", "2016-09-30": "6.61%", "2016-06-30": "6.39%", "2016-03-31": "5.92%", "2015-12-31": "5.95%", "2015-09-30": "5.56%", "2015-06-30": "5.71%", "2015-03-31": "5.94%", "2014-12-31": "5.98%", "2014-09-30": "6.65%", "2014-06-30": "6.58%", "2014-03-31": "6.76%", "2013-12-31": "6.65%", "2013-09-30": "6.24%", "2013-06-30": "5.76%", "2013-03-31": "5.09%", "2012-12-31": "4.79%", "2012-09-30": "4.47%", "2012-06-30": "4.02%", "2012-03-31": "4.13%", "2011-12-31": "4.24%", "2011-09-30": "4.20%", "2011-06-30": "4.75%", "2011-03-31": "5.38%", "2010-12-31": "5.49%", "2010-09-30": "5.53%", "2010-06-30": "5.28%", "2010-03-31": "4.29%", "2009-12-31": "4.02%", "2009-09-30": "3.02%", "2009-06-30": "2.87%", "2009-03-31": "3.11%", "2008-12-31": "2.90%", "2008-09-30": "4.37%", "2008-06-30": "4.79%", "2008-03-31": "5.07%", "2007-12-31": "5.48%", "2007-09-30": "4.85%", "2007-06-30": "4.67%", "2007-03-31": "4.48%", "2006-12-31": "4.55%", "2006-09-30": "4.98%", "2006-06-30": "5.23%", "2006-03-31": "5.55%", "2005-12-31": "5.53%"}, "ebitda margin": {"2020-09-30": "9.92%", "2020-06-30": "10.65%", "2020-03-31": "10.75%", "2019-12-31": "10.57%", "2019-09-30": "9.92%", "2019-06-30": "7.98%", "2019-03-31": "8.41%", "2018-12-31": "7.94%", "2018-09-30": "7.79%", "2018-06-30": "7.98%", "2018-03-31": "7.87%", "2017-12-31": "8.42%", "2017-09-30": "8.75%", "2017-06-30": "9.01%", "2017-03-31": "9.56%", "2016-12-31": "9.76%", "2016-09-30": "9.85%", "2016-06-30": "9.63%", "2016-03-31": "9.19%", "2015-12-31": "9.14%", "2015-09-30": "8.65%", "2015-06-30": "8.73%", "2015-03-31": "8.86%", "2014-12-31": "8.80%", "2014-09-30": "9.50%", "2014-06-30": "9.49%", "2014-03-31": "9.61%", "2013-12-31": "9.53%", "2013-09-30": "9.07%", "2013-06-30": "8.54%", "2013-03-31": "8.03%", "2012-12-31": "7.83%", "2012-09-30": "7.54%", "2012-06-30": "7.11%", "2012-03-31": "7.18%", "2011-12-31": "7.23%", "2011-09-30": "7.19%", "2011-06-30": "7.78%", "2011-03-31": "8.42%", "2010-12-31": "8.51%", "2010-09-30": "8.55%", "2010-06-30": "8.26%", "2010-03-31": "7.34%", "2009-12-31": "7.09%", "2009-09-30": "6.15%", "2009-06-30": "6.09%", "2009-03-31": "6.24%", "2008-12-31": "6.06%", "2008-09-30": "7.51%", "2008-06-30": "7.87%", "2008-03-31": "8.14%", "2007-12-31": "8.53%", "2007-09-30": "7.97%", "2007-06-30": "7.85%", "2007-03-31": "7.63%", "2006-12-31": "7.59%", "2006-09-30": "7.89%", "2006-06-30": "8.10%", "2006-03-31": "8.45%", "2005-12-31": "8.62%"}, "pre tax profit margin": {"2020-12-31": "7.48%", "2020-09-30": "5.96%", "2020-06-30": "6.74%", "2020-03-31": "7.15%", "2019-12-31": "7.60%", "2019-09-30": "7.14%", "2019-06-30": "4.89%", "2019-03-31": "1.02%", "2018-12-31": "-0.10%", "2018-09-30": "-0.32%", "2018-06-30": "-0.11%", "2018-03-31": "3.73%", "2017-12-31": "4.17%", "2017-09-30": "4.65%", "2017-06-30": "4.86%", "2017-03-31": "5.25%", "2016-12-31": "5.38%", "2016-09-30": "5.28%", "2016-06-30": "5.08%", "2016-03-31": "5.03%", "2015-12-31": "4.94%", "2015-09-30": "4.31%", "2015-06-30": "4.38%", "2015-03-31": "4.29%", "2014-12-31": "4.43%", "2014-09-30": "4.95%", "2014-06-30": "4.95%", "2014-03-31": "4.98%", "2013-12-31": "4.89%", "2013-09-30": "4.67%", "2013-06-30": "4.03%", "2013-03-31": "3.41%", "2012-12-31": "3.08%", "2012-09-30": "2.81%", "2012-06-30": "2.42%", "2012-03-31": "-0.26%", "2011-12-31": "-0.15%", "2011-09-30": "-0.14%", "2011-06-30": "-0.04%", "2011-03-31": "3.08%", "2010-12-31": "3.19%", "2010-09-30": "3.00%", "2010-06-30": "3.03%", "2010-03-31": "2.29%", "2009-12-31": "1.71%", "2009-09-30": "0.56%", "2009-06-30": "0.79%", "2009-03-31": "1.12%", "2008-12-31": "1.30%", "2008-09-30": "2.97%", "2008-06-30": "3.35%", "2008-03-31": "3.75%", "2007-12-31": "4.14%", "2007-09-30": "3.69%", "2007-06-30": "3.61%", "2007-03-31": "3.30%", "2006-12-31": "3.42%", "2006-09-30": "3.73%", "2006-06-30": "3.96%", "2006-03-31": "4.29%", "2005-12-31": "4.17%"}, "net profit margin": {"2020-12-31": "5.56%", "2020-09-30": "4.58%", "2020-06-30": "4.42%", "2020-03-31": "4.33%", "2019-12-31": "5.80%", "2019-09-30": "5.15%", "2019-06-30": "4.39%", "2019-03-31": "0.93%", "2018-12-31": "-0.87%", "2018-09-30": "-2.95%", "2018-06-30": "-2.62%", "2018-03-31": "1.36%", "2017-12-31": "1.65%", "2017-09-30": "3.76%", "2017-06-30": "3.61%", "2017-03-31": "4.27%", "2016-12-31": "4.29%", "2016-09-30": "4.31%", "2016-06-30": "4.29%", "2016-03-31": "3.59%", "2015-12-31": "3.75%", "2015-09-30": "3.21%", "2015-06-30": "3.25%", "2015-03-31": "3.35%", "2014-12-31": "3.27%", "2014-09-30": "3.96%", "2014-06-30": "3.80%", "2014-03-31": "3.89%", "2013-12-31": "4.41%", "2013-09-30": "4.16%", "2013-06-30": "3.53%", "2013-03-31": "3.11%", "2012-12-31": "2.21%", "2012-09-30": "2.65%", "2012-06-30": "3.19%", "2012-03-31": "1.68%", "2011-12-31": "2.09%", "2011-09-30": "1.89%", "2011-06-30": "1.38%", "2011-03-31": "3.37%", "2010-12-31": "3.37%", "2010-09-30": "2.99%", "2010-06-30": "3.03%", "2010-03-31": "2.38%", "2009-12-31": "1.92%", "2009-09-30": "1.67%", "2009-06-30": "2.08%", "2009-03-31": "2.19%", "2008-12-31": "2.21%", "2008-09-30": "2.82%", "2008-06-30": "2.89%", "2008-03-31": "3.14%", "2007-12-31": "3.30%", "2007-09-30": "2.94%", "2007-06-30": "2.63%", "2007-03-31": "2.28%", "2006-12-31": "2.39%", "2006-09-30": "2.65%", "2006-06-30": "2.84%", "2006-03-31": "3.10%", "2005-12-31": "2.95%"}, "pe ratio": {"current": "10.76", "2021-02-11": "21.30", "2020-12-31": "19.55", "2020-09-30": "13.29", "2020-06-30": "9.80", "2020-03-31": "6.18", "2019-12-31": "7.74", "2019-09-30": "9.18", "2019-06-30": "9.53", "2019-03-31": "34.13", "2018-12-31": "0.00", "2018-09-30": "0.00", "2018-06-30": "0.00", "2018-03-31": "36.22", "2017-12-31": "33.45", "2017-09-30": "15.62", "2017-06-30": "17.12", "2017-03-31": "13.08", "2016-12-31": "13.91", "2016-09-30": "12.42", "2016-06-30": "12.86", "2016-03-31": "16.70", "2015-12-31": "12.89", "2015-09-30": "14.74", "2015-06-30": "17.37", "2015-03-31": "20.09", "2014-12-31": "20.05", "2014-09-30": "13.03", "2014-06-30": "13.03", "2014-03-31": "13.63", "2013-12-31": "12.71", "2013-09-30": "12.73", "2013-06-30": "11.72", "2013-03-31": "13.83", "2012-12-31": "16.38", "2012-09-30": "10.91", "2012-06-30": "6.57", "2012-03-31": "15.50", "2011-12-31": "7.59", "2011-09-30": "8.66", "2011-06-30": "19.31", "2011-03-31": "8.24", "2010-12-31": "8.57", "2010-09-30": "8.82", "2010-06-30": "9.34", "2010-03-31": "11.90", "2009-12-31": "14.02", "2009-09-30": "14.18", "2009-06-30": "6.74", "2009-03-31": "4.20", "2008-12-31": "5.44", "2008-09-30": "7.80", "2008-06-30": "6.00", "2008-03-31": "7.87", "2007-12-31": "7.15", "2007-09-30": "8.88", "2007-06-30": "12.31", "2007-03-31": "10.82", "2006-12-31": "10.09"}, "price sales": {"2021-02-11": "0.64", "2020-12-31": "0.59", "2020-09-30": "0.61", "2020-06-30": "0.43", "2020-03-31": "0.27", "2019-12-31": "0.45", "2019-09-30": "0.48", "2019-06-30": "0.42", "2019-03-31": "0.40", "2018-12-31": "0.32", "2018-09-30": "0.37", "2018-06-30": "0.46", "2018-03-31": "0.48", "2017-12-31": "0.54", "2017-09-30": "0.59", "2017-06-30": "0.62", "2017-03-31": "0.56", "2016-12-31": "0.60", "2016-09-30": "0.54", "2016-06-30": "0.55", "2016-03-31": "0.60", "2015-12-31": "0.48", "2015-09-30": "0.47", "2015-06-30": "0.56", "2015-03-31": "0.67", "2014-12-31": "0.66", "2014-09-30": "0.52", "2014-06-30": "0.50", "2014-03-31": "0.53", "2013-12-31": "0.56", "2013-09-30": "0.53", "2013-06-30": "0.41", "2013-03-31": "0.43", "2012-12-31": "0.36", "2012-09-30": "0.29", "2012-06-30": "0.21", "2012-03-31": "0.26", "2011-12-31": "0.16", "2011-09-30": "0.16", "2011-06-30": "0.26", "2011-03-31": "0.28", "2010-12-31": "0.29", "2010-09-30": "0.26", "2010-06-30": "0.28", "2010-03-31": "0.28", "2009-12-31": "0.27", "2009-09-30": "0.24", "2009-06-30": "0.14", "2009-03-31": "0.09", "2008-12-31": "0.12", "2008-09-30": "0.22", "2008-06-30": "0.17", "2008-03-31": "0.25", "2007-12-31": "0.24", "2007-09-30": "0.26", "2007-06-30": "0.32", "2007-03-31": "0.25", "2006-12-31": "0.24"}, "price book": {"current": "2.65", "2021-02-11": "2.85", "2020-09-30": "2.65", "2020-06-30": "2.02", "2020-03-31": "1.30", "2019-12-31": "2.18", "2019-09-30": "2.42", "2019-06-30": "2.33", "2019-03-31": "2.12", "2018-12-31": "2.00", "2018-09-30": "2.13", "2018-06-30": "2.61", "2018-03-31": "1.90", "2017-12-31": "2.11", "2017-09-30": "2.10", "2017-06-30": "2.20", "2017-03-31": "1.95", "2016-12-31": "2.07", "2016-09-30": "1.79", "2016-06-30": "1.87", "2016-03-31": "2.09", "2015-12-31": "1.72", "2015-09-30": "1.70", "2015-06-30": "1.97", "2015-03-31": "2.33", "2014-12-31": "2.20", "2014-09-30": "1.80", "2014-06-30": "1.70", "2014-03-31": "1.84", "2013-12-31": "1.99", "2013-09-30": "2.00", "2013-06-30": "1.59", "2013-03-31": "1.67", "2012-12-31": "1.50", "2012-09-30": "1.18", "2012-06-30": "0.88", "2012-03-31": "1.06", "2011-12-31": "0.67", "2011-09-30": "0.69", "2011-06-30": "1.07", "2011-03-31": "1.10", "2010-12-31": "1.20", "2010-09-30": "1.14", "2010-06-30": "1.34", "2010-03-31": "1.31", "2009-12-31": "1.21", "2009-09-30": "1.05", "2009-06-30": "0.68", "2009-03-31": "0.53", "2008-12-31": "0.71", "2008-09-30": "1.04", "2008-06-30": "0.77", "2008-03-31": "1.13", "2007-12-31": "1.12", "2007-09-30": "1.28", "2007-06-30": "1.70", "2007-03-31": "1.35", "2006-12-31": "1.36", "2006-09-30": "1.45", "2006-06-30": "1.47", "2006-03-31": "1.70"}, "price fcf": {"2021-02-11": "", "2020-09-30": "$29.53", "2020-06-30": "$30.99", "2020-03-31": "$30.58", "2019-12-31": "$29.16", "2019-09-30": "$28.47", "2019-06-30": "$7.00", "2019-03-31": "$7.45", "2018-12-31": "$11.89", "2018-09-30": "$-0.05", "2018-06-30": "$3.03", "2018-03-31": "$4.74", "2017-12-31": "$8.62", "2017-09-30": "$8.70", "2017-06-30": "$9.79", "2017-03-31": "$10.48", "2016-12-31": "$7.85", "2016-09-30": "$7.38", "2016-06-30": "$7.85", "2016-03-31": "$5.99", "2015-12-31": "$7.19", "2015-09-30": "$10.05", "2015-06-30": "$9.73", "2015-03-31": "$7.27", "2014-12-31": "$9.80", "2014-09-30": "$2.75", "2014-06-30": "$5.32", "2014-03-31": "$7.46", "2013-12-31": "$8.54", "2013-09-30": "$7.50", "2013-06-30": "$5.15", "2013-03-31": "$4.80", "2012-12-31": "$2.90", "2012-09-30": "$3.27", "2012-06-30": "$-1.40", "2012-03-31": "$-2.95", "2011-12-31": "$-0.70", "2011-09-30": "$-2.98", "2011-06-30": "$1.44", "2011-03-31": "$3.12", "2010-12-31": "$6.47", "2010-09-30": "$9.42", "2010-06-30": "$15.86", "2010-03-31": "$18.37", "2009-12-31": "$14.37", "2009-09-30": "$8.22", "2009-06-30": "$-1.57", "2009-03-31": "$-0.55", "2008-12-31": "$-1.33", "2008-09-30": "$2.94", "2008-06-30": "$6.47", "2008-03-31": "$3.91", "2007-12-31": "$6.52", "2007-09-30": "$4.55", "2007-06-30": "$4.60", "2007-03-31": "$6.23", "2006-12-31": "$5.10"}, "net worth": {"value": "$12.47B"}, "current ratio": {"2020-12-31": "1.08", "2020-09-30": "1.02", "2020-06-30": "0.98", "2020-03-31": "0.95", "2019-12-31": "0.88", "2019-09-30": "0.87", "2019-06-30": "0.84", "2019-03-31": "0.83", "2018-12-31": "0.82", "2018-09-30": "0.88", "2018-06-30": "0.92", "2018-03-31": "0.91", "2017-12-31": "0.93", "2017-09-30": "0.90", "2017-06-30": "0.91", "2017-03-31": "0.97", "2016-12-31": "0.96", "2016-09-30": "0.99", "2016-06-30": "0.98", "2016-03-31": "0.91", "2015-12-31": "0.89", "2015-09-30": "0.96", "2015-06-30": "1.01", "2015-03-31": "1.04", "2014-12-31": "0.96", "2014-09-30": "1.09", "2014-06-30": "1.15", "2014-03-31": "1.18", "2013-12-31": "1.03", "2013-09-30": "1.05", "2013-06-30": "1.06", "2013-03-31": "1.16", "2012-12-31": "1.05", "2012-09-30": "1.04", "2012-06-30": "1.04", "2012-03-31": "0.96", "2011-12-31": "1.02", "2011-09-30": "1.04", "2011-06-30": "1.05", "2011-03-31": "1.21", "2010-12-31": "1.19", "2010-09-30": "1.18", "2010-06-30": "1.16", "2010-03-31": "1.20", "2009-12-31": "1.18", "2009-09-30": "1.20", "2009-06-30": "1.20", "2009-03-31": "1.08", "2008-12-31": "1.09", "2008-09-30": "1.12", "2008-06-30": "1.19", "2008-03-31": "1.23", "2007-12-31": "1.11", "2007-09-30": "1.10", "2007-06-30": "1.10", "2007-03-31": "1.09", "2006-12-31": "1.08", "2006-09-30": "1.08", "2006-06-30": "1.05", "2006-03-31": "0.97", "2005-12-31": "1.09", "2005-09-30": "1.10", "2005-06-30": "1.17", "2005-03-31": "1.15"}, "quick ratio": {"2020-12-31": "0.82", "2020-09-30": "0.78", "2020-06-30": "0.71", "2020-03-31": "0.66", "2019-12-31": "0.59", "2019-09-30": "0.53", "2019-06-30": "0.54", "2019-03-31": "0.53", "2018-12-31": "0.55", "2018-09-30": "0.58", "2018-06-30": "0.59", "2018-03-31": "0.53", "2017-12-31": "0.58", "2017-09-30": "0.55", "2017-06-30": "0.55", "2017-03-31": "0.58", "2016-12-31": "0.62", "2016-09-30": "0.62", "2016-06-30": "0.61", "2016-03-31": "0.55", "2015-12-31": "0.55", "2015-09-30": "0.60", "2015-06-30": "0.61", "2015-03-31": "0.64", "2014-12-31": "0.64", "2014-09-30": "0.66", "2014-06-30": "0.69", "2014-03-31": "0.76", "2013-12-31": "0.68", "2013-09-30": "0.65", "2013-06-30": "0.66", "2013-03-31": "0.72", "2012-12-31": "0.69", "2012-09-30": "0.63", "2012-06-30": "0.61", "2012-03-31": "0.56", "2011-12-31": "0.65", "2011-09-30": "0.58", "2011-06-30": "0.60", "2011-03-31": "0.72", "2010-12-31": "0.74", "2010-09-30": "0.69", "2010-06-30": "0.71", "2010-03-31": "0.78", "2009-12-31": "0.81", "2009-09-30": "0.78", "2009-06-30": "0.71", "2009-03-31": "0.60", "2008-12-31": "0.62", "2008-09-30": "0.64", "2008-06-30": "0.70", "2008-03-31": "0.72", "2007-12-31": "0.66", "2007-09-30": "0.64", "2007-06-30": "0.65", "2007-03-31": "0.64", "2006-12-31": "0.69", "2006-09-30": "0.67", "2006-06-30": "0.66", "2006-03-31": "0.58", "2005-12-31": "0.73", "2005-09-30": "0.68", "2005-06-30": "0.72", "2005-03-31": "0.68"}, "debt equity ratio": {"current": "1.07", "2020-12-31": "3.32", "2020-09-30": "3.76", "2020-06-30": "3.76", "2020-03-31": "3.87", "2019-12-31": "3.59", "2019-09-30": "3.66", "2019-06-30": "4.42", "2019-03-31": "4.29", "2018-12-31": "4.72", "2018-09-30": "4.77", "2018-06-30": "4.70", "2018-03-31": "2.90", "2017-12-31": "2.91", "2017-09-30": "2.66", "2017-06-30": "2.56", "2017-03-31": "2.37", "2016-12-31": "2.34", "2016-09-30": "2.38", "2016-06-30": "2.42", "2016-03-31": "2.45", "2015-12-31": "2.35", "2015-09-30": "2.39", "2015-06-30": "2.34", "2015-03-31": "2.34", "2014-12-31": "2.45", "2014-09-30": "1.96", "2014-06-30": "1.92", "2014-03-31": "2.08", "2013-12-31": "2.09", "2013-09-30": "2.27", "2013-06-30": "2.28", "2013-03-31": "2.34", "2012-12-31": "2.53", "2012-09-30": "2.37", "2012-06-30": "2.38", "2012-03-31": "2.37", "2011-12-31": "2.55", "2011-09-30": "2.46", "2011-06-30": "2.54", "2011-03-31": "2.41", "2010-12-31": "2.61", "2010-09-30": "2.78", "2010-06-30": "2.89", "2010-03-31": "2.98", "2009-12-31": "3.01", "2009-09-30": "3.02", "2009-06-30": "2.97", "2009-03-31": "3.31", "2008-12-31": "3.40", "2008-09-30": "2.64", "2008-06-30": "2.52", "2008-03-31": "2.56", "2007-12-31": "2.58", "2007-09-30": "2.84", "2007-06-30": "3.01", "2007-03-31": "3.03", "2006-12-31": "3.19", "2006-09-30": "3.49", "2006-06-30": "3.73", "2006-03-31": "3.80", "2005-12-31": "3.76", "2005-09-30": "3.37", "2005-06-30": "3.77", "2005-03-31": "4.03"}, "return on equity": {"2020-12-31": "25.60%", "2020-09-30": "21.40%", "2020-06-30": "20.86%", "2020-03-31": "22.02%", "2019-12-31": "30.65%", "2019-09-30": "29.33%", "2019-06-30": "26.42%", "2019-03-31": "5.72%", "2018-12-31": "-4.86%", "2018-09-30": "-14.61%", "2018-06-30": "-11.46%", "2018-03-31": "5.36%", "2017-12-31": "6.29%", "2017-09-30": "13.96%", "2017-06-30": "13.13%", "2017-03-31": "15.29%", "2016-12-31": "15.29%", "2016-09-30": "15.33%", "2016-06-30": "15.40%", "2016-03-31": "12.90%", "2015-12-31": "13.58%", "2015-09-30": "11.80%", "2015-06-30": "11.97%", "2015-03-31": "12.27%", "2014-12-31": "12.00%", "2014-09-30": "14.35%", "2014-06-30": "14.05%", "2014-03-31": "14.93%", "2013-12-31": "17.35%", "2013-09-30": "16.70%", "2013-06-30": "14.31%", "2013-03-31": "12.67%", "2012-12-31": "9.12%", "2012-09-30": "11.06%", "2012-06-30": "13.50%", "2012-03-31": "7.12%", "2011-12-31": "8.82%", "2011-09-30": "8.03%", "2011-06-30": "5.89%", "2011-03-31": "14.85%", "2010-12-31": "15.45%", "2010-09-30": "14.04%", "2010-06-30": "14.66%", "2010-03-31": "11.53%", "2009-12-31": "9.39%", "2009-09-30": "8.34%", "2009-06-30": "10.40%", "2009-03-31": "10.95%", "2008-12-31": "10.91%", "2008-09-30": "13.88%", "2008-06-30": "14.36%", "2008-03-31": "16.11%", "2007-12-31": "17.42%", "2007-09-30": "15.93%", "2007-06-30": "14.98%", "2007-03-31": "13.47%", "2006-12-31": "14.14%", "2006-09-30": "16.89%", "2006-06-30": "18.92%", "2006-03-31": "22.10%", "2005-12-31": "24.17%"}, "return on assets": {"2020-12-31": "5.49%", "2020-09-30": "4.51%", "2020-06-30": "4.42%", "2020-03-31": "4.52%", "2019-12-31": "6.16%", "2019-09-30": "5.59%", "2019-06-30": "4.77%", "2019-03-31": "1.02%", "2018-12-31": "-0.95%", "2018-09-30": "-3.16%", "2018-06-30": "-2.77%", "2018-03-31": "1.43%", "2017-12-31": "1.74%", "2017-09-30": "4.01%", "2017-06-30": "3.85%", "2017-03-31": "4.52%", "2016-12-31": "4.50%", "2016-09-30": "4.51%", "2016-06-30": "4.52%", "2016-03-31": "3.81%", "2015-12-31": "4.05%", "2015-09-30": "3.49%", "2015-06-30": "3.65%", "2015-03-31": "3.86%", "2014-12-31": "3.86%", "2014-09-30": "4.77%", "2014-06-30": "4.56%", "2014-03-31": "4.70%", "2013-12-31": "5.35%", "2013-09-30": "4.98%", "2013-06-30": "4.24%", "2013-03-31": "3.72%", "2012-12-31": "2.67%", "2012-09-30": "3.24%", "2012-06-30": "3.93%", "2012-03-31": "2.05%", "2011-12-31": "2.53%", "2011-09-30": "2.29%", "2011-06-30": "1.65%", "2011-03-31": "4.06%", "2010-12-31": "4.06%", "2010-09-30": "3.59%", "2010-06-30": "3.69%", "2010-03-31": "2.89%", "2009-12-31": "2.31%", "2009-09-30": "2.00%", "2009-06-30": "2.57%", "2009-03-31": "2.80%", "2008-12-31": "2.92%", "2008-09-30": "3.88%", "2008-06-30": "3.96%", "2008-03-31": "4.31%", "2007-12-31": "4.52%", "2007-09-30": "3.97%", "2007-06-30": "3.59%", "2007-03-31": "3.10%", "2006-12-31": "3.11%", "2006-09-30": "3.60%", "2006-06-30": "4.04%", "2006-03-31": "4.72%", "2005-12-31": "5.12%"}, "return on investments": {"2020-12-31": "17.80%", "2020-09-30": "15.23%", "2020-06-30": "17.22%", "2020-03-31": "19.14%", "2019-12-31": "19.64%", "2019-09-30": "18.80%", "2019-06-30": "13.70%", "2019-03-31": "5.10%", "2018-12-31": "3.40%", "2018-09-30": "2.70%", "2018-06-30": "2.96%", "2018-03-31": "10.80%", "2017-12-31": "12.00%", "2017-09-30": "12.76%", "2017-06-30": "13.10%", "2017-03-31": "14.00%", "2016-12-31": "14.48%", "2016-09-30": "14.62%", "2016-06-30": "14.29%", "2016-03-31": "13.24%", "2015-12-31": "13.16%", "2015-09-30": "12.50%", "2015-06-30": "13.09%", "2015-03-31": "13.97%", "2014-12-31": "14.49%", "2014-09-30": "16.63%", "2014-06-30": "16.98%", "2014-03-31": "18.25%", "2013-12-31": "18.42%", "2013-09-30": "17.37%", "2013-06-30": "16.02%", "2013-03-31": "14.17%", "2012-12-31": "13.91%", "2012-09-30": "13.01%", "2012-06-30": "11.73%", "2012-03-31": "12.00%", "2011-12-31": "12.05%", "2011-09-30": "11.96%", "2011-06-30": "13.52%", "2011-03-31": "15.55%", "2010-12-31": "16.05%", "2010-09-30": "16.17%", "2010-06-30": "15.53%", "2010-03-31": "12.36%", "2009-12-31": "11.75%", "2009-09-30": "8.98%", "2009-06-30": "8.86%", "2009-03-31": "10.01%", "2008-12-31": "9.37%", "2008-09-30": "14.56%", "2008-06-30": "16.25%", "2008-03-31": "17.71%", "2007-12-31": "19.89%", "2007-09-30": "17.68%", "2007-06-30": "17.49%", "2007-03-31": "17.04%", "2006-12-31": "17.37%", "2006-09-30": "20.78%", "2006-06-30": "23.47%", "2006-03-31": "26.81%", "2005-12-31": "29.54%"}, "return on tangible equity": {"2020-09-30": "-155.92%", "2020-06-30": "-130.67%", "2020-03-31": "-119.02%", "2019-12-31": "-143.78%", "2019-09-30": "-99.42%", "2019-06-30": "-72.06%", "2019-03-31": "-13.95%", "2018-12-31": "14.39%", "2018-09-30": "60.20%", "2018-06-30": "84.06%", "2018-03-31": "-105.15%", "2017-12-31": "-453.07%", "2017-09-30": "648.78%", "2017-06-30": "370.73%", "2017-03-31": "365.54%", "2016-12-31": "535.75%", "2016-09-30": "820.32%", "2016-06-30": "2212.50%", "2016-03-31": "902.13%", "2015-12-31": "451.30%", "2015-09-30": "307.42%", "2015-06-30": "98.66%", "2015-03-31": "62.76%", "2014-12-31": "44.64%", "2014-09-30": "41.40%", "2014-06-30": "42.79%", "2014-03-31": "49.14%", "2013-12-31": "61.99%", "2013-09-30": "66.12%", "2013-06-30": "60.49%", "2013-03-31": "57.55%", "2012-12-31": "42.99%", "2012-09-30": "53.64%", "2012-06-30": "67.59%", "2012-03-31": "34.67%", "2011-12-31": "42.32%", "2011-09-30": "38.59%", "2011-06-30": "30.00%", "2011-03-31": "91.26%", "2010-12-31": "126.65%", "2010-09-30": "156.26%", "2010-06-30": "230.54%", "2010-03-31": "283.14%", "2009-12-31": "-874.67%", "2009-09-30": "-128.69%", "2009-06-30": "-223.42%", "2009-03-31": "2850.91%", "2008-12-31": "167.54%", "2008-09-30": "126.71%", "2008-06-30": "151.29%", "2008-03-31": "289.67%", "2007-12-31": "1230.77%", "2007-09-30": "-658.82%", "2007-06-30": "-310.84%", "2007-03-31": "-170.41%", "2006-12-31": "-114.02%", "2006-09-30": "936.79%", "2006-06-30": "90.43%", "2006-03-31": "47.18%", "2005-12-31": "28.68%"}, "dividend yield history": {"last payout": "$5.00", "last yield": "2.51%"}}