{"ticker": "JW.A", "price": {"title": "John Wiley & Sons Historical Annual Stock Price Data", "value": 49.98, "historical": {"2021": {"Average Stock Price": "47.5683", "Year Open": "45.6800", "Year High": "49.9800", "Year Low": "45.6100", "Year Close": "49.9800", "Annual % Change": "9.46%"}, "2020": {"Average Stock Price": "37.5271", "Year Open": "48.5100", "Year High": "49.5500", "Year Low": "30.5900", "Year Close": "45.6600", "Annual % Change": "-5.89%"}, "2019": {"Average Stock Price": "46.3826", "Year Open": "47.6100", "Year High": "52.6800", "Year Low": "41.2300", "Year Close": "48.5200", "Annual % Change": "3.30%"}, "2018": {"Average Stock Price": "61.8153", "Year Open": "66.6000", "Year High": "70.8000", "Year Low": "45.2600", "Year Close": "46.9700", "Annual % Change": "-28.56%"}, "2017": {"Average Stock Price": "54.5307", "Year Open": "54.5000", "Year High": "66.1500", "Year Low": "49.7500", "Year Close": "65.7500", "Annual % Change": "20.64%"}, "2016": {"Average Stock Price": "50.6342", "Year Open": "44.0500", "Year High": "58.8000", "Year Low": "40.2100", "Year Close": "54.5000", "Annual % Change": "21.03%"}, "2015": {"Average Stock Price": "55.1579", "Year Open": "58.9100", "Year High": "65.2100", "Year Low": "43.3900", "Year Close": "45.0300", "Annual % Change": "-23.99%"}, "2014": {"Average Stock Price": "57.3994", "Year Open": "53.7600", "Year High": "62.0500", "Year Low": "51.4500", "Year Close": "59.2400", "Annual % Change": "7.32%"}, "2013": {"Average Stock Price": "43.3136", "Year Open": "39.8300", "Year High": "55.2000", "Year Low": "36.0900", "Year Close": "55.2000", "Annual % Change": "41.79%"}, "2012": {"Average Stock Price": "45.5001", "Year Open": "45.1400", "Year High": "51.3200", "Year Low": "36.5300", "Year Close": "38.9300", "Annual % Change": "-12.32%"}, "2011": {"Average Stock Price": "48.2890", "Year Open": "45.7700", "Year High": "53.0000", "Year Low": "42.3500", "Year Close": "44.4000", "Annual % Change": "-1.86%"}, "2010": {"Average Stock Price": "41.3947", "Year Open": "41.8200", "Year High": "46.1300", "Year Low": "35.5900", "Year Close": "45.2400", "Annual % Change": "8.02%"}, "2009": {"Average Stock Price": "34.0333", "Year Open": "37.5600", "Year High": "43.1700", "Year Low": "27.5500", "Year Close": "41.8800", "Annual % Change": "17.71%"}, "2008": {"Average Stock Price": "40.5921", "Year Open": "41.0800", "Year High": "49.7600", "Year Low": "26.2100", "Year Close": "35.5800", "Annual % Change": "-16.95%"}, "2007": {"Average Stock Price": "41.5879", "Year Open": "38.4000", "Year High": "49.3500", "Year Low": "36.6300", "Year Close": "42.8400", "Annual % Change": "11.36%"}, "2006": {"Average Stock Price": "36.2530", "Year Open": "38.2300", "Year High": "41.0000", "Year Low": "31.8600", "Year Close": "38.4700", "Annual % Change": "-1.46%"}, "2005": {"Average Stock Price": "38.4853", "Year Open": "34.5200", "Year High": "44.9000", "Year Low": "33.4500", "Year Close": "39.0400", "Annual % Change": "12.06%"}, "2004": {"Average Stock Price": "30.9409", "Year Open": "26.3400", "Year High": "35.1000", "Year Low": "26.1500", "Year Close": "34.8400", "Annual % Change": "33.85%"}, "2003": {"Average Stock Price": "25.1343", "Year Open": "24.1900", "Year High": "28.2600", "Year Low": "21.5100", "Year Close": "26.0300", "Annual % Change": "8.41%"}, "2002": {"Average Stock Price": "23.5603", "Year Open": "22.5000", "Year High": "27.4600", "Year Low": "19.6100", "Year Close": "24.0100", "Annual % Change": "4.26%"}, "2001": {"Average Stock Price": "20.8299", "Year Open": "20.8800", "Year High": "24.1000", "Year Low": "18.1500", "Year Close": "23.0300", "Annual % Change": "7.12%"}, "2000": {"Average Stock Price": "19.4260", "Year Open": "16.8800", "Year High": "25.6900", "Year Low": "13.8800", "Year Close": "21.5000", "Annual % Change": "28.36%"}, "1999": {"Average Stock Price": "19.1807", "Year Open": "24.1250", "Year High": "24.1250", "Year Low": "15.0600", "Year Close": "16.7500", "Annual % Change": "-30.66%"}, "1998": {"Average Stock Price": "15.0747", "Year Open": "13.2800", "Year High": "24.1550", "Year Low": "12.3275", "Year Close": "24.1550", "Annual % Change": "78.10%"}, "1997": {"Average Stock Price": "8.9472", "Year Open": "8.0000", "Year High": "14.2500", "Year Low": "7.0300", "Year Close": "13.5625", "Annual % Change": "68.22%"}, "1996": {"Average Stock Price": "7.6904", "Year Open": "8.2200", "Year High": "8.7800", "Year Low": "6.8750", "Year Close": "8.0625", "Annual % Change": "-1.53%"}, "1995": {"Average Stock Price": "7.0071", "Year Open": "5.5313", "Year High": "8.7500", "Year Low": "5.4688", "Year Close": "8.1875", "Annual % Change": "48.02%"}, "1994": {"Average Stock Price": "5.2459", "Year Open": "4.4375", "Year High": "5.7500", "Year Low": "4.3750", "Year Close": "5.5313", "Annual % Change": "24.65%"}, "1993": {"Average Stock Price": "3.2545", "Year Open": "3.0469", "Year High": "4.5550", "Year Low": "2.6250", "Year Close": "4.4375", "Annual % Change": "41.29%"}, "1992": {"Average Stock Price": "2.5974", "Year Open": "1.9375", "Year High": "3.1406", "Year Low": "1.9375", "Year Close": "3.1406", "Annual % Change": "54.61%"}, "1991": {"Average Stock Price": "2.1014", "Year Open": "1.8750", "Year High": "2.4688", "Year Low": "1.7813", "Year Close": "2.0313", "Annual % Change": "8.34%"}}}, "market cap": {"value": "$2.8B"}, "income statement": {"Revenue": {"2020-04-30": "1831.48300", "2019-04-30": "1800.06900", "2018-04-30": "1796.10300", "2017-04-30": "1718.53000", "2016-04-30": "1727.03700", "2015-04-30": "1822.44000", "2014-04-30": "1775.19500", "2013-04-30": "1760.77800", "2012-04-30": "1782.74200", "2011-04-30": "1742.55100", "2010-04-30": "1699.06200", "2009-04-30": "1611.39000", "2008-04-30": "1673.73400", "2007-04-30": "1234.64100", "2006-04-30": "1043.93200", "2005-04-30": "974.04800"}, "Cost Of Goods Sold": {"2020-04-30": "591.02400", "2019-04-30": "554.72200", "2018-04-30": "531.02400", "2017-04-30": "500.79400", "2016-04-30": "466.17700", "2015-04-30": "499.68300", "2014-04-30": "506.87900", "2013-04-30": "532.23200", "2012-04-30": "543.39600", "2011-04-30": "539.04300", "2010-04-30": "534.00100", "2009-04-30": "516.42000", "2008-04-30": "532.90800", "2007-04-30": "392.69200", "2006-04-30": "331.85100", "2005-04-30": "325.06100"}, "Gross Profit": {"2020-04-30": "1240.45900", "2019-04-30": "1245.34700", "2018-04-30": "1265.07900", "2017-04-30": "1217.73600", "2016-04-30": "1260.86000", "2015-04-30": "1322.75700", "2014-04-30": "1268.31600", "2013-04-30": "1228.54600", "2012-04-30": "1239.34600", "2011-04-30": "1203.50800", "2010-04-30": "1165.06100", "2009-04-30": "1094.97000", "2008-04-30": "1140.82600", "2007-04-30": "841.94900", "2006-04-30": "712.08100", "2005-04-30": "648.98690"}, "Research And Development Expenses": {"2020-04-30": "", "2019-04-30": "", "2018-04-30": "", "2017-04-30": "", "2016-04-30": "", "2015-04-30": "", "2014-04-30": "", "2013-04-30": "", "2012-04-30": "", "2011-04-30": "", "2010-04-30": "", "2009-04-30": "", "2008-04-30": "", "2007-04-30": "", "2006-04-30": "", "2005-04-30": ""}, "SG&A Expenses": {"2020-04-30": "997.35500", "2019-04-30": "963.58200", "2018-04-30": "953.22200", "2017-04-30": "943.24200", "2016-04-30": "994.37200", "2015-04-30": "1005.00000", "2014-04-30": "969.45600", "2013-04-30": "933.14800", "2012-04-30": "922.17700", "2011-04-30": "910.84700", "2010-04-30": "872.19300", "2009-04-30": "839.64800", "2008-04-30": "876.63500", "2007-04-30": "659.79300", "2006-04-30": "545.90400", "2005-04-30": "496.72600"}, "Other Operating Income Or Expenses": {"2020-04-30": "-202.34800", "2019-04-30": "", "2018-04-30": "-3.60000", "2017-04-30": "", "2016-04-30": "", "2015-04-30": "", "2014-04-30": "-4.78600", "2013-04-30": "-24.69600", "2012-04-30": "", "2011-04-30": "-9.29000", "2010-04-30": "0.00000", "2009-04-30": "0.00000", "2008-04-30": "", "2007-04-30": "", "2006-04-30": "", "2005-04-30": ""}, "Operating Expenses": {"2020-04-30": "1885.77000", "2019-04-30": "1576.08000", "2018-04-30": "1564.64200", "2017-04-30": "1507.06000", "2016-04-30": "1538.92400", "2015-04-30": "1584.70100", "2014-04-30": "1568.52200", "2013-04-30": "1561.35100", "2012-04-30": "1502.32300", "2011-04-30": "1494.40300", "2010-04-30": "1456.47000", "2009-04-30": "1392.91200", "2008-04-30": "1448.52300", "2007-04-30": "1073.16000", "2006-04-30": "891.25300", "2005-04-30": "832.66700"}, "Operating Income": {"2020-04-30": "-54.28700", "2019-04-30": "223.98900", "2018-04-30": "231.46110", "2017-04-30": "211.47000", "2016-04-30": "188.11300", "2015-04-30": "237.73900", "2014-04-30": "206.67300", "2013-04-30": "199.42690", "2012-04-30": "280.41890", "2011-04-30": "248.14790", "2010-04-30": "242.59190", "2009-04-30": "218.47800", "2008-04-30": "225.21110", "2007-04-30": "161.48100", "2006-04-30": "152.67900", "2005-04-30": "141.38100"}, "Total Non-Operating Income/Expense": {"2020-04-30": "-8.80500", "2019-04-30": "-11.03700", "2018-04-30": "-17.53000", "2017-04-30": "-20.35400", "2016-04-30": "-13.32000", "2015-04-30": "-12.27800", "2014-04-30": "-11.13900", "2013-04-30": "-12.50500", "2012-04-30": "-8.32400", "2011-04-30": "-17.08800", "2010-04-30": "-42.38300", "2009-04-30": "-54.00300", "2008-04-30": "-63.68300", "2007-04-30": "-21.97900", "2006-04-30": "-8.83500", "2005-04-30": "-5.71800"}, "Pre-Tax Income": {"2020-04-30": "-63.09200", "2019-04-30": "212.95200", "2018-04-30": "213.93100", "2017-04-30": "191.11600", "2016-04-30": "174.79300", "2015-04-30": "225.46100", "2014-04-30": "195.53400", "2013-04-30": "186.92200", "2012-04-30": "272.09500", "2011-04-30": "231.06000", "2010-04-30": "200.20900", "2009-04-30": "164.47500", "2008-04-30": "161.52800", "2007-04-30": "139.50200", "2006-04-30": "143.84400", "2005-04-30": "135.66300"}, "Income Taxes": {"2020-04-30": "11.19500", "2019-04-30": "44.68900", "2018-04-30": "21.74500", "2017-04-30": "77.47300", "2016-04-30": "29.01100", "2015-04-30": "48.59300", "2014-04-30": "35.02400", "2013-04-30": "42.69700", "2012-04-30": "59.34900", "2011-04-30": "59.17100", "2010-04-30": "56.66600", "2009-04-30": "36.21700", "2008-04-30": "13.99200", "2007-04-30": "39.88300", "2006-04-30": "33.51600", "2005-04-30": "51.82200"}, "Income After Taxes": {"2020-04-30": "-74.28700", "2019-04-30": "168.26300", "2018-04-30": "192.18600", "2017-04-30": "113.64300", "2016-04-30": "145.78200", "2015-04-30": "176.86800", "2014-04-30": "160.51000", "2013-04-30": "144.22500", "2012-04-30": "212.74600", "2011-04-30": "171.88900", "2010-04-30": "143.54300", "2009-04-30": "128.25800", "2008-04-30": "147.53600", "2007-04-30": "99.61900", "2006-04-30": "110.32800", "2005-04-30": "83.84100"}, "Other Income": {"2020-04-30": "", "2019-04-30": "", "2018-04-30": "", "2017-04-30": "", "2016-04-30": "", "2015-04-30": "", "2014-04-30": "", "2013-04-30": "", "2012-04-30": "", "2011-04-30": "", "2010-04-30": "", "2009-04-30": "", "2008-04-30": "", "2007-04-30": "", "2006-04-30": "", "2005-04-30": ""}, "Income From Continuous Operations": {"2020-04-30": "-74.28700", "2019-04-30": "168.26300", "2018-04-30": "192.18600", "2017-04-30": "113.64300", "2016-04-30": "145.78200", "2015-04-30": "176.86800", "2014-04-30": "160.51000", "2013-04-30": "144.22500", "2012-04-30": "212.74600", "2011-04-30": "171.88900", "2010-04-30": "143.54300", "2009-04-30": "128.25800", "2008-04-30": "147.53600", "2007-04-30": "99.61900", "2006-04-30": "110.32800", "2005-04-30": "83.84100"}, "Income From Discontinued Operations": {"2020-04-30": "", "2019-04-30": "", "2018-04-30": "", "2017-04-30": "", "2016-04-30": "", "2015-04-30": "", "2014-04-30": "", "2013-04-30": "", "2012-04-30": "", "2011-04-30": "", "2010-04-30": "", "2009-04-30": "", "2008-04-30": "", "2007-04-30": "", "2006-04-30": "", "2005-04-30": ""}, "Net Income": {"2020-04-30": "-74.28700", "2019-04-30": "168.26300", "2018-04-30": "192.18600", "2017-04-30": "113.64300", "2016-04-30": "145.78200", "2015-04-30": "176.86800", "2014-04-30": "160.51000", "2013-04-30": "144.22500", "2012-04-30": "212.74600", "2011-04-30": "171.88900", "2010-04-30": "143.54300", "2009-04-30": "128.25800", "2008-04-30": "147.53600", "2007-04-30": "99.61900", "2006-04-30": "110.32800", "2005-04-30": "83.84100"}, "EBITDA": {"2020-04-30": "120.84000", "2019-04-30": "385.14400", "2018-04-30": "385.45010", "2017-04-30": "368.03100", "2016-04-30": "343.96200", "2015-04-30": "391.66400", "2014-04-30": "354.77000", "2013-04-30": "348.94290", "2012-04-30": "418.50990", "2011-04-30": "380.65390", "2010-04-30": "365.47090", "2009-04-30": "334.22300", "2008-04-30": "341.13410", "2007-04-30": "249.80400", "2006-04-30": "234.68100", "2005-04-30": "219.73400"}, "EBIT": {"2020-04-30": "-54.28700", "2019-04-30": "223.98900", "2018-04-30": "231.46110", "2017-04-30": "211.47000", "2016-04-30": "188.11300", "2015-04-30": "237.73900", "2014-04-30": "206.67300", "2013-04-30": "199.42690", "2012-04-30": "280.41890", "2011-04-30": "248.14790", "2010-04-30": "242.59190", "2009-04-30": "218.47800", "2008-04-30": "225.21110", "2007-04-30": "161.48100", "2006-04-30": "152.67900", "2005-04-30": "141.38100"}, "Basic Shares Outstanding": {"2020-04-30": "56.20900", "2019-04-30": "57.19200", "2018-04-30": "57.04300", "2017-04-30": "57.33700", "2016-04-30": "57.99800", "2015-04-30": "58.73300", "2014-04-30": "58.63500", "2013-04-30": "59.44700", "2012-04-30": "60.18400", "2011-04-30": "60.16000", "2010-04-30": "58.49800", "2009-04-30": "58.41900", "2008-04-30": "57.92100", "2007-04-30": "56.93200", "2006-04-30": "58.07100", "2005-04-30": "60.72100"}, "Shares Outstanding": {"2020-04-30": "56.20900", "2019-04-30": "57.84000", "2018-04-30": "57.88800", "2017-04-30": "58.19900", "2016-04-30": "58.73400", "2015-04-30": "59.59400", "2014-04-30": "59.51400", "2013-04-30": "60.22400", "2012-04-30": "61.27200", "2011-04-30": "61.35900", "2010-04-30": "59.67900", "2009-04-30": "59.61000", "2008-04-30": "59.32300", "2007-04-30": "58.28700", "2006-04-30": "59.79200", "2005-04-30": "62.09300"}, "Basic EPS": {"2020-04-30": "-1.32000", "2019-04-30": "2.94000", "2018-04-30": "3.37000", "2017-04-30": "1.98000", "2016-04-30": "2.51000", "2015-04-30": "3.01000", "2014-04-30": "2.73000", "2013-04-30": "2.43000", "2012-04-30": "3.53000", "2011-04-30": "2.86000", "2010-04-30": "2.45000", "2009-04-30": "2.20000", "2008-04-30": "2.55000", "2007-04-30": "1.75000", "2006-04-30": "1.90000", "2005-04-30": "1.38000"}, "EPS - Earnings Per Share": {"2020-04-30": "-1.32000", "2019-04-30": "2.91000", "2018-04-30": "3.32000", "2017-04-30": "1.95000", "2016-04-30": "2.48000", "2015-04-30": "2.97000", "2014-04-30": "2.70000", "2013-04-30": "2.39000", "2012-04-30": "3.47000", "2011-04-30": "2.80000", "2010-04-30": "2.41000", "2009-04-30": "2.15000", "2008-04-30": "2.49000", "2007-04-30": "1.71000", "2006-04-30": "1.85000", "2005-04-30": "1.35000"}}, "income statement, quarterly": {"Revenue": {"2020-10-31": "491.01100", "2020-07-31": "431.32600", "2020-04-30": "474.61710", "2020-01-31": "467.13100", "2019-10-31": "466.20500", "2019-07-31": "423.53000", "2019-04-30": "491.17890", "2019-01-31": "449.36700", "2018-10-31": "448.62200", "2018-07-31": "410.90100", "2018-04-30": "477.25300", "2018-01-31": "455.67500", "2017-10-31": "451.73100", "2017-07-31": "411.44400", "2017-04-30": "452.20100", "2017-01-31": "436.45600", "2016-10-31": "425.58800", "2016-07-31": "404.28500", "2016-04-30": "434.30110", "2016-01-31": "436.39300", "2015-10-31": "433.36200", "2015-07-31": "422.98100", "2015-04-30": "441.64590", "2015-01-31": "465.90500", "2014-10-31": "476.97200", "2014-07-31": "437.91700", "2014-04-30": "457.08900", "2014-01-31": "457.93300", "2013-10-31": "449.15300", "2013-07-31": "411.02000", "2013-04-30": "445.85400", "2013-01-31": "472.43500", "2012-10-31": "431.75500", "2012-07-31": "410.73400", "2012-04-30": "454.57700", "2012-01-31": "451.11100", "2011-10-31": "446.98500", "2011-07-31": "430.06900", "2011-04-30": "444.91410", "2011-01-31": "447.85500", "2010-10-31": "441.84400", "2010-07-31": "407.93800", "2010-04-30": "435.62700", "2010-01-31": "427.10200", "2009-10-31": "447.95800", "2009-07-31": "388.37500", "2009-04-30": "403.35900", "2009-01-31": "374.38300", "2008-10-31": "431.94100", "2008-07-31": "401.70700", "2008-04-30": "432.39110", "2008-01-31": "429.43200", "2007-10-31": "423.18900", "2007-07-31": "388.72200", "2007-04-30": "389.99700", "2007-01-31": "296.71000", "2006-10-31": "284.50200", "2006-07-31": "263.43200", "2006-04-30": "266.31100", "2006-01-31": "278.18900", "2005-10-31": "262.68300", "2005-07-31": "236.74900", "2005-04-30": "241.63100", "2005-01-31": "258.42800"}, "Cost Of Goods Sold": {"2020-10-31": "154.85300", "2020-07-31": "144.80900", "2020-04-30": "150.59100", "2020-01-31": "153.92400", "2019-10-31": "143.41300", "2019-07-31": "143.09600", "2019-04-30": "150.52800", "2019-01-31": "143.87900", "2018-10-31": "132.57700", "2018-07-31": "127.73800", "2018-04-30": "160.00900", "2018-01-31": "136.36200", "2017-10-31": "119.86500", "2017-07-31": "114.78800", "2017-04-30": "159.33700", "2017-01-31": "116.40500", "2016-10-31": "111.57400", "2016-07-31": "113.47800", "2016-04-30": "109.63900", "2016-01-31": "120.21500", "2015-10-31": "116.59400", "2015-07-31": "119.72900", "2015-04-30": "116.84400", "2015-01-31": "124.24500", "2014-10-31": "134.54100", "2014-07-31": "124.05300", "2014-04-30": "126.17300", "2014-01-31": "130.56300", "2013-10-31": "130.35200", "2013-07-31": "119.79100", "2013-04-30": "133.64000", "2013-01-31": "141.79400", "2012-10-31": "129.55400", "2012-07-31": "127.24400", "2012-04-30": "138.92400", "2012-01-31": "142.13100", "2011-10-31": "132.66700", "2011-07-31": "129.67400", "2011-04-30": "136.32600", "2011-01-31": "137.90900", "2010-10-31": "139.53900", "2010-07-31": "125.26900", "2010-04-30": "140.25790", "2010-01-31": "133.43700", "2009-10-31": "138.77000", "2009-07-31": "121.53600", "2009-04-30": "129.27900", "2009-01-31": "123.25500", "2008-10-31": "136.52700", "2008-07-31": "127.35900", "2008-04-30": "133.70600", "2008-01-31": "137.59600", "2007-10-31": "135.37800", "2007-07-31": "126.22800", "2007-04-30": "120.19900", "2007-01-31": "94.02300", "2006-10-31": "93.29600", "2006-07-31": "85.17400", "2006-04-30": "77.23400", "2006-01-31": "91.20700", "2005-10-31": "86.58900", "2005-07-31": "76.82100", "2005-04-30": "78.87700", "2005-01-31": "85.70800"}, "Gross Profit": {"2020-10-31": "336.15800", "2020-07-31": "286.51700", "2020-04-30": "324.02610", "2020-01-31": "313.20700", "2019-10-31": "322.79200", "2019-07-31": "280.43400", "2019-04-30": "340.65090", "2019-01-31": "305.48800", "2018-10-31": "316.04500", "2018-07-31": "283.16300", "2018-04-30": "317.24400", "2018-01-31": "319.31300", "2017-10-31": "331.86600", "2017-07-31": "296.65600", "2017-04-30": "292.86400", "2017-01-31": "320.05100", "2016-10-31": "314.01400", "2016-07-31": "290.80700", "2016-04-30": "324.66200", "2016-01-31": "316.17800", "2015-10-31": "316.76800", "2015-07-31": "303.25200", "2015-04-30": "324.80190", "2015-01-31": "341.66000", "2014-10-31": "342.43100", "2014-07-31": "313.86400", "2014-04-30": "330.91600", "2014-01-31": "327.37000", "2013-10-31": "318.80100", "2013-07-31": "291.22900", "2013-04-30": "312.21410", "2013-01-31": "330.64100", "2012-10-31": "302.20100", "2012-07-31": "283.49000", "2012-04-30": "315.65300", "2012-01-31": "308.98000", "2011-10-31": "314.31800", "2011-07-31": "300.39500", "2011-04-30": "308.58800", "2011-01-31": "309.94600", "2010-10-31": "302.30500", "2010-07-31": "282.66900", "2010-04-30": "295.36900", "2010-01-31": "293.66500", "2009-10-31": "309.18800", "2009-07-31": "266.83900", "2009-04-30": "274.08000", "2009-01-31": "251.12800", "2008-10-31": "295.41400", "2008-07-31": "274.34800", "2008-04-30": "298.68500", "2008-01-31": "291.83600", "2007-10-31": "287.81100", "2007-07-31": "262.49400", "2007-04-30": "269.79800", "2007-01-31": "202.68700", "2006-10-31": "191.20600", "2006-07-31": "178.25800", "2006-04-30": "189.07700", "2006-01-31": "186.98200", "2005-10-31": "176.09400", "2005-07-31": "159.92800", "2005-04-30": "162.75400", "2005-01-31": "172.72000"}, "Research And Development Expenses": {"2020-10-31": "", "2020-07-31": "", "2020-04-30": "", "2020-01-31": "", "2019-10-31": "", "2019-07-31": "", "2019-04-30": "", "2019-01-31": "", "2018-10-31": "", "2018-07-31": "", "2018-04-30": "", "2018-01-31": "", "2017-10-31": "", "2017-07-31": "", "2017-04-30": "", "2017-01-31": "", "2016-10-31": "", "2016-07-31": "", "2016-04-30": "", "2016-01-31": "", "2015-10-31": "", "2015-07-31": "", "2015-04-30": "", "2015-01-31": "", "2014-10-31": "", "2014-07-31": "", "2014-04-30": "", "2014-01-31": "", "2013-10-31": "", "2013-07-31": "", "2013-04-30": "", "2013-01-31": "", "2012-10-31": "", "2012-07-31": "", "2012-04-30": "", "2012-01-31": "", "2011-10-31": "", "2011-07-31": "", "2011-04-30": "", "2011-01-31": "", "2010-10-31": "", "2010-07-31": "", "2010-04-30": "", "2010-01-31": "", "2009-10-31": "", "2009-07-31": "", "2009-04-30": "", "2009-01-31": "", "2008-10-31": "", "2008-07-31": "", "2008-04-30": "", "2008-01-31": "", "2007-10-31": "", "2007-07-31": "", "2007-04-30": "", "2007-01-31": "", "2006-10-31": "", "2006-07-31": "", "2006-04-30": "", "2006-01-31": "", "2005-10-31": "", "2005-07-31": "", "2005-04-30": "", "2005-01-31": ""}, "SG&A Expenses": {"2020-10-31": "247.16700", "2020-07-31": "237.36900", "2020-04-30": "261.12200", "2020-01-31": "245.68300", "2019-10-31": "240.38000", "2019-07-31": "250.17000", "2019-04-30": "246.23390", "2019-01-31": "240.71500", "2018-10-31": "236.20700", "2018-07-31": "240.42600", "2018-04-30": "226.63490", "2018-01-31": "239.54800", "2017-10-31": "241.30100", "2017-07-31": "245.73800", "2017-04-30": "213.35400", "2017-01-31": "247.27800", "2016-10-31": "247.27000", "2016-07-31": "235.34000", "2016-04-30": "261.07100", "2016-01-31": "250.66700", "2015-10-31": "240.13600", "2015-07-31": "242.49800", "2015-04-30": "249.45900", "2015-01-31": "250.47900", "2014-10-31": "253.32800", "2014-07-31": "251.73400", "2014-04-30": "256.36600", "2014-01-31": "238.56900", "2013-10-31": "237.52600", "2013-07-31": "236.99500", "2013-04-30": "243.31500", "2013-01-31": "235.85700", "2012-10-31": "223.99000", "2012-07-31": "229.98600", "2012-04-30": "236.04500", "2012-01-31": "221.64800", "2011-10-31": "233.31500", "2011-07-31": "231.16900", "2011-04-30": "261.75000", "2011-01-31": "222.20600", "2010-10-31": "215.86300", "2010-07-31": "211.02800", "2010-04-30": "242.68800", "2010-01-31": "214.00900", "2009-10-31": "213.38300", "2009-07-31": "202.11300", "2009-04-30": "224.44400", "2009-01-31": "179.41200", "2008-10-31": "215.71300", "2008-07-31": "220.07900", "2008-04-30": "240.13500", "2008-01-31": "214.22300", "2007-10-31": "215.85200", "2007-07-31": "206.42500", "2007-04-30": "226.49500", "2007-01-31": "148.00800", "2006-10-31": "145.57700", "2006-07-31": "139.71300", "2006-04-30": "162.61800", "2006-01-31": "129.00700", "2005-10-31": "129.57300", "2005-07-31": "124.70600", "2005-04-30": "139.49400", "2005-01-31": "119.63000"}, "Other Operating Income Or Expenses": {"2020-10-31": "", "2020-07-31": "", "2020-04-30": "", "2020-01-31": "", "2019-10-31": "", "2019-07-31": "", "2019-04-30": "", "2019-01-31": "", "2018-10-31": "", "2018-07-31": "", "2018-04-30": "", "2018-01-31": "", "2017-10-31": "", "2017-07-31": "", "2017-04-30": "", "2017-01-31": "", "2016-10-31": "", "2016-07-31": "", "2016-04-30": "", "2016-01-31": "", "2015-10-31": "", "2015-07-31": "", "2015-04-30": "", "2015-01-31": "", "2014-10-31": "", "2014-07-31": "", "2014-04-30": "", "2014-01-31": "", "2013-10-31": "-4.78600", "2013-07-31": "", "2013-04-30": "-19.00400", "2013-01-31": "", "2012-10-31": "-5.69200", "2012-07-31": "", "2012-04-30": "", "2012-01-31": "", "2011-10-31": "", "2011-07-31": "", "2011-04-30": "", "2011-01-31": "-9.29000", "2010-10-31": "", "2010-07-31": "", "2010-04-30": "11.49800", "2010-01-31": "", "2009-10-31": "-11.49800", "2009-07-31": "", "2009-04-30": "", "2009-01-31": "", "2008-10-31": "", "2008-07-31": "", "2008-04-30": "", "2008-01-31": "", "2007-10-31": "", "2007-07-31": "", "2007-04-30": "", "2007-01-31": "", "2006-10-31": "", "2006-07-31": "", "2006-04-30": "", "2006-01-31": "", "2005-10-31": "", "2005-07-31": "", "2005-04-30": "", "2005-01-31": ""}, "Operating Expenses": {"2020-10-31": "421.10600", "2020-07-31": "401.28700", "2020-04-30": "645.34810", "2020-01-31": "418.63700", "2019-10-31": "402.81400", "2019-07-31": "418.97100", "2019-04-30": "411.15100", "2019-01-31": "399.02100", "2018-10-31": "391.14700", "2018-07-31": "374.76100", "2018-04-30": "404.54390", "2018-01-31": "390.28100", "2017-10-31": "370.94300", "2017-07-31": "398.87400", "2017-04-30": "383.34910", "2017-01-31": "385.29600", "2016-10-31": "377.94400", "2016-07-31": "360.47100", "2016-04-30": "390.98090", "2016-01-31": "396.77400", "2015-10-31": "373.09700", "2015-07-31": "378.07200", "2015-04-30": "383.58290", "2015-01-31": "411.86300", "2014-10-31": "400.96800", "2014-07-31": "388.28700", "2014-04-30": "409.54690", "2014-01-31": "384.55300", "2013-10-31": "398.96600", "2013-07-31": "375.45600", "2013-04-30": "431.98900", "2013-01-31": "388.80900", "2012-10-31": "368.81400", "2012-07-31": "371.73900", "2012-04-30": "384.75390", "2012-01-31": "372.65400", "2011-10-31": "374.99800", "2011-07-31": "369.91700", "2011-04-30": "407.20510", "2011-01-31": "378.20500", "2010-10-31": "364.11400", "2010-07-31": "344.87900", "2010-04-30": "392.26210", "2010-01-31": "358.83900", "2009-10-31": "372.64400", "2009-07-31": "332.72500", "2009-04-30": "362.71200", "2009-01-31": "311.10200", "2008-10-31": "361.75500", "2008-07-31": "357.34300", "2008-04-30": "383.61500", "2008-01-31": "361.40900", "2007-10-31": "361.12300", "2007-07-31": "342.37600", "2007-04-30": "356.21800", "2007-01-31": "246.00300", "2006-10-31": "242.46900", "2006-07-31": "228.47000", "2006-04-30": "243.36000", "2006-01-31": "224.08800", "2005-10-31": "219.21200", "2005-07-31": "204.59300", "2005-04-30": "221.57600", "2005-01-31": "208.00300"}, "Operating Income": {"2020-10-31": "69.90500", "2020-07-31": "30.03900", "2020-04-30": "-170.73100", "2020-01-31": "48.49400", "2019-10-31": "63.39100", "2019-07-31": "4.55900", "2019-04-30": "80.02790", "2019-01-31": "50.34600", "2018-10-31": "57.47500", "2018-07-31": "36.14000", "2018-04-30": "72.70910", "2018-01-31": "65.39400", "2017-10-31": "80.78800", "2017-07-31": "12.57000", "2017-04-30": "68.85190", "2017-01-31": "51.16000", "2016-10-31": "47.64400", "2016-07-31": "43.81400", "2016-04-30": "43.32020", "2016-01-31": "39.61900", "2015-10-31": "60.26500", "2015-07-31": "44.90900", "2015-04-30": "58.06310", "2015-01-31": "54.04200", "2014-10-31": "76.00400", "2014-07-31": "49.63000", "2014-04-30": "47.54200", "2014-01-31": "73.38000", "2013-10-31": "50.18700", "2013-07-31": "35.56400", "2013-04-30": "13.86500", "2013-01-31": "83.62600", "2012-10-31": "62.94100", "2012-07-31": "38.99500", "2012-04-30": "69.82310", "2012-01-31": "78.45700", "2011-10-31": "71.98700", "2011-07-31": "60.15200", "2011-04-30": "37.70900", "2011-01-31": "69.65000", "2010-10-31": "77.73000", "2010-07-31": "63.05900", "2010-04-30": "43.36480", "2010-01-31": "68.26300", "2009-10-31": "75.31400", "2009-07-31": "55.65000", "2009-04-30": "40.64700", "2009-01-31": "63.28100", "2008-10-31": "70.18600", "2008-07-31": "44.36400", "2008-04-30": "48.77610", "2008-01-31": "68.02300", "2007-10-31": "62.06600", "2007-07-31": "46.34600", "2007-04-30": "33.77900", "2007-01-31": "50.70700", "2006-10-31": "42.03300", "2006-07-31": "34.96200", "2006-04-30": "22.95110", "2006-01-31": "54.10100", "2005-10-31": "43.47100", "2005-07-31": "32.15600", "2005-04-30": "20.05500", "2005-01-31": "50.42500"}, "Total Non-Operating Income/Expense": {"2020-10-31": "-1.39200", "2020-07-31": "-0.30500", "2020-04-30": "2.52700", "2020-01-31": "-3.82200", "2019-10-31": "-6.91800", "2019-07-31": "-0.59200", "2019-04-30": "-2.69600", "2019-01-31": "-5.12900", "2018-10-31": "-1.15300", "2018-07-31": "-2.05900", "2018-04-30": "-2.61700", "2018-01-31": "-7.12700", "2017-10-31": "-1.31200", "2017-07-31": "-6.47400", "2017-04-30": "-10.46300", "2017-01-31": "-2.17600", "2016-10-31": "-4.24200", "2016-07-31": "-3.47300", "2016-04-30": "-4.31600", "2016-01-31": "-2.37300", "2015-10-31": "-3.64200", "2015-07-31": "-2.98900", "2015-04-30": "-4.30900", "2015-01-31": "-0.78200", "2014-10-31": "-3.18800", "2014-07-31": "-3.99900", "2014-04-30": "-3.21500", "2014-01-31": "-2.99000", "2013-10-31": "-3.48200", "2013-07-31": "-1.45200", "2013-04-30": "-2.91800", "2013-01-31": "-4.63200", "2012-10-31": "-3.67900", "2012-07-31": "-1.27600", "2012-04-30": "-3.19900", "2012-01-31": "-2.53100", "2011-10-31": "-1.22200", "2011-07-31": "-1.37200", "2011-04-30": "-1.90700", "2011-01-31": "-4.77400", "2010-10-31": "-4.43600", "2010-07-31": "-5.97100", "2010-04-30": "-6.25900", "2010-01-31": "-7.86100", "2009-10-31": "-9.73000", "2009-07-31": "-18.53300", "2009-04-30": "-10.36800", "2009-01-31": "-19.32300", "2008-10-31": "-15.97800", "2008-07-31": "-8.33400", "2008-04-30": "-14.15500", "2008-01-31": "-15.90700", "2007-10-31": "-17.04800", "2007-07-31": "-16.57300", "2007-04-30": "-14.58700", "2007-01-31": "-2.68900", "2006-10-31": "-2.79100", "2006-07-31": "-1.91200", "2006-04-30": "-1.59700", "2006-01-31": "-3.40700", "2005-10-31": "-2.32300", "2005-07-31": "-1.50800", "2005-04-30": "-0.99700", "2005-01-31": "-1.97400"}, "Pre-Tax Income": {"2020-10-31": "68.51300", "2020-07-31": "29.73400", "2020-04-30": "-168.20400", "2020-01-31": "44.67200", "2019-10-31": "56.47300", "2019-07-31": "3.96700", "2019-04-30": "77.33200", "2019-01-31": "45.21700", "2018-10-31": "56.32200", "2018-07-31": "34.08100", "2018-04-30": "70.09200", "2018-01-31": "58.26700", "2017-10-31": "79.47600", "2017-07-31": "6.09600", "2017-04-30": "58.38900", "2017-01-31": "48.98400", "2016-10-31": "43.40200", "2016-07-31": "40.34100", "2016-04-30": "39.00400", "2016-01-31": "37.24600", "2015-10-31": "56.62300", "2015-07-31": "41.92000", "2015-04-30": "53.75400", "2015-01-31": "53.26000", "2014-10-31": "72.81600", "2014-07-31": "45.63100", "2014-04-30": "44.32700", "2014-01-31": "70.39000", "2013-10-31": "46.70500", "2013-07-31": "34.11200", "2013-04-30": "10.94700", "2013-01-31": "78.99400", "2012-10-31": "59.26200", "2012-07-31": "37.71900", "2012-04-30": "66.62400", "2012-01-31": "75.92600", "2011-10-31": "70.76500", "2011-07-31": "58.78000", "2011-04-30": "35.80200", "2011-01-31": "64.87600", "2010-10-31": "73.29400", "2010-07-31": "57.08800", "2010-04-30": "37.10600", "2010-01-31": "60.40200", "2009-10-31": "65.58400", "2009-07-31": "37.11700", "2009-04-30": "30.27900", "2009-01-31": "43.95800", "2008-10-31": "54.20800", "2008-07-31": "36.03000", "2008-04-30": "34.62100", "2008-01-31": "52.11600", "2007-10-31": "45.01800", "2007-07-31": "29.77300", "2007-04-30": "19.19200", "2007-01-31": "48.01800", "2006-10-31": "39.24200", "2006-07-31": "33.05000", "2006-04-30": "21.35400", "2006-01-31": "50.69400", "2005-10-31": "41.14800", "2005-07-31": "30.64800", "2005-04-30": "19.05800", "2005-01-31": "48.45100"}, "Income Taxes": {"2020-10-31": "0.08100", "2020-07-31": "13.40000", "2020-04-30": "-10.16000", "2020-01-31": "9.22900", "2019-10-31": "11.78300", "2019-07-31": "0.34300", "2019-04-30": "14.09000", "2019-01-31": "10.27500", "2018-10-31": "12.53800", "2018-07-31": "7.78600", "2018-04-30": "16.03200", "2018-01-31": "-10.57500", "2017-10-31": "19.42800", "2017-07-31": "-3.14000", "2017-04-30": "11.72800", "2017-01-31": "1.56500", "2016-10-31": "54.85300", "2016-07-31": "9.32700", "2016-04-30": "4.79700", "2016-01-31": "1.72800", "2015-10-31": "13.02300", "2015-07-31": "9.46300", "2015-04-30": "6.85700", "2015-01-31": "10.71200", "2014-10-31": "19.03900", "2014-07-31": "11.98500", "2014-04-30": "8.43600", "2014-01-31": "17.90100", "2013-10-31": "10.50800", "2013-07-31": "-1.82100", "2013-04-30": "2.99600", "2013-01-31": "21.89400", "2012-10-31": "16.20500", "2012-07-31": "1.60200", "2012-04-30": "18.35900", "2012-01-31": "13.01700", "2011-10-31": "19.98900", "2011-07-31": "7.98400", "2011-04-30": "7.23300", "2011-01-31": "19.25900", "2010-10-31": "19.63600", "2010-07-31": "13.04300", "2010-04-30": "9.11100", "2010-01-31": "17.98800", "2009-10-31": "19.32700", "2009-07-31": "10.24000", "2009-04-30": "5.78100", "2009-01-31": "10.52700", "2008-10-31": "14.09800", "2008-07-31": "5.81100", "2008-04-30": "5.62800", "2008-01-31": "12.13200", "2007-10-31": "6.62800", "2007-07-31": "-10.39600", "2007-04-30": "4.82100", "2007-01-31": "14.60700", "2006-10-31": "9.35000", "2006-07-31": "11.10500", "2006-04-30": "6.83600", "2006-01-31": "9.74500", "2005-10-31": "14.14400", "2005-07-31": "2.79100", "2005-04-30": "14.35100", "2005-01-31": "15.66000"}, "Income After Taxes": {"2020-10-31": "68.43200", "2020-07-31": "16.33400", "2020-04-30": "-158.04400", "2020-01-31": "35.44300", "2019-10-31": "44.69000", "2019-07-31": "3.62400", "2019-04-30": "63.24200", "2019-01-31": "34.94200", "2018-10-31": "43.78400", "2018-07-31": "26.29500", "2018-04-30": "54.06000", "2018-01-31": "68.84200", "2017-10-31": "60.04800", "2017-07-31": "9.23600", "2017-04-30": "46.66100", "2017-01-31": "47.41900", "2016-10-31": "-11.45100", "2016-07-31": "31.01400", "2016-04-30": "34.20700", "2016-01-31": "35.51800", "2015-10-31": "43.60000", "2015-07-31": "32.45700", "2015-04-30": "46.89700", "2015-01-31": "42.54800", "2014-10-31": "53.77700", "2014-07-31": "33.64600", "2014-04-30": "35.89100", "2014-01-31": "52.48900", "2013-10-31": "36.19700", "2013-07-31": "35.93300", "2013-04-30": "7.95100", "2013-01-31": "57.10000", "2012-10-31": "43.05700", "2012-07-31": "36.11700", "2012-04-30": "48.26500", "2012-01-31": "62.90900", "2011-10-31": "50.77600", "2011-07-31": "50.79600", "2011-04-30": "28.56900", "2011-01-31": "45.61700", "2010-10-31": "53.65800", "2010-07-31": "44.04500", "2010-04-30": "27.99500", "2010-01-31": "42.41400", "2009-10-31": "46.25700", "2009-07-31": "26.87700", "2009-04-30": "24.49800", "2009-01-31": "33.43100", "2008-10-31": "40.11000", "2008-07-31": "30.21900", "2008-04-30": "28.99300", "2008-01-31": "39.98400", "2007-10-31": "38.39000", "2007-07-31": "40.16900", "2007-04-30": "14.37100", "2007-01-31": "33.41100", "2006-10-31": "29.89200", "2006-07-31": "21.94500", "2006-04-30": "14.51800", "2006-01-31": "40.94900", "2005-10-31": "27.00400", "2005-07-31": "27.85700", "2005-04-30": "4.70700", "2005-01-31": "32.79100"}, "Other Income": {"2020-10-31": "", "2020-07-31": "", "2020-04-30": "", "2020-01-31": "", "2019-10-31": "", "2019-07-31": "", "2019-04-30": "", "2019-01-31": "", "2018-10-31": "", "2018-07-31": "", "2018-04-30": "", "2018-01-31": "", "2017-10-31": "", "2017-07-31": "", "2017-04-30": "", "2017-01-31": "", "2016-10-31": "", "2016-07-31": "", "2016-04-30": "", "2016-01-31": "", "2015-10-31": "", "2015-07-31": "", "2015-04-30": "", "2015-01-31": "", "2014-10-31": "", "2014-07-31": "", "2014-04-30": "", "2014-01-31": "", "2013-10-31": "", "2013-07-31": "", "2013-04-30": "", "2013-01-31": "", "2012-10-31": "", "2012-07-31": "", "2012-04-30": "", "2012-01-31": "", "2011-10-31": "", "2011-07-31": "", "2011-04-30": "", "2011-01-31": "", "2010-10-31": "", "2010-07-31": "", "2010-04-30": "", "2010-01-31": "", "2009-10-31": "", "2009-07-31": "", "2009-04-30": "", "2009-01-31": "", "2008-10-31": "", "2008-07-31": "", "2008-04-30": "", "2008-01-31": "", "2007-10-31": "", "2007-07-31": "", "2007-04-30": "", "2007-01-31": "", "2006-10-31": "", "2006-07-31": "", "2006-04-30": "", "2006-01-31": "", "2005-10-31": "", "2005-07-31": "", "2005-04-30": "", "2005-01-31": ""}, "Income From Continuous Operations": {"2020-10-31": "68.43200", "2020-07-31": "16.33400", "2020-04-30": "-158.04400", "2020-01-31": "35.44300", "2019-10-31": "44.69000", "2019-07-31": "3.62400", "2019-04-30": "63.24200", "2019-01-31": "34.94200", "2018-10-31": "43.78400", "2018-07-31": "26.29500", "2018-04-30": "54.06000", "2018-01-31": "68.84200", "2017-10-31": "60.04800", "2017-07-31": "9.23600", "2017-04-30": "46.66100", "2017-01-31": "47.41900", "2016-10-31": "-11.45100", "2016-07-31": "31.01400", "2016-04-30": "34.20700", "2016-01-31": "35.51800", "2015-10-31": "43.60000", "2015-07-31": "32.45700", "2015-04-30": "46.89700", "2015-01-31": "42.54800", "2014-10-31": "53.77700", "2014-07-31": "33.64600", "2014-04-30": "35.89100", "2014-01-31": "52.48900", "2013-10-31": "36.19700", "2013-07-31": "35.93300", "2013-04-30": "7.95100", "2013-01-31": "57.10000", "2012-10-31": "43.05700", "2012-07-31": "36.11700", "2012-04-30": "48.26500", "2012-01-31": "62.90900", "2011-10-31": "50.77600", "2011-07-31": "50.79600", "2011-04-30": "28.56900", "2011-01-31": "45.61700", "2010-10-31": "53.65800", "2010-07-31": "44.04500", "2010-04-30": "27.99500", "2010-01-31": "42.41400", "2009-10-31": "46.25700", "2009-07-31": "26.87700", "2009-04-30": "24.49800", "2009-01-31": "33.43100", "2008-10-31": "40.11000", "2008-07-31": "30.21900", "2008-04-30": "28.99300", "2008-01-31": "39.98400", "2007-10-31": "38.39000", "2007-07-31": "40.16900", "2007-04-30": "14.37100", "2007-01-31": "33.41100", "2006-10-31": "29.89200", "2006-07-31": "21.94500", "2006-04-30": "14.51800", "2006-01-31": "40.94900", "2005-10-31": "27.00400", "2005-07-31": "27.85700", "2005-04-30": "4.70700", "2005-01-31": "32.79100"}, "Income From Discontinued Operations": {"2020-10-31": "", "2020-07-31": "", "2020-04-30": "", "2020-01-31": "", "2019-10-31": "", "2019-07-31": "", "2019-04-30": "", "2019-01-31": "", "2018-10-31": "", "2018-07-31": "", "2018-04-30": "", "2018-01-31": "", "2017-10-31": "", "2017-07-31": "", "2017-04-30": "", "2017-01-31": "", "2016-10-31": "", "2016-07-31": "", "2016-04-30": "", "2016-01-31": "", "2015-10-31": "", "2015-07-31": "", "2015-04-30": "", "2015-01-31": "", "2014-10-31": "", "2014-07-31": "", "2014-04-30": "", "2014-01-31": "", "2013-10-31": "", "2013-07-31": "", "2013-04-30": "", "2013-01-31": "", "2012-10-31": "", "2012-07-31": "", "2012-04-30": "", "2012-01-31": "", "2011-10-31": "", "2011-07-31": "", "2011-04-30": "", "2011-01-31": "", "2010-10-31": "", "2010-07-31": "", "2010-04-30": "", "2010-01-31": "", "2009-10-31": "", "2009-07-31": "", "2009-04-30": "", "2009-01-31": "", "2008-10-31": "", "2008-07-31": "", "2008-04-30": "", "2008-01-31": "", "2007-10-31": "", "2007-07-31": "", "2007-04-30": "", "2007-01-31": "", "2006-10-31": "", "2006-07-31": "", "2006-04-30": "", "2006-01-31": "", "2005-10-31": "", "2005-07-31": "", "2005-04-30": "", "2005-01-31": ""}, "Net Income": {"2020-10-31": "68.43200", "2020-07-31": "16.33400", "2020-04-30": "-158.04400", "2020-01-31": "35.44300", "2019-10-31": "44.69000", "2019-07-31": "3.62400", "2019-04-30": "63.24200", "2019-01-31": "34.94200", "2018-10-31": "43.78400", "2018-07-31": "26.29500", "2018-04-30": "54.06000", "2018-01-31": "68.84200", "2017-10-31": "60.04800", "2017-07-31": "9.23600", "2017-04-30": "46.66100", "2017-01-31": "47.41900", "2016-10-31": "-11.45100", "2016-07-31": "31.01400", "2016-04-30": "34.20700", "2016-01-31": "35.51800", "2015-10-31": "43.60000", "2015-07-31": "32.45700", "2015-04-30": "46.89700", "2015-01-31": "42.54800", "2014-10-31": "53.77700", "2014-07-31": "33.64600", "2014-04-30": "35.89100", "2014-01-31": "52.48900", "2013-10-31": "36.19700", "2013-07-31": "35.93300", "2013-04-30": "7.95100", "2013-01-31": "57.10000", "2012-10-31": "43.05700", "2012-07-31": "36.11700", "2012-04-30": "48.26500", "2012-01-31": "62.90900", "2011-10-31": "50.77600", "2011-07-31": "50.79600", "2011-04-30": "28.56900", "2011-01-31": "45.61700", "2010-10-31": "53.65800", "2010-07-31": "44.04500", "2010-04-30": "27.99500", "2010-01-31": "42.41400", "2009-10-31": "46.25700", "2009-07-31": "26.87700", "2009-04-30": "24.49800", "2009-01-31": "33.43100", "2008-10-31": "40.11000", "2008-07-31": "30.21900", "2008-04-30": "28.99300", "2008-01-31": "39.98400", "2007-10-31": "38.39000", "2007-07-31": "40.16900", "2007-04-30": "14.37100", "2007-01-31": "33.41100", "2006-10-31": "29.89200", "2006-07-31": "21.94500", "2006-04-30": "14.51800", "2006-01-31": "40.94900", "2005-10-31": "27.00400", "2005-07-31": "27.85700", "2005-04-30": "4.70700", "2005-01-31": "32.79100"}, "EBITDA": {"2020-10-31": "118.33500", "2020-07-31": "79.54600", "2020-04-30": "-124.14200", "2020-01-31": "92.17500", "2019-10-31": "106.02900", "2019-07-31": "46.77800", "2019-04-30": "121.52690", "2019-01-31": "90.17900", "2018-10-31": "97.12700", "2018-07-31": "76.31100", "2018-04-30": "111.94810", "2018-01-31": "101.32100", "2017-10-31": "118.80800", "2017-07-31": "53.37300", "2017-04-30": "108.06990", "2017-01-31": "90.88400", "2016-10-31": "85.83410", "2016-07-31": "83.24300", "2016-04-30": "81.05120", "2016-01-31": "79.87800", "2015-10-31": "99.56300", "2015-07-31": "83.47000", "2015-04-30": "96.20910", "2015-01-31": "92.74700", "2014-10-31": "115.37300", "2014-07-31": "87.33500", "2014-04-30": "85.03700", "2014-01-31": "110.34500", "2013-10-31": "87.22600", "2013-07-31": "72.16200", "2013-04-30": "52.80600", "2013-01-31": "122.70400", "2012-10-31": "98.34000", "2012-07-31": "75.09300", "2012-04-30": "106.72210", "2012-01-31": "113.14400", "2011-10-31": "105.29700", "2011-07-31": "93.34700", "2011-04-30": "72.93400", "2011-01-31": "102.99700", "2010-10-31": "110.43800", "2010-07-31": "94.28500", "2010-04-30": "75.17680", "2010-01-31": "99.18900", "2009-10-31": "105.46500", "2009-07-31": "85.64000", "2009-04-30": "69.17400", "2009-01-31": "92.18100", "2008-10-31": "98.81300", "2008-07-31": "74.05500", "2008-04-30": "78.83410", "2008-01-31": "97.30200", "2007-10-31": "90.89100", "2007-07-31": "74.10700", "2007-04-30": "62.05100", "2007-01-31": "71.31000", "2006-10-31": "61.78200", "2006-07-31": "54.66100", "2006-04-30": "43.97410", "2006-01-31": "75.25100", "2005-10-31": "63.56100", "2005-07-31": "51.89500", "2005-04-30": "42.05900", "2005-01-31": "70.07200"}, "EBIT": {"2020-10-31": "69.90500", "2020-07-31": "30.03900", "2020-04-30": "-170.73100", "2020-01-31": "48.49400", "2019-10-31": "63.39100", "2019-07-31": "4.55900", "2019-04-30": "80.02800", "2019-01-31": "50.34600", "2018-10-31": "57.47500", "2018-07-31": "36.14000", "2018-04-30": "72.70910", "2018-01-31": "65.39400", "2017-10-31": "80.78800", "2017-07-31": "12.57000", "2017-04-30": "68.85190", "2017-01-31": "51.16000", "2016-10-31": "47.64400", "2016-07-31": "43.81400", "2016-04-30": "43.32010", "2016-01-31": "39.61900", "2015-10-31": "60.26500", "2015-07-31": "44.90900", "2015-04-30": "58.06310", "2015-01-31": "54.04200", "2014-10-31": "76.00400", "2014-07-31": "49.63000", "2014-04-30": "47.54200", "2014-01-31": "73.38000", "2013-10-31": "50.18700", "2013-07-31": "35.56400", "2013-04-30": "13.86490", "2013-01-31": "83.62600", "2012-10-31": "62.94100", "2012-07-31": "38.99500", "2012-04-30": "69.82300", "2012-01-31": "78.45700", "2011-10-31": "71.98700", "2011-07-31": "60.15200", "2011-04-30": "37.70900", "2011-01-31": "69.65000", "2010-10-31": "77.73000", "2010-07-31": "63.05900", "2010-04-30": "43.36490", "2010-01-31": "68.26300", "2009-10-31": "75.31400", "2009-07-31": "55.65000", "2009-04-30": "40.64700", "2009-01-31": "63.28100", "2008-10-31": "70.18600", "2008-07-31": "44.36400", "2008-04-30": "48.77610", "2008-01-31": "68.02300", "2007-10-31": "62.06600", "2007-07-31": "46.34600", "2007-04-30": "33.77890", "2007-01-31": "50.70700", "2006-10-31": "42.03300", "2006-07-31": "34.96200", "2006-04-30": "22.95100", "2006-01-31": "54.10100", "2005-10-31": "43.47100", "2005-07-31": "32.15600", "2005-04-30": "20.05500", "2005-01-31": "50.42500"}, "Basic Shares Outstanding": {"2020-10-31": "56.00500", "2020-07-31": "55.91200", "2020-04-30": "56.20900", "2020-01-31": "56.07300", "2019-10-31": "56.32600", "2019-07-31": "56.53600", "2019-04-30": "57.19200", "2019-01-31": "57.15800", "2018-10-31": "57.37900", "2018-07-31": "57.43000", "2018-04-30": "57.04300", "2018-01-31": "57.03500", "2017-10-31": "56.87500", "2017-07-31": "57.01600", "2017-04-30": "57.33700", "2017-01-31": "57.22400", "2016-10-31": "57.53800", "2016-07-31": "57.43800", "2016-04-30": "57.99800", "2016-01-31": "57.67800", "2015-10-31": "58.16300", "2015-07-31": "58.67500", "2015-04-30": "58.73300", "2015-01-31": "58.51700", "2014-10-31": "58.96200", "2014-07-31": "58.94800", "2014-04-30": "58.63500", "2014-01-31": "58.73400", "2013-10-31": "58.53500", "2013-07-31": "58.44300", "2013-04-30": "59.44700", "2013-01-31": "59.62100", "2012-10-31": "59.85300", "2012-07-31": "59.48700", "2012-04-30": "60.18400", "2012-01-31": "59.99300", "2011-10-31": "60.51600", "2011-07-31": "60.67000", "2011-04-30": "60.16000", "2011-01-31": "60.38400", "2010-10-31": "59.99500", "2010-07-31": "59.87700", "2010-04-30": "58.49800", "2010-01-31": "58.51900", "2009-10-31": "58.23800", "2009-07-31": "58.16900", "2009-04-30": "58.41900", "2009-01-31": "58.04600", "2008-10-31": "58.58500", "2008-07-31": "58.50200", "2008-04-30": "57.92100", "2008-01-31": "57.94400", "2007-10-31": "57.61900", "2007-07-31": "57.41800", "2007-04-30": "56.93200", "2007-01-31": "56.91300", "2006-10-31": "56.77700", "2006-07-31": "56.75300", "2006-04-30": "58.07100", "2006-01-31": "57.71100", "2005-10-31": "58.57800", "2005-07-31": "58.91600", "2005-04-30": "60.72100", "2005-01-31": "60.51300"}, "Shares Outstanding": {"2020-10-31": "56.16500", "2020-07-31": "56.19300", "2020-04-30": "56.20900", "2020-01-31": "56.50300", "2019-10-31": "56.66400", "2019-07-31": "56.90500", "2019-04-30": "57.84000", "2019-01-31": "57.62600", "2018-10-31": "57.87000", "2018-07-31": "58.11400", "2018-04-30": "57.88800", "2018-01-31": "57.87100", "2017-10-31": "57.55400", "2017-07-31": "57.70900", "2017-04-30": "58.19900", "2017-01-31": "58.01200", "2016-10-31": "57.53800", "2016-07-31": "58.17600", "2016-04-30": "58.73400", "2016-01-31": "58.20400", "2015-10-31": "58.79000", "2015-07-31": "59.36600", "2015-04-30": "59.59400", "2015-01-31": "59.34300", "2014-10-31": "59.75600", "2014-07-31": "59.78400", "2014-04-30": "59.51400", "2014-01-31": "59.71300", "2013-10-31": "59.41600", "2013-07-31": "59.13400", "2013-04-30": "60.22400", "2013-01-31": "60.25400", "2012-10-31": "60.63300", "2012-07-31": "60.43300", "2012-04-30": "61.27200", "2012-01-31": "60.84500", "2011-10-31": "61.43200", "2011-07-31": "61.82400", "2011-04-30": "61.35900", "2011-01-31": "61.54900", "2010-10-31": "61.00500", "2010-07-31": "60.90500", "2010-04-30": "59.67900", "2010-01-31": "59.82600", "2009-10-31": "59.23500", "2009-07-31": "59.12300", "2009-04-30": "59.61000", "2009-01-31": "58.95400", "2008-10-31": "59.77200", "2008-07-31": "59.99200", "2008-04-30": "59.32300", "2008-01-31": "59.28000", "2007-10-31": "59.14700", "2007-07-31": "59.08600", "2007-04-30": "58.28700", "2007-01-31": "58.30600", "2006-10-31": "57.97100", "2006-07-31": "57.89900", "2006-04-30": "59.79200", "2006-01-31": "59.45900", "2005-10-31": "60.49700", "2005-07-31": "60.64200", "2005-04-30": "62.09300", "2005-01-31": "62.06400"}, "Basic EPS": {"2020-10-31": "1.22000", "2020-07-31": "0.29000", "2020-04-30": "-2.80000", "2020-01-31": "0.63000", "2019-10-31": "0.79000", "2019-07-31": "0.06000", "2019-04-30": "1.11000", "2019-01-31": "0.61000", "2018-10-31": "0.76000", "2018-07-31": "0.46000", "2018-04-30": "0.94000", "2018-01-31": "1.21000", "2017-10-31": "1.06000", "2017-07-31": "0.16000", "2017-04-30": "0.81000", "2017-01-31": "0.83000", "2016-10-31": "-0.20000", "2016-07-31": "0.54000", "2016-04-30": "0.59000", "2016-01-31": "0.62000", "2015-10-31": "0.75000", "2015-07-31": "0.55000", "2015-04-30": "0.81000", "2015-01-31": "0.72000", "2014-10-31": "0.91000", "2014-07-31": "0.57000", "2014-04-30": "0.61000", "2014-01-31": "0.89000", "2013-10-31": "0.62000", "2013-07-31": "0.61000", "2013-04-30": "0.14000", "2013-01-31": "0.96000", "2012-10-31": "0.72000", "2012-07-31": "0.61000", "2012-04-30": "0.80000", "2012-01-31": "1.05000", "2011-10-31": "0.84000", "2011-07-31": "0.84000", "2011-04-30": "0.47000", "2011-01-31": "0.76000", "2010-10-31": "0.89000", "2010-07-31": "0.74000", "2010-04-30": "0.48000", "2010-01-31": "0.72000", "2009-10-31": "0.79000", "2009-07-31": "0.46000", "2009-04-30": "0.42000", "2009-01-31": "0.58000", "2008-10-31": "0.68000", "2008-07-31": "0.52000", "2008-04-30": "0.49000", "2008-01-31": "0.69000", "2007-10-31": "0.67000", "2007-07-31": "0.70000", "2007-04-30": "0.26000", "2007-01-31": "0.57000", "2006-10-31": "0.53000", "2006-07-31": "0.39000", "2006-04-30": "0.26000", "2006-01-31": "0.71000", "2005-10-31": "0.46000", "2005-07-31": "0.47000", "2005-04-30": "0.09000", "2005-01-31": "0.54000"}, "EPS - Earnings Per Share": {"2020-10-31": "1.22000", "2020-07-31": "0.29000", "2020-04-30": "-2.80000", "2020-01-31": "0.63000", "2019-10-31": "0.79000", "2019-07-31": "0.06000", "2019-04-30": "1.09000", "2019-01-31": "0.61000", "2018-10-31": "0.76000", "2018-07-31": "0.45000", "2018-04-30": "0.93000", "2018-01-31": "1.19000", "2017-10-31": "1.04000", "2017-07-31": "0.16000", "2017-04-30": "0.80000", "2017-01-31": "0.82000", "2016-10-31": "-0.20000", "2016-07-31": "0.53000", "2016-04-30": "0.58000", "2016-01-31": "0.61000", "2015-10-31": "0.74000", "2015-07-31": "0.55000", "2015-04-30": "0.79000", "2015-01-31": "0.72000", "2014-10-31": "0.90000", "2014-07-31": "0.56000", "2014-04-30": "0.60000", "2014-01-31": "0.88000", "2013-10-31": "0.61000", "2013-07-31": "0.61000", "2013-04-30": "0.13000", "2013-01-31": "0.95000", "2012-10-31": "0.71000", "2012-07-31": "0.60000", "2012-04-30": "0.79000", "2012-01-31": "1.03000", "2011-10-31": "0.83000", "2011-07-31": "0.82000", "2011-04-30": "0.46000", "2011-01-31": "0.74000", "2010-10-31": "0.88000", "2010-07-31": "0.72000", "2010-04-30": "0.47000", "2010-01-31": "0.71000", "2009-10-31": "0.78000", "2009-07-31": "0.45000", "2009-04-30": "0.41000", "2009-01-31": "0.57000", "2008-10-31": "0.67000", "2008-07-31": "0.50000", "2008-04-30": "0.49000", "2008-01-31": "0.67000", "2007-10-31": "0.65000", "2007-07-31": "0.68000", "2007-04-30": "0.24000", "2007-01-31": "0.57000", "2006-10-31": "0.52000", "2006-07-31": "0.38000", "2006-04-30": "0.25000", "2006-01-31": "0.69000", "2005-10-31": "0.45000", "2005-07-31": "0.46000", "2005-04-30": "0.08000", "2005-01-31": "0.53000"}}, "balance sheet": {"Cash On Hand": {"2020-04-30": "202.46400", "2019-04-30": "92.89000", "2018-04-30": "169.77300", "2017-04-30": "58.51600", "2016-04-30": "363.80600", "2015-04-30": "457.44100", "2014-04-30": "486.37700", "2013-04-30": "334.14000", "2012-04-30": "259.83000", "2011-04-30": "201.85300", "2010-04-30": "153.51300", "2009-04-30": "102.82800", "2008-04-30": "59.31100", "2007-04-30": "71.49300", "2006-04-30": "60.75700", "2005-04-30": "99.40100"}, "Receivables": {"2020-04-30": "309.38400", "2019-04-30": "306.63100", "2018-04-30": "212.37700", "2017-04-30": "188.67900", "2016-04-30": "167.63800", "2015-04-30": "147.18300", "2014-04-30": "149.73300", "2013-04-30": "161.73100", "2012-04-30": "171.56100", "2011-04-30": "168.31000", "2010-04-30": "164.82700", "2009-04-30": "178.55000", "2008-04-30": "212.15800", "2007-04-30": "201.40700", "2006-04-30": "158.27500", "2005-04-30": "137.78700"}, "Inventory": {"2020-04-30": "43.61400", "2019-04-30": "35.58200", "2018-04-30": "39.48900", "2017-04-30": "47.85200", "2016-04-30": "57.77900", "2015-04-30": "63.77900", "2014-04-30": "75.49500", "2013-04-30": "82.01700", "2012-04-30": "101.23700", "2011-04-30": "106.42300", "2010-04-30": "108.07300", "2009-04-30": "111.26700", "2008-04-30": "118.20900", "2007-04-30": "112.86300", "2006-04-30": "88.57800", "2005-04-30": "83.37200"}, "Pre-Paid Expenses": {"2020-04-30": "59.46500", "2019-04-30": "67.44100", "2018-04-30": "58.33200", "2017-04-30": "64.68800", "2016-04-30": "81.45600", "2015-04-30": "72.51600", "2014-04-30": "78.05700", "2013-04-30": "57.08300", "2012-04-30": "41.97200", "2011-04-30": "50.90400", "2010-04-30": "51.70900", "2009-04-30": "46.92400", "2008-04-30": "45.30300", "2007-04-30": "18.68300", "2006-04-30": "13.16200", "2005-04-30": "12.43700"}, "Other Current Assets": {"2020-04-30": "", "2019-04-30": "", "2018-04-30": "", "2017-04-30": "", "2016-04-30": "", "2015-04-30": "", "2014-04-30": "", "2013-04-30": "", "2012-04-30": "", "2011-04-30": "", "2010-04-30": "", "2009-04-30": "", "2008-04-30": "", "2007-04-30": "", "2006-04-30": "", "2005-04-30": ""}, "Total Current Assets": {"2020-04-30": "614.92700", "2019-04-30": "502.54400", "2018-04-30": "479.97100", "2017-04-30": "359.73500", "2016-04-30": "670.67900", "2015-04-30": "740.91900", "2014-04-30": "789.66200", "2013-04-30": "634.97100", "2012-04-30": "574.60000", "2011-04-30": "527.49000", "2010-04-30": "478.12200", "2009-04-30": "439.56900", "2008-04-30": "434.98100", "2007-04-30": "421.18000", "2006-04-30": "326.30800", "2005-04-30": "338.91800"}, "Property, Plant, And Equipment": {"2020-04-30": "298.00500", "2019-04-30": "289.02100", "2018-04-30": "289.93400", "2017-04-30": "243.05800", "2016-04-30": "214.77000", "2015-04-30": "193.01000", "2014-04-30": "188.71800", "2013-04-30": "189.62500", "2012-04-30": "187.97900", "2011-04-30": "165.54100", "2010-04-30": "152.68400", "2009-04-30": "141.19600", "2008-04-30": "145.70900", "2007-04-30": "126.71200", "2006-04-30": "102.12300", "2005-04-30": "115.38300"}, "Long-Term Investments": {"2020-04-30": "", "2019-04-30": "", "2018-04-30": "", "2017-04-30": "", "2016-04-30": "", "2015-04-30": "", "2014-04-30": "", "2013-04-30": "", "2012-04-30": "", "2011-04-30": "", "2010-04-30": "", "2009-04-30": "", "2008-04-30": "", "2007-04-30": "", "2006-04-30": "", "2005-04-30": ""}, "Goodwill And Intangible Assets": {"2020-04-30": "1960.90500", "2019-04-30": "1997.42300", "2018-04-30": "1904.93000", "2017-04-30": "1838.52000", "2016-04-30": "1828.67000", "2015-04-30": "1879.98800", "2014-04-30": "1888.32600", "2013-04-30": "1790.49700", "2012-04-30": "1606.11400", "2011-04-30": "1575.62800", "2010-04-30": "1527.02900", "2009-04-30": "1509.36800", "2008-04-30": "1828.63100", "2007-04-30": "1870.43200", "2006-04-30": "500.80000", "2005-04-30": "486.60400"}, "Other Long-Term Assets": {"2020-04-30": "152.24100", "2019-04-30": "159.77800", "2018-04-30": "164.61600", "2017-04-30": "164.90400", "2016-04-30": "206.97700", "2015-04-30": "190.32600", "2014-04-30": "210.65900", "2013-04-30": "191.28200", "2012-04-30": "164.25300", "2011-04-30": "161.48200", "2010-04-30": "150.77500", "2009-04-30": "119.51000", "2008-04-30": "137.75800", "2007-04-30": "118.17700", "2006-04-30": "92.96900", "2005-04-30": "87.37900"}, "Total Long-Term Assets": {"2020-04-30": "2553.86700", "2019-04-30": "2446.22200", "2018-04-30": "2359.48000", "2017-04-30": "2246.48200", "2016-04-30": "2250.41700", "2015-04-30": "2263.32400", "2014-04-30": "2287.70300", "2013-04-30": "2171.40400", "2012-04-30": "1958.34600", "2011-04-30": "1902.65100", "2010-04-30": "1830.48800", "2009-04-30": "1784.13900", "2008-04-30": "2141.23400", "2007-04-30": "2131.88900", "2006-04-30": "699.70100", "2005-04-30": "693.65100"}, "Total Assets": {"2020-04-30": "3168.79400", "2019-04-30": "2948.76600", "2018-04-30": "2839.45100", "2017-04-30": "2606.21700", "2016-04-30": "2921.09600", "2015-04-30": "3004.24300", "2014-04-30": "3077.36500", "2013-04-30": "2806.37500", "2012-04-30": "2532.94600", "2011-04-30": "2430.14100", "2010-04-30": "2308.61000", "2009-04-30": "2223.70800", "2008-04-30": "2576.21500", "2007-04-30": "2553.06900", "2006-04-30": "1026.00900", "2005-04-30": "1032.56900"}, "Total Current Liabilities": {"2020-04-30": "927.26900", "2019-04-30": "882.32600", "2018-04-30": "874.31100", "2017-04-30": "787.85600", "2016-04-30": "781.80700", "2015-04-30": "803.68300", "2014-04-30": "729.58700", "2013-04-30": "667.16900", "2012-04-30": "640.93000", "2011-04-30": "756.36500", "2010-04-30": "666.78000", "2009-04-30": "596.96700", "2008-04-30": "678.56200", "2007-04-30": "620.83700", "2006-04-30": "362.10900", "2005-04-30": "341.31100"}, "Long Term Debt": {"2020-04-30": "765.65000", "2019-04-30": "478.79000", "2018-04-30": "360.00000", "2017-04-30": "365.00000", "2016-04-30": "605.00700", "2015-04-30": "650.09000", "2014-04-30": "700.10000", "2013-04-30": "673.00000", "2012-04-30": "475.00000", "2011-04-30": "330.50000", "2010-04-30": "559.00000", "2009-04-30": "754.90000", "2008-04-30": "797.31800", "2007-04-30": "977.72100", "2006-04-30": "160.49600", "2005-04-30": "196.21400"}, "Other Non-Current Liabilities": {"2020-04-30": "75.37300", "2019-04-30": "96.19700", "2018-04-30": "80.76400", "2017-04-30": "75.13600", "2016-04-30": "83.13800", "2015-04-30": "86.75600", "2014-04-30": "78.31400", "2013-04-30": "75.96200", "2012-04-30": "71.91700", "2011-04-30": "80.88400", "2010-04-30": "73.44500", "2009-04-30": "91.29200", "2008-04-30": "100.42100", "2007-04-30": "41.17400", "2006-04-30": "35.62700", "2005-04-30": "34.65200"}, "Total Long Term Liabilities": {"2020-04-30": "1307.90100", "2019-04-30": "885.09300", "2018-04-30": "774.58300", "2017-04-30": "815.22400", "2016-04-30": "1102.18300", "2015-04-30": "1145.52000", "2014-04-30": "1165.53000", "2013-04-30": "1150.85000", "2012-04-30": "874.44800", "2011-04-30": "695.88700", "2010-04-30": "919.39400", "2009-04-30": "1113.22500", "2008-04-30": "1208.53500", "2007-04-30": "1402.72400", "2006-04-30": "262.06000", "2005-04-30": "294.68400"}, "Total Liabilities": {"2020-04-30": "2235.17000", "2019-04-30": "1767.41900", "2018-04-30": "1648.89400", "2017-04-30": "1603.08000", "2016-04-30": "1883.99000", "2015-04-30": "1949.20300", "2014-04-30": "1895.11700", "2013-04-30": "1818.01900", "2012-04-30": "1515.37800", "2011-04-30": "1452.25200", "2010-04-30": "1586.17400", "2009-04-30": "1710.19200", "2008-04-30": "1887.09700", "2007-04-30": "2023.56100", "2006-04-30": "624.16900", "2005-04-30": "635.99500"}, "Common Stock Net": {"2020-04-30": "83.18200", "2019-04-30": "83.18200", "2018-04-30": "83.18200", "2017-04-30": "83.18200", "2016-04-30": "83.19000", "2015-04-30": "83.19000", "2014-04-30": "83.19000", "2013-04-30": "83.19000", "2012-04-30": "83.19000", "2011-04-30": "83.19000", "2010-04-30": "83.19100", "2009-04-30": "83.19100", "2008-04-30": "83.19100", "2007-04-30": "83.19100", "2006-04-30": "83.19100", "2005-04-30": "83.19100"}, "Retained Earnings (Accumulated Deficit)": {"2020-04-30": "1780.12900", "2019-04-30": "1931.07400", "2018-04-30": "1834.05700", "2017-04-30": "1715.42300", "2016-04-30": "1673.32500", "2015-04-30": "1597.43900", "2014-04-30": "1489.06900", "2013-04-30": "1387.51200", "2012-04-30": "1300.71300", "2011-04-30": "1136.22400", "2010-04-30": "1003.09900", "2009-04-30": "892.54200", "2008-04-30": "794.76200", "2007-04-30": "673.25400", "2006-04-30": "596.47400", "2005-04-30": "507.24900"}, "Comprehensive Income": {"2020-04-30": "-575.49700", "2019-04-30": "-508.73800", "2018-04-30": "-442.59900", "2017-04-30": "-509.71400", "2016-04-30": "-447.32500", "2015-04-30": "-406.28800", "2014-04-30": "-189.68900", "2013-04-30": "-278.63200", "2012-04-30": "-200.41000", "2011-04-30": "-65.80800", "2010-04-30": "-227.64600", "2009-04-30": "-258.39800", "2008-04-30": "12.64800", "2007-04-30": "26.75900", "2006-04-30": "7.66900", "2005-04-30": "-1.09200"}, "Other Share Holders Equity": {"2020-04-30": "", "2019-04-30": "", "2018-04-30": "3.01900", "2017-04-30": "2.42700", "2016-04-30": "-0.36100", "2015-04-30": "-0.34500", "2014-04-30": "-0.60200", "2013-04-30": "", "2012-04-30": "", "2011-04-30": "-0.29700", "2010-04-30": "", "2009-04-30": "", "2008-04-30": "", "2007-04-30": "-1.80200", "2006-04-30": "", "2005-04-30": ""}, "Share Holder Equity": {"2020-04-30": "933.62400", "2019-04-30": "1181.34700", "2018-04-30": "1190.55700", "2017-04-30": "1003.13700", "2016-04-30": "1037.10600", "2015-04-30": "1055.04000", "2014-04-30": "1182.24800", "2013-04-30": "988.35600", "2012-04-30": "1017.56800", "2011-04-30": "977.88900", "2010-04-30": "722.43600", "2009-04-30": "513.51600", "2008-04-30": "689.11800", "2007-04-30": "529.50800", "2006-04-30": "401.84000", "2005-04-30": "396.57400"}, "Total Liabilities And Share Holders Equity": {"2020-04-30": "3168.79400", "2019-04-30": "2948.76600", "2018-04-30": "2839.45100", "2017-04-30": "2606.21700", "2016-04-30": "2921.09600", "2015-04-30": "3004.24300", "2014-04-30": "3077.36500", "2013-04-30": "2806.37500", "2012-04-30": "2532.94600", "2011-04-30": "2430.14100", "2010-04-30": "2308.61000", "2009-04-30": "2223.70800", "2008-04-30": "2576.21500", "2007-04-30": "2553.06900", "2006-04-30": "1026.00900", "2005-04-30": "1032.56900"}}, "balance sheet, quarterly": {"Cash On Hand": {"2020-10-31": "86.06300", "2020-07-31": "101.38500", "2020-04-30": "202.46400", "2020-01-31": "117.35500", "2019-10-31": "107.74400", "2019-07-31": "104.02500", "2019-04-30": "92.89000", "2019-01-31": "132.75800", "2018-10-31": "115.60300", "2018-07-31": "113.10800", "2018-04-30": "169.77300", "2018-01-31": "128.21700", "2017-10-31": "72.87100", "2017-07-31": "84.11300", "2017-04-30": "58.51600", "2017-01-31": "482.32100", "2016-10-31": "267.41000", "2016-07-31": "185.89400", "2016-04-30": "363.80600", "2016-01-31": "535.85900", "2015-10-31": "308.23500", "2015-07-31": "369.41300", "2015-04-30": "457.44100", "2015-01-31": "260.21500", "2014-10-31": "198.91200", "2014-07-31": "255.85700", "2014-04-30": "486.37700", "2014-01-31": "315.98500", "2013-10-31": "149.66200", "2013-07-31": "189.79500", "2013-04-30": "334.14000", "2013-01-31": "285.85800", "2012-10-31": "92.56500", "2012-07-31": "149.30000", "2012-04-30": "259.83000", "2012-01-31": "284.45600", "2011-10-31": "82.29400", "2011-07-31": "121.73300", "2011-04-30": "201.85300", "2011-01-31": "305.44100", "2010-10-31": "112.31100", "2010-07-31": "113.88000", "2010-04-30": "153.51300", "2010-01-31": "67.47300", "2009-10-31": "61.12700", "2009-07-31": "68.19700", "2009-04-30": "102.82800", "2009-01-31": "72.41000", "2008-10-31": "31.39200", "2008-07-31": "46.87300", "2008-04-30": "59.31100", "2008-01-31": "220.82000", "2007-10-31": "64.02000", "2007-07-31": "113.80600", "2007-04-30": "71.49300", "2007-01-31": "30.61800", "2006-10-31": "25.23900", "2006-07-31": "25.63100", "2006-04-30": "60.75700", "2006-01-31": "75.30100", "2005-10-31": "17.56400", "2005-07-31": "13.07500", "2005-04-30": "99.40100", "2005-01-31": "139.84100"}, "Receivables": {"2020-10-31": "273.26400", "2020-07-31": "282.41200", "2020-04-30": "309.38400", "2020-01-31": "301.52100", "2019-10-31": "235.46600", "2019-07-31": "281.05500", "2019-04-30": "306.63100", "2019-01-31": "194.76400", "2018-10-31": "236.20700", "2018-07-31": "272.14300", "2018-04-30": "212.37700", "2018-01-31": "239.63700", "2017-10-31": "193.50600", "2017-07-31": "198.57600", "2017-04-30": "188.67900", "2017-01-31": "220.84500", "2016-10-31": "212.59000", "2016-07-31": "213.96800", "2016-04-30": "167.63800", "2016-01-31": "235.80600", "2015-10-31": "183.44700", "2015-07-31": "202.57000", "2015-04-30": "147.18300", "2015-01-31": "220.31100", "2014-10-31": "204.42400", "2014-07-31": "202.77000", "2014-04-30": "149.73300", "2014-01-31": "205.79600", "2013-10-31": "180.17500", "2013-07-31": "184.71400", "2013-04-30": "161.73100", "2013-01-31": "238.11200", "2012-10-31": "195.96100", "2012-07-31": "199.63700", "2012-04-30": "171.56100", "2012-01-31": "218.37000", "2011-10-31": "202.43400", "2011-07-31": "197.88000", "2011-04-30": "168.31000", "2011-01-31": "208.76800", "2010-10-31": "201.57100", "2010-07-31": "204.46300", "2010-04-30": "164.82700", "2010-01-31": "246.04100", "2009-10-31": "229.30200", "2009-07-31": "212.11700", "2009-04-30": "178.55000", "2009-01-31": "218.60200", "2008-10-31": "217.17900", "2008-07-31": "230.35400", "2008-04-30": "212.15800", "2008-01-31": "248.16500", "2007-10-31": "225.53100", "2007-07-31": "211.74700", "2007-04-30": "201.40700", "2007-01-31": "186.50600", "2006-10-31": "173.68200", "2006-07-31": "170.13100", "2006-04-30": "158.27500", "2006-01-31": "177.11800", "2005-10-31": "161.55300", "2005-07-31": "155.72100", "2005-04-30": "137.78700", "2005-01-31": "166.58800"}, "Inventory": {"2020-10-31": "42.16900", "2020-07-31": "45.05100", "2020-04-30": "43.61400", "2020-01-31": "43.13900", "2019-10-31": "45.03200", "2019-07-31": "44.81100", "2019-04-30": "35.58200", "2019-01-31": "35.26400", "2018-10-31": "35.08400", "2018-07-31": "36.57200", "2018-04-30": "39.48900", "2018-01-31": "43.80000", "2017-10-31": "43.54000", "2017-07-31": "47.89200", "2017-04-30": "47.85200", "2017-01-31": "49.24700", "2016-10-31": "51.77900", "2016-07-31": "54.82200", "2016-04-30": "57.77900", "2016-01-31": "53.74700", "2015-10-31": "58.15400", "2015-07-31": "58.68000", "2015-04-30": "63.77900", "2015-01-31": "65.02700", "2014-10-31": "70.94100", "2014-07-31": "74.60800", "2014-04-30": "75.49500", "2014-01-31": "79.16800", "2013-10-31": "81.36800", "2013-07-31": "81.00500", "2013-04-30": "82.01700", "2013-01-31": "85.99900", "2012-10-31": "89.30800", "2012-07-31": "93.32200", "2012-04-30": "101.23700", "2012-01-31": "104.94800", "2011-10-31": "104.85800", "2011-07-31": "103.50400", "2011-04-30": "106.42300", "2011-01-31": "110.23100", "2010-10-31": "110.60000", "2010-07-31": "107.83000", "2010-04-30": "108.07300", "2010-01-31": "101.56000", "2009-10-31": "105.74100", "2009-07-31": "110.55800", "2009-04-30": "111.26700", "2009-01-31": "108.29500", "2008-10-31": "111.32400", "2008-07-31": "116.85600", "2008-04-30": "118.20900", "2008-01-31": "110.27500", "2007-10-31": "113.44200", "2007-07-31": "110.94900", "2007-04-30": "112.86300", "2007-01-31": "95.03300", "2006-10-31": "90.43300", "2006-07-31": "89.94900", "2006-04-30": "88.57800", "2006-01-31": "88.31800", "2005-10-31": "87.32900", "2005-07-31": "83.32900", "2005-04-30": "83.37200", "2005-01-31": "78.13300"}, "Pre-Paid Expenses": {"2020-10-31": "75.80100", "2020-07-31": "59.15500", "2020-04-30": "59.46500", "2020-01-31": "71.07500", "2019-10-31": "58.92600", "2019-07-31": "61.29200", "2019-04-30": "67.44100", "2019-01-31": "68.65700", "2018-10-31": "61.97300", "2018-07-31": "66.48100", "2018-04-30": "58.33200", "2018-01-31": "64.00100", "2017-10-31": "54.09200", "2017-07-31": "66.17700", "2017-04-30": "64.68800", "2017-01-31": "124.05800", "2016-10-31": "147.75300", "2016-07-31": "119.39200", "2016-04-30": "81.45600", "2016-01-31": "71.52900", "2015-10-31": "68.95100", "2015-07-31": "76.27600", "2015-04-30": "72.51600", "2015-01-31": "68.36900", "2014-10-31": "66.23300", "2014-07-31": "68.52600", "2014-04-30": "78.05700", "2014-01-31": "60.54000", "2013-10-31": "52.37700", "2013-07-31": "48.90100", "2013-04-30": "57.08300", "2013-01-31": "53.55200", "2012-10-31": "61.95900", "2012-07-31": "47.79800", "2012-04-30": "41.97200", "2012-01-31": "34.07000", "2011-10-31": "33.14700", "2011-07-31": "41.09800", "2011-04-30": "50.90400", "2011-01-31": "40.94300", "2010-10-31": "28.85800", "2010-07-31": "33.42200", "2010-04-30": "51.70900", "2010-01-31": "30.33200", "2009-10-31": "19.71600", "2009-07-31": "37.09900", "2009-04-30": "46.92400", "2009-01-31": "24.91800", "2008-10-31": "22.21000", "2008-07-31": "28.11100", "2008-04-30": "45.30300", "2008-01-31": "28.69300", "2007-10-31": "19.88300", "2007-07-31": "20.22500", "2007-04-30": "18.68300", "2007-01-31": "12.57100", "2006-10-31": "10.90400", "2006-07-31": "11.07200", "2006-04-30": "13.16200", "2006-01-31": "12.67000", "2005-10-31": "11.36000", "2005-07-31": "12.39800", "2005-04-30": "12.43700", "2005-01-31": "13.59700"}, "Other Current Assets": {"2020-10-31": "", "2020-07-31": "", "2020-04-30": "", "2020-01-31": "", "2019-10-31": "", "2019-07-31": "", "2019-04-30": "", "2019-01-31": "", "2018-10-31": "", "2018-07-31": "", "2018-04-30": "", "2018-01-31": "", "2017-10-31": "", "2017-07-31": "", "2017-04-30": "", "2017-01-31": "", "2016-10-31": "", "2016-07-31": "", "2016-04-30": "", "2016-01-31": "", "2015-10-31": "", "2015-07-31": "", "2015-04-30": "", "2015-01-31": "", "2014-10-31": "", "2014-07-31": "", "2014-04-30": "", "2014-01-31": "", "2013-10-31": "", "2013-07-31": "", "2013-04-30": "", "2013-01-31": "", "2012-10-31": "", "2012-07-31": "", "2012-04-30": "", "2012-01-31": "", "2011-10-31": "", "2011-07-31": "", "2011-04-30": "", "2011-01-31": "", "2010-10-31": "", "2010-07-31": "", "2010-04-30": "", "2010-01-31": "", "2009-10-31": "", "2009-07-31": "", "2009-04-30": "", "2009-01-31": "", "2008-10-31": "", "2008-07-31": "", "2008-04-30": "", "2008-01-31": "", "2007-10-31": "", "2007-07-31": "", "2007-04-30": "", "2007-01-31": "", "2006-10-31": "", "2006-07-31": "", "2006-04-30": "", "2006-01-31": "", "2005-10-31": "", "2005-07-31": "", "2005-04-30": "", "2005-01-31": ""}, "Total Current Assets": {"2020-10-31": "477.29700", "2020-07-31": "488.00300", "2020-04-30": "614.92700", "2020-01-31": "533.09000", "2019-10-31": "447.16800", "2019-07-31": "491.18300", "2019-04-30": "502.54400", "2019-01-31": "431.44300", "2018-10-31": "448.86700", "2018-07-31": "488.30400", "2018-04-30": "479.97100", "2018-01-31": "475.65500", "2017-10-31": "364.00900", "2017-07-31": "396.75800", "2017-04-30": "359.73500", "2017-01-31": "876.47100", "2016-10-31": "679.53200", "2016-07-31": "574.07600", "2016-04-30": "670.67900", "2016-01-31": "896.94100", "2015-10-31": "618.78700", "2015-07-31": "706.93900", "2015-04-30": "740.91900", "2015-01-31": "613.92200", "2014-10-31": "540.51000", "2014-07-31": "601.76100", "2014-04-30": "789.66200", "2014-01-31": "661.48900", "2013-10-31": "463.58200", "2013-07-31": "504.41500", "2013-04-30": "634.97100", "2013-01-31": "663.52100", "2012-10-31": "439.79300", "2012-07-31": "490.05700", "2012-04-30": "574.60000", "2012-01-31": "641.84400", "2011-10-31": "422.73300", "2011-07-31": "464.21500", "2011-04-30": "527.49000", "2011-01-31": "665.38300", "2010-10-31": "453.34000", "2010-07-31": "459.59500", "2010-04-30": "478.12200", "2010-01-31": "445.40600", "2009-10-31": "415.88600", "2009-07-31": "427.97100", "2009-04-30": "439.56900", "2009-01-31": "424.22500", "2008-10-31": "382.10500", "2008-07-31": "422.19400", "2008-04-30": "434.98100", "2008-01-31": "619.10000", "2007-10-31": "437.86600", "2007-07-31": "473.36400", "2007-04-30": "421.18000", "2007-01-31": "333.15500", "2006-10-31": "307.76600", "2006-07-31": "303.00100", "2006-04-30": "326.30800", "2006-01-31": "363.22200", "2005-10-31": "283.72700", "2005-07-31": "270.44400", "2005-04-30": "338.91800", "2005-01-31": "408.06800"}, "Property, Plant, And Equipment": {"2020-10-31": "290.07100", "2020-07-31": "295.45700", "2020-04-30": "298.00500", "2020-01-31": "297.07300", "2019-10-31": "294.76100", "2019-07-31": "292.53500", "2019-04-30": "289.02100", "2019-01-31": "286.17200", "2018-10-31": "286.30800", "2018-07-31": "288.12400", "2018-04-30": "289.93400", "2018-01-31": "273.63400", "2017-10-31": "274.62400", "2017-07-31": "265.29100", "2017-04-30": "243.05800", "2017-01-31": "241.38500", "2016-10-31": "248.28100", "2016-07-31": "214.74000", "2016-04-30": "214.77000", "2016-01-31": "207.51500", "2015-10-31": "205.36200", "2015-07-31": "198.88900", "2015-04-30": "193.01000", "2015-01-31": "187.64300", "2014-10-31": "190.81100", "2014-07-31": "195.27000", "2014-04-30": "188.71800", "2014-01-31": "181.09200", "2013-10-31": "184.05000", "2013-07-31": "189.72500", "2013-04-30": "189.62500", "2013-01-31": "193.85600", "2012-10-31": "192.46800", "2012-07-31": "188.55100", "2012-04-30": "187.97900", "2012-01-31": "172.52700", "2011-10-31": "168.80700", "2011-07-31": "165.71200", "2011-04-30": "165.54100", "2011-01-31": "153.36700", "2010-10-31": "153.06000", "2010-07-31": "150.98700", "2010-04-30": "152.68400", "2010-01-31": "149.11500", "2009-10-31": "149.31000", "2009-07-31": "146.48400", "2009-04-30": "141.19600", "2009-01-31": "132.45400", "2008-10-31": "134.12300", "2008-07-31": "146.06300", "2008-04-30": "145.70900", "2008-01-31": "132.00500", "2007-10-31": "129.62600", "2007-07-31": "124.04700", "2007-04-30": "126.71200", "2007-01-31": "108.42000", "2006-10-31": "104.00600", "2006-07-31": "102.21200", "2006-04-30": "102.12300", "2006-01-31": "102.59400", "2005-10-31": "104.89700", "2005-07-31": "108.23900", "2005-04-30": "115.38300", "2005-01-31": "115.08300"}, "Long-Term Investments": {"2020-10-31": "", "2020-07-31": "", "2020-04-30": "", "2020-01-31": "", "2019-10-31": "", "2019-07-31": "", "2019-04-30": "", "2019-01-31": "", "2018-10-31": "", "2018-07-31": "", "2018-04-30": "", "2018-01-31": "", "2017-10-31": "", "2017-07-31": "", "2017-04-30": "", "2017-01-31": "", "2016-10-31": "", "2016-07-31": "", "2016-04-30": "", "2016-01-31": "", "2015-10-31": "", "2015-07-31": "", "2015-04-30": "", "2015-01-31": "", "2014-10-31": "", "2014-07-31": "", "2014-04-30": "", "2014-01-31": "", "2013-10-31": "", "2013-07-31": "", "2013-04-30": "", "2013-01-31": "", "2012-10-31": "", "2012-07-31": "", "2012-04-30": "", "2012-01-31": "", "2011-10-31": "", "2011-07-31": "", "2011-04-30": "", "2011-01-31": "", "2010-10-31": "", "2010-07-31": "", "2010-04-30": "", "2010-01-31": "", "2009-10-31": "", "2009-07-31": "", "2009-04-30": "", "2009-01-31": "", "2008-10-31": "", "2008-07-31": "", "2008-04-30": "", "2008-01-31": "", "2007-10-31": "", "2007-07-31": "", "2007-04-30": "", "2007-01-31": "", "2006-10-31": "", "2006-07-31": "", "2006-04-30": "", "2006-01-31": "", "2005-10-31": "", "2005-07-31": "", "2005-04-30": "", "2005-01-31": ""}, "Goodwill And Intangible Assets": {"2020-10-31": "1965.01400", "2020-07-31": "1991.52300", "2020-04-30": "1960.90500", "2020-01-31": "2194.95200", "2019-10-31": "2040.28300", "2019-07-31": "2026.84000", "2019-04-30": "1997.42300", "2019-01-31": "2038.72800", "2018-10-31": "1789.20800", "2018-07-31": "1833.62900", "2018-04-30": "1904.93000", "2018-01-31": "1934.20300", "2017-10-31": "1840.57000", "2017-07-31": "1851.25400", "2017-04-30": "1838.52000", "2017-01-31": "1815.70500", "2016-10-31": "1807.38300", "2016-07-31": "1772.82200", "2016-04-30": "1828.67000", "2016-01-31": "1811.02000", "2015-10-31": "1880.74500", "2015-07-31": "1891.40300", "2015-04-30": "1879.98800", "2015-01-31": "1898.11700", "2014-10-31": "1995.90800", "2014-07-31": "2069.27600", "2014-04-30": "1888.32600", "2014-01-31": "1818.63800", "2013-10-31": "1812.89700", "2013-07-31": "1773.18000", "2013-04-30": "1790.49700", "2013-01-31": "1834.20700", "2012-10-31": "1830.95800", "2012-07-31": "1553.71900", "2012-04-30": "1606.11400", "2012-01-31": "1498.18900", "2011-10-31": "1528.43700", "2011-07-31": "1563.14600", "2011-04-30": "1575.62800", "2011-01-31": "1539.18300", "2010-10-31": "1548.15500", "2010-07-31": "1526.71300", "2010-04-30": "1527.02900", "2010-01-31": "1586.14400", "2009-10-31": "1611.22300", "2009-07-31": "1627.41300", "2009-04-30": "1509.36800", "2009-01-31": "1425.25300", "2008-10-31": "1578.95000", "2008-07-31": "1839.43300", "2008-04-30": "1828.63100", "2008-01-31": "1827.65000", "2007-10-31": "1884.64800", "2007-07-31": "1882.85700", "2007-04-30": "1870.43200", "2007-01-31": "514.81100", "2006-10-31": "509.77100", "2006-07-31": "504.26400", "2006-04-30": "500.80000", "2006-01-31": "501.92100", "2005-10-31": "500.35400", "2005-07-31": "494.04900", "2005-04-30": "486.60400", "2005-01-31": "480.37100"}, "Other Long-Term Assets": {"2020-10-31": "150.92800", "2020-07-31": "154.16500", "2020-04-30": "152.24100", "2020-01-31": "157.16000", "2019-10-31": "154.67300", "2019-07-31": "162.14500", "2019-04-30": "159.77800", "2019-01-31": "155.28300", "2018-10-31": "156.44800", "2018-07-31": "162.07200", "2018-04-30": "164.61600", "2018-01-31": "175.35300", "2017-10-31": "153.62700", "2017-07-31": "153.80100", "2017-04-30": "164.90400", "2017-01-31": "169.47700", "2016-10-31": "118.25800", "2016-07-31": "181.62400", "2016-04-30": "206.97700", "2016-01-31": "198.93200", "2015-10-31": "177.93300", "2015-07-31": "184.36900", "2015-04-30": "190.32600", "2015-01-31": "194.32600", "2014-10-31": "185.54600", "2014-07-31": "202.72900", "2014-04-30": "210.65900", "2014-01-31": "212.02700", "2013-10-31": "189.93200", "2013-07-31": "188.96400", "2013-04-30": "191.28200", "2013-01-31": "155.24500", "2012-10-31": "135.76500", "2012-07-31": "152.82200", "2012-04-30": "164.25300", "2012-01-31": "166.08100", "2011-10-31": "147.72500", "2011-07-31": "155.44700", "2011-04-30": "161.48200", "2011-01-31": "162.92500", "2010-10-31": "149.69300", "2010-07-31": "148.81800", "2010-04-30": "150.77500", "2010-01-31": "145.68900", "2009-10-31": "130.53800", "2009-07-31": "126.50800", "2009-04-30": "119.51000", "2009-01-31": "132.30100", "2008-10-31": "125.63700", "2008-07-31": "131.72200", "2008-04-30": "137.75800", "2008-01-31": "139.84800", "2007-10-31": "125.31700", "2007-07-31": "115.73700", "2007-04-30": "118.17700", "2007-01-31": "96.54800", "2006-10-31": "95.23100", "2006-07-31": "94.03700", "2006-04-30": "92.96900", "2006-01-31": "90.75300", "2005-10-31": "90.37900", "2005-07-31": "86.11900", "2005-04-30": "87.37900", "2005-01-31": "82.43400"}, "Total Long-Term Assets": {"2020-10-31": "2543.10800", "2020-07-31": "2580.94300", "2020-04-30": "2553.86700", "2020-01-31": "2791.49300", "2019-10-31": "2635.60300", "2019-07-31": "2628.89000", "2019-04-30": "2446.22200", "2019-01-31": "2480.18300", "2018-10-31": "2231.96400", "2018-07-31": "2283.82500", "2018-04-30": "2359.48000", "2018-01-31": "2383.19000", "2017-10-31": "2268.82100", "2017-07-31": "2270.34600", "2017-04-30": "2246.48200", "2017-01-31": "2226.56700", "2016-10-31": "2173.92200", "2016-07-31": "2169.18600", "2016-04-30": "2250.41700", "2016-01-31": "2217.46700", "2015-10-31": "2264.04000", "2015-07-31": "2274.66100", "2015-04-30": "2263.32400", "2015-01-31": "2280.08600", "2014-10-31": "2372.26500", "2014-07-31": "2467.27500", "2014-04-30": "2287.70300", "2014-01-31": "2211.75700", "2013-10-31": "2186.87900", "2013-07-31": "2151.86900", "2013-04-30": "2171.40400", "2013-01-31": "2217.36300", "2012-10-31": "2191.89100", "2012-07-31": "1925.50100", "2012-04-30": "1958.34600", "2012-01-31": "1836.79700", "2011-10-31": "1844.96900", "2011-07-31": "1884.30500", "2011-04-30": "1902.65100", "2011-01-31": "1855.47500", "2010-10-31": "1850.90800", "2010-07-31": "1826.51800", "2010-04-30": "1830.48800", "2010-01-31": "1890.83600", "2009-10-31": "1902.91200", "2009-07-31": "1912.93600", "2009-04-30": "1784.13900", "2009-01-31": "1722.10400", "2008-10-31": "1870.62900", "2008-07-31": "2146.67100", "2008-04-30": "2141.23400", "2008-01-31": "2147.89600", "2007-10-31": "2170.88700", "2007-07-31": "2143.28100", "2007-04-30": "2131.88900", "2007-01-31": "731.21900", "2006-10-31": "717.96900", "2006-07-31": "707.08500", "2006-04-30": "699.70100", "2006-01-31": "700.62400", "2005-10-31": "699.98900", "2005-07-31": "692.61510", "2005-04-30": "693.65100", "2005-01-31": "685.66000"}, "Total Assets": {"2020-10-31": "3020.40500", "2020-07-31": "3068.94600", "2020-04-30": "3168.79400", "2020-01-31": "3324.58300", "2019-10-31": "3082.77100", "2019-07-31": "3120.07300", "2019-04-30": "2948.76600", "2019-01-31": "2911.62600", "2018-10-31": "2680.83100", "2018-07-31": "2772.12900", "2018-04-30": "2839.45100", "2018-01-31": "2858.84500", "2017-10-31": "2632.83000", "2017-07-31": "2667.10400", "2017-04-30": "2606.21700", "2017-01-31": "3103.03800", "2016-10-31": "2853.45400", "2016-07-31": "2743.26200", "2016-04-30": "2921.09600", "2016-01-31": "3114.40800", "2015-10-31": "2882.82700", "2015-07-31": "2981.60000", "2015-04-30": "3004.24300", "2015-01-31": "2894.00800", "2014-10-31": "2912.77500", "2014-07-31": "3069.03600", "2014-04-30": "3077.36500", "2014-01-31": "2873.24600", "2013-10-31": "2650.46100", "2013-07-31": "2656.28400", "2013-04-30": "2806.37500", "2013-01-31": "2880.88400", "2012-10-31": "2631.68400", "2012-07-31": "2415.55800", "2012-04-30": "2532.94600", "2012-01-31": "2478.64100", "2011-10-31": "2267.70200", "2011-07-31": "2348.52000", "2011-04-30": "2430.14100", "2011-01-31": "2520.85800", "2010-10-31": "2304.24800", "2010-07-31": "2286.11300", "2010-04-30": "2308.61000", "2010-01-31": "2336.24200", "2009-10-31": "2318.79800", "2009-07-31": "2340.90700", "2009-04-30": "2223.70800", "2009-01-31": "2146.32900", "2008-10-31": "2252.73400", "2008-07-31": "2568.86500", "2008-04-30": "2576.21500", "2008-01-31": "2766.99600", "2007-10-31": "2608.75300", "2007-07-31": "2616.64500", "2007-04-30": "2553.06900", "2007-01-31": "1064.37400", "2006-10-31": "1025.73500", "2006-07-31": "1010.08600", "2006-04-30": "1026.00900", "2006-01-31": "1063.84600", "2005-10-31": "983.71600", "2005-07-31": "963.05900", "2005-04-30": "1032.56900", "2005-01-31": "1093.72800"}, "Total Current Liabilities": {"2020-10-31": "634.73600", "2020-07-31": "716.13600", "2020-04-30": "927.26900", "2020-01-31": "814.53800", "2019-10-31": "585.64200", "2019-07-31": "732.82500", "2019-04-30": "882.32600", "2019-01-31": "678.26500", "2018-10-31": "570.05600", "2018-07-31": "675.50700", "2018-04-30": "874.31100", "2018-01-31": "833.01400", "2017-10-31": "582.19500", "2017-07-31": "670.83800", "2017-04-30": "787.85600", "2017-01-31": "790.03400", "2016-10-31": "542.82200", "2016-07-31": "593.13100", "2016-04-30": "781.80700", "2016-01-31": "826.93600", "2015-10-31": "593.39900", "2015-07-31": "659.83400", "2015-04-30": "803.68300", "2015-01-31": "764.06100", "2014-10-31": "528.40000", "2014-07-31": "583.16700", "2014-04-30": "729.58700", "2014-01-31": "632.55400", "2013-10-31": "440.51300", "2013-07-31": "533.20800", "2013-04-30": "667.16900", "2013-01-31": "620.72700", "2012-10-31": "411.67000", "2012-07-31": "498.94900", "2012-04-30": "640.93000", "2012-01-31": "634.62000", "2011-10-31": "393.45600", "2011-07-31": "613.71100", "2011-04-30": "756.36500", "2011-01-31": "715.51700", "2010-10-31": "514.41200", "2010-07-31": "545.56500", "2010-04-30": "666.78000", "2010-01-31": "665.38300", "2009-10-31": "481.59700", "2009-07-31": "534.99500", "2009-04-30": "596.96700", "2009-01-31": "552.33500", "2008-10-31": "415.38500", "2008-07-31": "544.99400", "2008-04-30": "678.56200", "2008-01-31": "712.08900", "2007-10-31": "475.96400", "2007-07-31": "498.32900", "2007-04-30": "620.83700", "2007-01-31": "365.60800", "2006-10-31": "250.34300", "2006-07-31": "277.69500", "2006-04-30": "362.10900", "2006-01-31": "354.72400", "2005-10-31": "254.02000", "2005-07-31": "269.86000", "2005-04-30": "341.31100", "2005-01-31": "352.94600"}, "Long Term Debt": {"2020-10-31": "825.24300", "2020-07-31": "835.76300", "2020-04-30": "765.65000", "2020-01-31": "789.64500", "2019-10-31": "788.36000", "2019-07-31": "724.29100", "2019-04-30": "478.79000", "2019-01-31": "633.52300", "2018-10-31": "537.30600", "2018-07-31": "507.48500", "2018-04-30": "360.00000", "2018-01-31": "428.20000", "2017-10-31": "562.96200", "2017-07-31": "551.64500", "2017-04-30": "365.00000", "2017-01-31": "865.70000", "2016-10-31": "883.99200", "2016-07-31": "653.00000", "2016-04-30": "605.00700", "2016-01-31": "814.72800", "2015-10-31": "739.05100", "2015-07-31": "750.47300", "2015-04-30": "650.09000", "2015-01-31": "588.11100", "2014-10-31": "749.51300", "2014-07-31": "788.01300", "2014-04-30": "700.10000", "2014-01-31": "634.00000", "2013-10-31": "647.90000", "2013-07-31": "660.00000", "2013-04-30": "673.00000", "2013-01-31": "734.80000", "2012-10-31": "701.90000", "2012-07-31": "514.00000", "2012-04-30": "475.00000", "2012-01-31": "483.00000", "2011-10-31": "510.00000", "2011-07-31": "356.87500", "2011-04-30": "330.50000", "2011-01-31": "525.02500", "2010-10-31": "555.75000", "2010-07-31": "611.37500", "2010-04-30": "559.00000", "2010-01-31": "569.60000", "2009-10-31": "774.42600", "2009-07-31": "793.87500", "2009-04-30": "754.90000", "2009-01-31": "826.12500", "2008-10-31": "943.90800", "2008-07-31": "886.91600", "2008-04-30": "797.31800", "2008-01-31": "988.10600", "2007-10-31": "1067.35500", "2007-07-31": "1104.90500", "2007-04-30": "977.72100", "2007-01-31": "82.07300", "2006-10-31": "207.79400", "2006-07-31": "200.23800", "2006-04-30": "160.49600", "2006-01-31": "190.00000", "2005-10-31": "232.19000", "2005-07-31": "192.47300", "2005-04-30": "196.21400", "2005-01-31": "200.00000"}, "Other Non-Current Liabilities": {"2020-10-31": "82.74800", "2020-07-31": "79.19000", "2020-04-30": "75.37300", "2020-01-31": "70.47400", "2019-10-31": "75.14900", "2019-07-31": "68.46400", "2019-04-30": "96.19700", "2019-01-31": "96.49200", "2018-10-31": "96.01700", "2018-07-31": "96.96000", "2018-04-30": "80.76400", "2018-01-31": "78.27100", "2017-10-31": "75.84400", "2017-07-31": "72.13500", "2017-04-30": "75.13600", "2017-01-31": "75.25000", "2016-10-31": "71.67500", "2016-07-31": "82.52100", "2016-04-30": "83.13800", "2016-01-31": "78.46500", "2015-10-31": "83.11100", "2015-07-31": "83.39500", "2015-04-30": "86.75600", "2015-01-31": "89.01600", "2014-10-31": "82.27800", "2014-07-31": "81.83800", "2014-04-30": "78.31400", "2014-01-31": "76.00500", "2013-10-31": "77.77300", "2013-07-31": "78.48600", "2013-04-30": "75.96200", "2013-01-31": "72.53100", "2012-10-31": "72.94400", "2012-07-31": "70.56900", "2012-04-30": "71.91700", "2012-01-31": "68.77300", "2011-10-31": "82.31200", "2011-07-31": "81.51800", "2011-04-30": "80.88400", "2011-01-31": "77.53100", "2010-10-31": "75.51500", "2010-07-31": "72.71200", "2010-04-30": "73.44500", "2010-01-31": "86.48800", "2009-10-31": "89.21800", "2009-07-31": "93.93800", "2009-04-30": "91.29200", "2009-01-31": "94.44200", "2008-10-31": "91.06200", "2008-07-31": "87.66500", "2008-04-30": "100.42100", "2008-01-31": "103.16200", "2007-10-31": "76.28300", "2007-07-31": "58.80200", "2007-04-30": "41.17400", "2007-01-31": "33.63500", "2006-10-31": "33.57300", "2006-07-31": "32.75400", "2006-04-30": "35.62700", "2006-01-31": "35.29100", "2005-10-31": "35.56500", "2005-07-31": "34.19100", "2005-04-30": "34.65200", "2005-01-31": "32.94000"}, "Total Long Term Liabilities": {"2020-10-31": "1365.45600", "2020-07-31": "1379.06500", "2020-04-30": "1307.90100", "2020-01-31": "1312.81000", "2019-10-31": "1318.13300", "2019-07-31": "1255.24200", "2019-04-30": "885.09300", "2019-01-31": "1037.93200", "2018-10-31": "941.38310", "2018-07-31": "922.61400", "2018-04-30": "774.58300", "2018-01-31": "857.50500", "2017-10-31": "1003.58500", "2017-07-31": "987.04800", "2017-04-30": "815.22400", "2017-01-31": "1301.54400", "2016-10-31": "1329.13100", "2016-07-31": "1133.72300", "2016-04-30": "1102.18300", "2016-01-31": "1271.38900", "2015-10-31": "1221.75500", "2015-07-31": "1241.10200", "2015-04-30": "1145.52000", "2015-01-31": "1044.86700", "2014-10-31": "1221.97300", "2014-07-31": "1277.52800", "2014-04-30": "1165.53000", "2014-01-31": "1104.70200", "2013-10-31": "1123.57800", "2013-07-31": "1126.84900", "2013-04-30": "1150.85000", "2013-01-31": "1163.66600", "2012-10-31": "1131.54700", "2012-07-31": "902.04800", "2012-04-30": "874.44800", "2012-01-31": "820.57310", "2011-10-31": "864.82100", "2011-07-31": "715.99200", "2011-04-30": "695.88700", "2011-01-31": "898.49100", "2010-10-31": "927.47900", "2010-07-31": "972.30200", "2010-04-30": "919.39400", "2010-01-31": "923.92190", "2009-10-31": "1134.23900", "2009-07-31": "1158.84500", "2009-04-30": "1113.22500", "2009-01-31": "1168.71400", "2008-10-31": "1304.07100", "2008-07-31": "1288.69500", "2008-04-30": "1208.53500", "2008-01-31": "1422.19100", "2007-10-31": "1480.77400", "2007-07-31": "1531.04000", "2007-04-30": "1402.72400", "2007-01-31": "195.47800", "2006-10-31": "314.56300", "2006-07-31": "302.48800", "2006-04-30": "262.06000", "2006-01-31": "302.96200", "2005-10-31": "336.81000", "2005-07-31": "293.19200", "2005-04-30": "294.68400", "2005-01-31": "286.96500"}, "Total Liabilities": {"2020-10-31": "2000.19200", "2020-07-31": "2095.20100", "2020-04-30": "2235.17000", "2020-01-31": "2127.34800", "2019-10-31": "1903.77500", "2019-07-31": "1988.06700", "2019-04-30": "1767.41900", "2019-01-31": "1716.19700", "2018-10-31": "1511.43900", "2018-07-31": "1598.12100", "2018-04-30": "1648.89400", "2018-01-31": "1690.51900", "2017-10-31": "1585.78000", "2017-07-31": "1657.88600", "2017-04-30": "1603.08000", "2017-01-31": "2091.57800", "2016-10-31": "1871.95300", "2016-07-31": "1726.85400", "2016-04-30": "1883.99000", "2016-01-31": "2098.32500", "2015-10-31": "1815.15400", "2015-07-31": "1900.93600", "2015-04-30": "1949.20300", "2015-01-31": "1808.92800", "2014-10-31": "1750.37300", "2014-07-31": "1860.69500", "2014-04-30": "1895.11700", "2014-01-31": "1737.25600", "2013-10-31": "1564.09100", "2013-07-31": "1660.05700", "2013-04-30": "1818.01900", "2013-01-31": "1784.39300", "2012-10-31": "1543.21700", "2012-07-31": "1400.99700", "2012-04-30": "1515.37800", "2012-01-31": "1455.19300", "2011-10-31": "1258.27700", "2011-07-31": "1329.70300", "2011-04-30": "1452.25200", "2011-01-31": "1614.00800", "2010-10-31": "1441.89100", "2010-07-31": "1517.86700", "2010-04-30": "1586.17400", "2010-01-31": "1589.30500", "2009-10-31": "1615.83600", "2009-07-31": "1693.84000", "2009-04-30": "1710.19200", "2009-01-31": "1721.04900", "2008-10-31": "1719.45600", "2008-07-31": "1833.68900", "2008-04-30": "1887.09700", "2008-01-31": "2134.28000", "2007-10-31": "1956.73800", "2007-07-31": "2029.36900", "2007-04-30": "2023.56100", "2007-01-31": "561.08600", "2006-10-31": "564.90600", "2006-07-31": "580.18300", "2006-04-30": "624.16900", "2006-01-31": "657.68600", "2005-10-31": "590.83000", "2005-07-31": "563.05200", "2005-04-30": "635.99500", "2005-01-31": "639.91100"}, "Common Stock Net": {"2020-10-31": "83.18200", "2020-07-31": "83.18200", "2020-04-30": "83.18200", "2020-01-31": "83.18200", "2019-10-31": "83.18200", "2019-07-31": "83.18200", "2019-04-30": "83.18200", "2019-01-31": "83.18200", "2018-10-31": "83.18200", "2018-07-31": "83.18200", "2018-04-30": "83.18200", "2018-01-31": "83.18200", "2017-10-31": "83.18200", "2017-07-31": "83.18200", "2017-04-30": "83.18200", "2017-01-31": "83.18200", "2016-10-31": "83.19000", "2016-07-31": "83.19000", "2016-04-30": "83.19000", "2016-01-31": "83.19000", "2015-10-31": "83.19000", "2015-07-31": "83.19000", "2015-04-30": "83.19000", "2015-01-31": "83.19000", "2014-10-31": "83.19000", "2014-07-31": "83.19000", "2014-04-30": "83.19000", "2014-01-31": "83.19000", "2013-10-31": "83.19000", "2013-07-31": "83.19000", "2013-04-30": "83.19000", "2013-01-31": "83.19000", "2012-10-31": "83.19000", "2012-07-31": "83.19000", "2012-04-30": "83.19000", "2012-01-31": "83.19000", "2011-10-31": "83.19000", "2011-07-31": "83.19000", "2011-04-30": "83.19000", "2011-01-31": "83.19100", "2010-10-31": "83.19100", "2010-07-31": "83.19100", "2010-04-30": "83.19100", "2010-01-31": "83.19100", "2009-10-31": "83.19100", "2009-07-31": "83.19100", "2009-04-30": "83.19100", "2009-01-31": "83.19100", "2008-10-31": "83.19100", "2008-07-31": "83.19100", "2008-04-30": "83.19100", "2008-01-31": "83.19100", "2007-10-31": "83.19100", "2007-07-31": "83.19100", "2007-04-30": "83.19100", "2007-01-31": "83.19100", "2006-10-31": "83.19100", "2006-07-31": "83.19100", "2006-04-30": "83.19100", "2006-01-31": "83.19100", "2005-10-31": "83.19100", "2005-07-31": "83.19100", "2005-04-30": "83.19100", "2005-01-31": "83.19000"}, "Retained Earnings (Accumulated Deficit)": {"2020-10-31": "1825.02500", "2020-07-31": "1775.81300", "2020-04-30": "1780.12900", "2020-01-31": "1957.19900", "2019-10-31": "1940.90200", "2019-07-31": "1915.44500", "2019-04-30": "1931.07400", "2019-01-31": "1886.62000", "2018-10-31": "1870.60900", "2018-07-31": "1845.81100", "2018-04-30": "1834.05700", "2018-01-31": "1798.44600", "2017-10-31": "1747.99800", "2017-07-31": "1706.26700", "2017-04-30": "1715.42300", "2017-01-31": "1686.65500", "2016-10-31": "1656.99100", "2016-07-31": "1686.41700", "2016-04-30": "1673.32500", "2016-01-31": "1656.39200", "2015-10-31": "1638.32400", "2015-07-31": "1612.28700", "2015-04-30": "1597.43900", "2015-01-31": "1567.54400", "2014-10-31": "1542.08200", "2014-07-31": "1505.54700", "2014-04-30": "1489.06900", "2014-01-31": "1467.94900", "2013-10-31": "1430.29500", "2013-07-31": "1408.72500", "2013-04-30": "1387.51200", "2013-01-31": "1393.73500", "2012-10-31": "1351.07900", "2012-07-31": "1322.46100", "2012-04-30": "1300.71300", "2012-01-31": "1264.39500", "2011-10-31": "1213.52500", "2011-07-31": "1174.88300", "2011-04-30": "1136.22400", "2011-01-31": "1117.40600", "2010-10-31": "1081.54500", "2010-07-31": "1037.54200", "2010-04-30": "1003.09900", "2010-01-31": "983.45300", "2009-10-31": "949.28700", "2009-07-31": "911.22700", "2009-04-30": "892.54200", "2009-01-31": "875.57300", "2008-10-31": "849.72700", "2008-07-31": "817.31600", "2008-04-30": "794.76200", "2008-01-31": "772.19900", "2007-10-31": "738.63900", "2007-07-31": "706.63800", "2007-04-30": "673.25400", "2007-01-31": "664.63000", "2006-10-31": "636.95600", "2006-07-31": "612.78300", "2006-04-30": "596.47400", "2006-01-31": "587.18900", "2005-10-31": "551.43000", "2005-07-31": "529.77900", "2005-04-30": "507.24900", "2005-01-31": "506.98000"}, "Comprehensive Income": {"2020-10-31": "-541.64200", "2020-07-31": "-534.11800", "2020-04-30": "-575.49700", "2020-01-31": "-498.34000", "2019-10-31": "-505.02600", "2019-07-31": "-536.02400", "2019-04-30": "-508.73800", "2019-01-31": "-474.26600", "2018-10-31": "-488.56400", "2018-07-31": "-471.74600", "2018-04-30": "-442.59900", "2018-01-31": "-433.17800", "2017-10-31": "-476.72500", "2017-07-31": "-482.19000", "2017-04-30": "-509.71400", "2017-01-31": "-478.41700", "2016-10-31": "-486.64900", "2016-07-31": "-484.15200", "2016-04-30": "-447.32500", "2016-01-31": "-458.32800", "2015-10-31": "-399.36700", "2015-07-31": "-387.91800", "2015-04-30": "-406.28800", "2015-01-31": "-343.25500", "2014-10-31": "-250.49000", "2014-07-31": "-191.76100", "2014-04-30": "-189.68900", "2014-01-31": "-229.67700", "2013-10-31": "-235.46300", "2013-07-31": "-285.35400", "2013-04-30": "-278.63200", "2013-01-31": "-205.19100", "2012-10-31": "-202.56100", "2012-07-31": "-238.16100", "2012-04-30": "-200.41000", "2012-01-31": "-177.06600", "2011-10-31": "-157.41100", "2011-07-31": "-131.04300", "2011-04-30": "-65.80800", "2011-01-31": "-187.19500", "2010-10-31": "-191.13500", "2010-07-31": "-223.41400", "2010-04-30": "-227.64600", "2010-01-31": "-148.72500", "2009-10-31": "-135.01900", "2009-07-31": "-146.78300", "2009-04-30": "-258.39800", "2009-01-31": "-318.71800", "2008-10-31": "-202.07300", "2008-07-31": "20.53500", "2008-04-30": "12.64800", "2008-01-31": "-2.60400", "2007-10-31": "52.46300", "2007-07-31": "36.06000", "2007-04-30": "26.75900", "2007-01-31": "16.04200", "2006-10-31": "11.92700", "2006-07-31": "10.80300", "2006-04-30": "7.66900", "2006-01-31": "-0.51700", "2005-10-31": "-2.13500", "2005-07-31": "-3.58000", "2005-04-30": "-1.09200", "2005-01-31": "11.82200"}, "Other Share Holders Equity": {"2020-10-31": "", "2020-07-31": "", "2020-04-30": "", "2020-01-31": "", "2019-10-31": "", "2019-07-31": "", "2019-04-30": "", "2019-01-31": "", "2018-10-31": "", "2018-07-31": "", "2018-04-30": "3.01900", "2018-01-31": "", "2017-10-31": "", "2017-07-31": "", "2017-04-30": "2.42700", "2017-01-31": "", "2016-10-31": "", "2016-07-31": "", "2016-04-30": "-0.36100", "2016-01-31": "", "2015-10-31": "", "2015-07-31": "", "2015-04-30": "-0.34500", "2015-01-31": "", "2014-10-31": "", "2014-07-31": "", "2014-04-30": "-0.60200", "2014-01-31": "", "2013-10-31": "", "2013-07-31": "", "2013-04-30": "", "2013-01-31": "", "2012-10-31": "", "2012-07-31": "", "2012-04-30": "", "2012-01-31": "", "2011-10-31": "", "2011-07-31": "", "2011-04-30": "-0.29700", "2011-01-31": "", "2010-10-31": "", "2010-07-31": "", "2010-04-30": "", "2010-01-31": "", "2009-10-31": "", "2009-07-31": "", "2009-04-30": "", "2009-01-31": "", "2008-10-31": "", "2008-07-31": "", "2008-04-30": "", "2008-01-31": "", "2007-10-31": "", "2007-07-31": "", "2007-04-30": "-1.80200", "2007-01-31": "", "2006-10-31": "", "2006-07-31": "", "2006-04-30": "", "2006-01-31": "", "2005-10-31": "", "2005-07-31": "", "2005-04-30": "", "2005-01-31": ""}, "Share Holder Equity": {"2020-10-31": "1020.21300", "2020-07-31": "973.74500", "2020-04-30": "933.62400", "2020-01-31": "1197.23500", "2019-10-31": "1178.99600", "2019-07-31": "1132.00600", "2019-04-30": "1181.34700", "2019-01-31": "1195.42900", "2018-10-31": "1169.39200", "2018-07-31": "1174.00800", "2018-04-30": "1190.55700", "2018-01-31": "1168.32600", "2017-10-31": "1047.05000", "2017-07-31": "1009.21800", "2017-04-30": "1003.13700", "2017-01-31": "1011.46000", "2016-10-31": "981.50100", "2016-07-31": "1016.40800", "2016-04-30": "1037.10600", "2016-01-31": "1016.08300", "2015-10-31": "1067.67300", "2015-07-31": "1080.66400", "2015-04-30": "1055.04000", "2015-01-31": "1085.08000", "2014-10-31": "1162.40200", "2014-07-31": "1208.34100", "2014-04-30": "1182.24800", "2014-01-31": "1135.99000", "2013-10-31": "1086.37000", "2013-07-31": "996.22700", "2013-04-30": "988.35600", "2013-01-31": "1096.49100", "2012-10-31": "1088.46700", "2012-07-31": "1014.56100", "2012-04-30": "1017.56800", "2012-01-31": "1023.44800", "2011-10-31": "1009.42500", "2011-07-31": "1018.81700", "2011-04-30": "977.88900", "2011-01-31": "906.85000", "2010-10-31": "862.35700", "2010-07-31": "768.24600", "2010-04-30": "722.43600", "2010-01-31": "746.93700", "2009-10-31": "702.96200", "2009-07-31": "647.06700", "2009-04-30": "513.51600", "2009-01-31": "425.28000", "2008-10-31": "533.27800", "2008-07-31": "735.17600", "2008-04-30": "689.11800", "2008-01-31": "632.71600", "2007-10-31": "652.01500", "2007-07-31": "587.27600", "2007-04-30": "529.50800", "2007-01-31": "503.28800", "2006-10-31": "460.82900", "2006-07-31": "429.90300", "2006-04-30": "401.84000", "2006-01-31": "406.16000", "2005-10-31": "392.88600", "2005-07-31": "400.00700", "2005-04-30": "396.57400", "2005-01-31": "453.81700"}, "Total Liabilities And Share Holders Equity": {"2020-10-31": "3020.40500", "2020-07-31": "3068.94600", "2020-04-30": "3168.79400", "2020-01-31": "3324.58300", "2019-10-31": "3082.77100", "2019-07-31": "3120.07300", "2019-04-30": "2948.76600", "2019-01-31": "2911.62600", "2018-10-31": "2680.83100", "2018-07-31": "2772.12900", "2018-04-30": "2839.45100", "2018-01-31": "2858.84500", "2017-10-31": "2632.83000", "2017-07-31": "2667.10400", "2017-04-30": "2606.21700", "2017-01-31": "3103.03800", "2016-10-31": "2853.45400", "2016-07-31": "2743.26200", "2016-04-30": "2921.09600", "2016-01-31": "3114.40800", "2015-10-31": "2882.82700", "2015-07-31": "2981.60000", "2015-04-30": "3004.24300", "2015-01-31": "2894.00800", "2014-10-31": "2912.77500", "2014-07-31": "3069.03600", "2014-04-30": "3077.36500", "2014-01-31": "2873.24600", "2013-10-31": "2650.46100", "2013-07-31": "2656.28400", "2013-04-30": "2806.37500", "2013-01-31": "2880.88400", "2012-10-31": "2631.68400", "2012-07-31": "2415.55800", "2012-04-30": "2532.94600", "2012-01-31": "2478.64100", "2011-10-31": "2267.70200", "2011-07-31": "2348.52000", "2011-04-30": "2430.14100", "2011-01-31": "2520.85800", "2010-10-31": "2304.24800", "2010-07-31": "2286.11300", "2010-04-30": "2308.61000", "2010-01-31": "2336.24200", "2009-10-31": "2318.79800", "2009-07-31": "2340.90700", "2009-04-30": "2223.70800", "2009-01-31": "2146.32900", "2008-10-31": "2252.73400", "2008-07-31": "2568.86500", "2008-04-30": "2576.21500", "2008-01-31": "2766.99600", "2007-10-31": "2608.75300", "2007-07-31": "2616.64500", "2007-04-30": "2553.06900", "2007-01-31": "1064.37400", "2006-10-31": "1025.73500", "2006-07-31": "1010.08600", "2006-04-30": "1026.00900", "2006-01-31": "1063.84600", "2005-10-31": "983.71600", "2005-07-31": "963.05900", "2005-04-30": "1032.56900", "2005-01-31": "1093.72800"}}, "cash flow statement": {"Net Income/Loss": {"2020-04-30": "-74.28700", "2019-04-30": "168.26300", "2018-04-30": "192.18600", "2017-04-30": "113.64300", "2016-04-30": "145.78200", "2015-04-30": "176.86800", "2014-04-30": "160.51000", "2013-04-30": "144.22500", "2012-04-30": "212.74600", "2011-04-30": "171.88900", "2010-04-30": "143.54300", "2009-04-30": "128.25800", "2008-04-30": "147.53600", "2007-04-30": "99.61900", "2006-04-30": "110.32800", "2005-04-30": "83.84100"}, "Total Depreciation And Amortization - Cash Flow": {"2020-04-30": "175.12700", "2019-04-30": "161.15500", "2018-04-30": "153.98900", "2017-04-30": "156.56100", "2016-04-30": "155.84900", "2015-04-30": "153.92500", "2014-04-30": "148.09700", "2013-04-30": "149.51600", "2012-04-30": "138.09100", "2011-04-30": "132.50600", "2010-04-30": "122.87900", "2009-04-30": "115.74500", "2008-04-30": "115.92300", "2007-04-30": "88.32300", "2006-04-30": "82.00200", "2005-04-30": "78.35300"}, "Other Non-Cash Items": {"2020-04-30": "268.03900", "2019-04-30": "20.73700", "2018-04-30": "27.68400", "2017-04-30": "94.36400", "2016-04-30": "52.58300", "2015-04-30": "58.96100", "2014-04-30": "49.63300", "2013-04-30": "79.26700", "2012-04-30": "31.28800", "2011-04-30": "51.48400", "2010-04-30": "64.64600", "2009-04-30": "65.91800", "2008-04-30": "99.21500", "2007-04-30": "70.54300", "2006-04-30": "46.03100", "2005-04-30": "39.71200"}, "Total Non-Cash Items": {"2020-04-30": "443.16600", "2019-04-30": "181.89200", "2018-04-30": "181.67300", "2017-04-30": "250.92500", "2016-04-30": "208.43200", "2015-04-30": "212.88600", "2014-04-30": "197.73000", "2013-04-30": "228.78300", "2012-04-30": "169.37900", "2011-04-30": "183.99000", "2010-04-30": "187.52500", "2009-04-30": "181.66300", "2008-04-30": "215.13800", "2007-04-30": "158.86600", "2006-04-30": "128.03300", "2005-04-30": "118.06500"}, "Change In Accounts Receivable": {"2020-04-30": "-2.96200", "2019-04-30": "-64.73400", "2018-04-30": "-14.20900", "2017-04-30": "-29.88600", "2016-04-30": "-14.45600", "2015-04-30": "4.48800", "2014-04-30": "18.55800", "2013-04-30": "18.11800", "2012-04-30": "9.60500", "2011-04-30": "-5.58400", "2010-04-30": "-9.00400", "2009-04-30": "17.62500", "2008-04-30": "-20.00700", "2007-04-30": "1.16700", "2006-04-30": "-20.51900", "2005-04-30": "-3.07200"}, "Change In Inventories": {"2020-04-30": "-2.71400", "2019-04-30": "3.82000", "2018-04-30": "13.51700", "2017-04-30": "8.00300", "2016-04-30": "3.57100", "2015-04-30": "9.69600", "2014-04-30": "11.14600", "2013-04-30": "11.50100", "2012-04-30": "4.46700", "2011-04-30": "7.45300", "2010-04-30": "13.96000", "2009-04-30": "-6.69600", "2008-04-30": "-10.03800", "2007-04-30": "-4.06000", "2006-04-30": "-12.11100", "2005-04-30": "3.99400"}, "Change In Accounts Payable": {"2020-04-30": "1.16300", "2019-04-30": "7.36900", "2018-04-30": "16.54300", "2017-04-30": "-24.18200", "2016-04-30": "7.16900", "2015-04-30": "31.30500", "2014-04-30": "7.29700", "2013-04-30": "-5.74800", "2012-04-30": "0.54000", "2011-04-30": "6.42500", "2010-04-30": "-15.58500", "2009-04-30": "8.07000", "2008-04-30": "4.42100", "2007-04-30": "-22.46500", "2006-04-30": "26.44300", "2005-04-30": "0.88300"}, "Change In Assets/Liabilities": {"2020-04-30": "-82.47000", "2019-04-30": "-58.50100", "2018-04-30": "-20.88000", "2017-04-30": "-29.48200", "2016-04-30": "17.87300", "2015-04-30": "-67.83200", "2014-04-30": "-4.05800", "2013-04-30": "-10.00300", "2012-04-30": "-51.77500", "2011-04-30": "-0.56000", "2010-04-30": "-10.59000", "2009-04-30": "-76.56800", "2008-04-30": "-62.78400", "2007-04-30": "-12.66700", "2006-04-30": "3.18100", "2005-04-30": "19.48000"}, "Total Change In Assets/Liabilities": {"2020-04-30": "-79.52000", "2019-04-30": "-96.26400", "2018-04-30": "-1.93000", "2017-04-30": "-51.74300", "2016-04-30": "2.74300", "2015-04-30": "-19.29300", "2014-04-30": "6.84400", "2013-04-30": "-26.78000", "2012-04-30": "-9.32800", "2011-04-30": "23.93800", "2010-04-30": "-10.33200", "2009-04-30": "-52.57500", "2008-04-30": "-78.66300", "2007-04-30": "-38.98100", "2006-04-30": "5.41600", "2005-04-30": "42.64700"}, "Cash Flow From Operating Activities": {"2020-04-30": "288.43500", "2019-04-30": "250.83100", "2018-04-30": "382.32200", "2017-04-30": "314.90300", "2016-04-30": "349.95700", "2015-04-30": "355.12200", "2014-04-30": "348.22400", "2013-04-30": "337.03700", "2012-04-30": "379.64800", "2011-04-30": "375.61900", "2010-04-30": "315.00600", "2009-04-30": "256.00900", "2008-04-30": "280.13500", "2007-04-30": "220.59400", "2006-04-30": "242.64200", "2005-04-30": "243.48600"}, "Net Change In Property, Plant, And Equipment": {"2020-04-30": "-115.20100", "2019-04-30": "-101.59300", "2018-04-30": "-150.72800", "2017-04-30": "-148.66100", "2016-04-30": "-130.97700", "2015-04-30": "-69.12100", "2014-04-30": "-57.56400", "2013-04-30": "-58.70400", "2012-04-30": "-67.37700", "2011-04-30": "-54.39300", "2010-04-30": "-48.11000", "2009-04-30": "-46.00900", "2008-04-30": "-50.31500", "2007-04-30": "-31.44500", "2006-04-30": "-21.35500", "2005-04-30": "-26.82600"}, "Net Change In Intangible Assets": {"2020-04-30": "", "2019-04-30": "", "2018-04-30": "", "2017-04-30": "", "2016-04-30": "", "2015-04-30": "", "2014-04-30": "", "2013-04-30": "", "2012-04-30": "", "2011-04-30": "", "2010-04-30": "", "2009-04-30": "", "2008-04-30": "", "2007-04-30": "", "2006-04-30": "", "2005-04-30": ""}, "Net Acquisitions/Divestitures": {"2020-04-30": "-231.46900", "2019-04-30": "-199.90900", "2018-04-30": "-26.68300", "2017-04-30": "-154.76600", "2016-04-30": "-20.41800", "2015-04-30": "-172.22900", "2014-04-30": "-54.51500", "2013-04-30": "-263.27200", "2012-04-30": "-92.17400", "2011-04-30": "-7.16600", "2010-04-30": "-6.43000", "2009-04-30": "-23.96000", "2008-04-30": "-6.80200", "2007-04-30": "-972.90900", "2006-04-30": "-31.35400", "2005-04-30": "-22.52700"}, "Net Change In Short-term Investments": {"2020-04-30": "", "2019-04-30": "", "2018-04-30": "", "2017-04-30": "", "2016-04-30": "", "2015-04-30": "", "2014-04-30": "", "2013-04-30": "", "2012-04-30": "", "2011-04-30": "", "2010-04-30": "", "2009-04-30": "", "2008-04-30": "", "2007-04-30": "42.33400", "2006-04-30": "10.00000", "2005-04-30": "-10.00000"}, "Net Change In Long-Term Investments": {"2020-04-30": "", "2019-04-30": "", "2018-04-30": "", "2017-04-30": "", "2016-04-30": "", "2015-04-30": "", "2014-04-30": "", "2013-04-30": "", "2012-04-30": "", "2011-04-30": "", "2010-04-30": "", "2009-04-30": "", "2008-04-30": "", "2007-04-30": "", "2006-04-30": "", "2005-04-30": ""}, "Net Change In Investments - Total": {"2020-04-30": "", "2019-04-30": "", "2018-04-30": "", "2017-04-30": "", "2016-04-30": "", "2015-04-30": "", "2014-04-30": "", "2013-04-30": "", "2012-04-30": "", "2011-04-30": "", "2010-04-30": "", "2009-04-30": "", "2008-04-30": "", "2007-04-30": "42.33400", "2006-04-30": "10.00000", "2005-04-30": "-10.00000"}, "Investing Activities - Other": {"2020-04-30": "", "2019-04-30": "", "2018-04-30": "", "2017-04-30": "60.41700", "2016-04-30": "", "2015-04-30": "-38.32100", "2014-04-30": "-37.26800", "2013-04-30": "-20.49200", "2012-04-30": "-52.50100", "2011-04-30": "-51.47100", "2010-04-30": "-51.58400", "2009-04-30": "-46.42000", "2008-04-30": "-113.06900", "2007-04-30": "-76.22500", "2006-04-30": "-70.92100", "2005-04-30": "-64.40700"}, "Cash Flow From Investing Activities": {"2020-04-30": "-346.67000", "2019-04-30": "-301.50200", "2018-04-30": "-177.41100", "2017-04-30": "-243.01000", "2016-04-30": "-151.39500", "2015-04-30": "-279.67100", "2014-04-30": "-149.34700", "2013-04-30": "-342.46800", "2012-04-30": "-212.05200", "2011-04-30": "-113.03000", "2010-04-30": "-106.12400", "2009-04-30": "-116.38900", "2008-04-30": "-170.18600", "2007-04-30": "-1038.24500", "2006-04-30": "-113.63000", "2005-04-30": "-123.76000"}, "Net Long-Term Debt": {"2020-04-30": "303.77200", "2019-04-30": "120.07400", "2018-04-30": "-8.61100", "2017-04-30": "-240.00700", "2016-04-30": "-45.08500", "2015-04-30": "-52.28500", "2014-04-30": "27.10000", "2013-04-30": "198.00000", "2012-04-30": "20.80000", "2011-04-30": "-194.80000", "2010-04-30": "-173.40000", "2009-04-30": "-19.91800", "2008-04-30": "-157.88400", "2007-04-30": "837.72200", "2006-04-30": "-32.54400", "2005-04-30": "-4.00800"}, "Net Current Debt": {"2020-04-30": "-0.04800", "2019-04-30": "-5.67400", "2018-04-30": "-4.19100", "2017-04-30": "-0.21400", "2016-04-30": "-98.27500", "2015-04-30": "93.28900", "2014-04-30": "-12.35400", "2013-04-30": "-0.45100", "2012-04-30": "-4.41400", "2011-04-30": "-1.18500", "2010-04-30": "9.70700", "2009-04-30": "-20.52200", "2008-04-30": "36.25300", "2007-04-30": "6.75400", "2006-04-30": "-7.51400", "2005-04-30": ""}, "Debt Issuance/Retirement Net - Total": {"2020-04-30": "303.72400", "2019-04-30": "114.40000", "2018-04-30": "-12.80200", "2017-04-30": "-240.22100", "2016-04-30": "-143.36000", "2015-04-30": "41.00400", "2014-04-30": "14.74600", "2013-04-30": "197.54900", "2012-04-30": "16.38600", "2011-04-30": "-195.98500", "2010-04-30": "-163.69300", "2009-04-30": "-40.44000", "2008-04-30": "-121.63100", "2007-04-30": "844.47610", "2006-04-30": "-40.05800", "2005-04-30": "-4.00800"}, "Net Common Equity Issued/Repurchased": {"2020-04-30": "-50.38300", "2019-04-30": "-56.24300", "2018-04-30": "-10.48700", "2017-04-30": "-34.82000", "2016-04-30": "-70.07200", "2015-04-30": "-36.65500", "2014-04-30": "-7.86100", "2013-04-30": "-49.91500", "2012-04-30": "-71.76900", "2011-04-30": "-0.11100", "2010-04-30": "32.62500", "2009-04-30": "-23.48700", "2008-04-30": "11.51100", "2007-04-30": "-0.81600", "2006-04-30": "-103.69400", "2005-04-30": "-91.34200"}, "Net Total Equity Issued/Repurchased": {"2020-04-30": "-50.38300", "2019-04-30": "-56.24300", "2018-04-30": "-10.48700", "2017-04-30": "-34.82000", "2016-04-30": "-70.07200", "2015-04-30": "-36.65500", "2014-04-30": "-7.86100", "2013-04-30": "-49.91500", "2012-04-30": "-71.76900", "2011-04-30": "-0.11100", "2010-04-30": "32.62500", "2009-04-30": "-23.48700", "2008-04-30": "11.51100", "2007-04-30": "-0.81600", "2006-04-30": "-103.69400", "2005-04-30": "-91.34200"}, "Total Common And Preferred Stock Dividends Paid": {"2020-04-30": "-76.65800", "2019-04-30": "-75.75200", "2018-04-30": "-73.54200", "2017-04-30": "-71.54500", "2016-04-30": "-69.89600", "2015-04-30": "-68.49800", "2014-04-30": "-58.95300", "2013-04-30": "-57.42600", "2012-04-30": "-48.25700", "2011-04-30": "-38.76400", "2010-04-30": "-32.98600", "2009-04-30": "-30.47800", "2008-04-30": "-25.61300", "2007-04-30": "-22.83900", "2006-04-30": "-21.10300", "2005-04-30": "-18.12500"}, "Financial Activities - Other": {"2020-04-30": "-4.00600", "2019-04-30": "", "2018-04-30": "", "2017-04-30": "0.41400", "2016-04-30": "-2.33500", "2015-04-30": "3.19100", "2014-04-30": "-1.46600", "2013-04-30": "0.19300", "2012-04-30": "-1.07500", "2011-04-30": "4.81600", "2010-04-30": "7.63600", "2009-04-30": "5.35000", "2008-04-30": "11.22300", "2007-04-30": "-3.86000", "2006-04-30": "", "2005-04-30": ""}, "Cash Flow From Financial Activities": {"2020-04-30": "172.67700", "2019-04-30": "-17.59500", "2018-04-30": "-96.83100", "2017-04-30": "-346.17200", "2016-04-30": "-285.66300", "2015-04-30": "-60.95800", "2014-04-30": "-53.53400", "2013-04-30": "90.40100", "2012-04-30": "-104.71500", "2011-04-30": "-230.04400", "2010-04-30": "-156.41800", "2009-04-30": "-89.05500", "2008-04-30": "-124.51000", "2007-04-30": "816.96100", "2006-04-30": "-164.85500", "2005-04-30": "-113.47500"}, "Net Cash Flow": {"2020-04-30": "109.49900", "2019-04-30": "-76.70900", "2018-04-30": "111.74100", "2017-04-30": "-305.29000", "2016-04-30": "-93.63500", "2015-04-30": "-28.93600", "2014-04-30": "152.23700", "2013-04-30": "74.31000", "2012-04-30": "57.97700", "2011-04-30": "48.34000", "2010-04-30": "50.68500", "2009-04-30": "43.51700", "2008-04-30": "-12.18200", "2007-04-30": "1.74700", "2006-04-30": "-36.15800", "2005-04-30": "7.37400"}, "Stock-Based Compensation": {"2020-04-30": "30.84100", "2019-04-30": "23.56300", "2018-04-30": "18.63200", "2017-04-30": "30.72100", "2016-04-30": "30.42800", "2015-04-30": "36.21600", "2014-04-30": "43.30500", "2013-04-30": "47.86600", "2012-04-30": "47.37800", "2011-04-30": "17.71900", "2010-04-30": "24.84200", "2009-04-30": "17.04200", "2008-04-30": "28.04100", "2007-04-30": "12.55900", "2006-04-30": "4.85400", "2005-04-30": "3.63200"}, "Common Stock Dividends Paid": {"2020-04-30": "-76.65800", "2019-04-30": "-75.75200", "2018-04-30": "-73.54200", "2017-04-30": "-71.54500", "2016-04-30": "-69.89600", "2015-04-30": "-68.49800", "2014-04-30": "-58.95300", "2013-04-30": "-57.42600", "2012-04-30": "-48.25700", "2011-04-30": "-38.76400", "2010-04-30": "-32.98600", "2009-04-30": "-30.47800", "2008-04-30": "-25.61300", "2007-04-30": "-22.83900", "2006-04-30": "-21.10300", "2005-04-30": "-18.12500"}}, "cash flow statement, quarterly": {"Net Income/Loss": {"2020-10-31": 68.432, "2020-07-31": "16.33400", "2020-04-30": -158.044, "2020-01-31": 35.443, "2019-10-31": 44.69, "2019-07-31": "3.62400", "2019-04-30": 63.242, "2019-01-31": 34.942, "2018-10-31": 43.784, "2018-07-31": "26.29500", "2018-04-30": 54.06, "2018-01-31": 68.842, "2017-10-31": 60.048, "2017-07-31": "9.23600", "2017-04-30": 46.675, "2017-01-31": 47.419, "2016-10-31": -11.465, "2016-07-31": "31.01400", "2016-04-30": 34.207, "2016-01-31": 35.518, "2015-10-31": 43.6, "2015-07-31": "32.45700", "2015-04-30": 46.897, "2015-01-31": 42.548, "2014-10-31": 53.777, "2014-07-31": "33.64600", "2014-04-30": 35.891, "2014-01-31": 52.489, "2013-10-31": 36.197, "2013-07-31": "35.93300", "2013-04-30": 7.951, "2013-01-31": 57.1, "2012-10-31": 43.057, "2012-07-31": "36.11700", "2012-04-30": 48.265, "2012-01-31": 62.909, "2011-10-31": 50.776, "2011-07-31": "50.79600", "2011-04-30": 28.569, "2011-01-31": 45.617, "2010-10-31": 53.658, "2010-07-31": "44.04500", "2010-04-30": 27.995, "2010-01-31": 42.414, "2009-10-31": 46.257, "2009-07-31": "26.87700", "2009-04-30": 24.498, "2009-01-31": 33.431, "2008-10-31": 40.11, "2008-07-31": "30.21900", "2008-04-30": 28.993, "2008-01-31": 39.984, "2007-10-31": 38.39, "2007-07-31": "40.16900", "2007-04-30": 14.371, "2007-01-31": 33.411, "2006-10-31": 29.892, "2006-07-31": "21.94500", "2006-04-30": 14.518, "2006-01-31": 40.949, "2005-10-31": 27.004, "2005-07-31": "27.85700", "2005-04-30": 4.707, "2005-01-31": 79.134}, "Total Depreciation And Amortization - Cash Flow": {"2020-10-31": 48.43, "2020-07-31": "49.50700", "2020-04-30": 46.589, "2020-01-31": 43.681, "2019-10-31": 42.638, "2019-07-31": "42.21900", "2019-04-30": 41.499, "2019-01-31": 39.833, "2018-10-31": 39.652, "2018-07-31": "40.17100", "2018-04-30": 39.239, "2018-01-31": 35.927, "2017-10-31": 38.02, "2017-07-31": "40.80300", "2017-04-30": 39.218, "2017-01-31": 39.724, "2016-10-31": 38.19, "2016-07-31": "39.42900", "2016-04-30": 37.731, "2016-01-31": 40.259, "2015-10-31": 39.298, "2015-07-31": "38.56100", "2015-04-30": 38.146, "2015-01-31": 38.705, "2014-10-31": 39.369, "2014-07-31": "37.70500", "2014-04-30": 37.495, "2014-01-31": 36.965, "2013-10-31": 37.039, "2013-07-31": "36.59800", "2013-04-30": 38.941, "2013-01-31": 39.078, "2012-10-31": 35.399, "2012-07-31": "36.09800", "2012-04-30": 36.899, "2012-01-31": 34.687, "2011-10-31": 33.31, "2011-07-31": "33.19500", "2011-04-30": 35.225, "2011-01-31": 33.347, "2010-10-31": 32.708, "2010-07-31": "31.22600", "2010-04-30": 31.812, "2010-01-31": 30.926, "2009-10-31": 30.151, "2009-07-31": "29.99000", "2009-04-30": 28.527, "2009-01-31": 28.9, "2008-10-31": 28.627, "2008-07-31": "29.69100", "2008-04-30": 30.058, "2008-01-31": 29.279, "2007-10-31": 28.825, "2007-07-31": "27.76100", "2007-04-30": 28.272, "2007-01-31": 20.603, "2006-10-31": 19.749, "2006-07-31": "19.69900", "2006-04-30": 21.023, "2006-01-31": 21.15, "2005-10-31": 20.09, "2005-07-31": "19.73900", "2005-04-30": 22.004, "2005-01-31": 56.349}, "Other Non-Cash Items": {"2020-10-31": 35.416, "2020-07-31": "37.10500", "2020-04-30": 216.603, "2020-01-31": -7.866, "2019-10-31": 32.825, "2019-07-31": "26.47700", "2019-04-30": -4.967, "2019-01-31": -17.305, "2018-10-31": 31.711, "2018-07-31": "11.29800", "2018-04-30": 3.409, "2018-01-31": -31.951, "2017-10-31": 24.181, "2017-07-31": "32.04500", "2017-04-30": 7.455, "2017-01-31": -16.174, "2016-10-31": 89.313, "2016-07-31": "13.77000", "2016-04-30": 42.417, "2016-01-31": -18.924, "2015-10-31": 9.596, "2015-07-31": "19.49400", "2015-04-30": 20.367, "2015-01-31": 11.294, "2014-10-31": 13.105, "2014-07-31": "14.19500", "2014-04-30": 2.223, "2014-01-31": -11.909, "2013-10-31": 41.705, "2013-07-31": "17.61400", "2013-04-30": 50.288, "2013-01-31": -13.664, "2012-10-31": 28.321, "2012-07-31": "14.32200", "2012-04-30": 15.644, "2012-01-31": -5.148, "2011-10-31": 19.936, "2011-07-31": "0.85600", "2011-04-30": 16.665, "2011-01-31": 8.885, "2010-10-31": 19.597, "2010-07-31": "6.33700", "2010-04-30": -35.785, "2010-01-31": 30.415, "2009-10-31": 50.325, "2009-07-31": "19.69100", "2009-04-30": -20.788, "2009-01-31": 32.38, "2008-10-31": 28.776, "2008-07-31": "25.55000", "2008-04-30": 81.593, "2008-01-31": 18.619, "2007-10-31": -5.681, "2007-07-31": "4.68400", "2007-04-30": 22.693, "2007-01-31": 13.797, "2006-10-31": 17.448, "2006-07-31": "16.60500", "2006-04-30": 6.628, "2006-01-31": 15.97, "2005-10-31": 14.038, "2005-07-31": "9.39500", "2005-04-30": -3.808, "2005-01-31": 43.52}, "Total Non-Cash Items": {"2020-10-31": 83.846, "2020-07-31": "86.61200", "2020-04-30": 263.192, "2020-01-31": 35.815, "2019-10-31": 75.463, "2019-07-31": "68.69600", "2019-04-30": 36.532, "2019-01-31": 22.528, "2018-10-31": 71.363, "2018-07-31": "51.46900", "2018-04-30": 42.648, "2018-01-31": 3.976, "2017-10-31": 62.201, "2017-07-31": "72.84800", "2017-04-30": 46.673, "2017-01-31": 23.55, "2016-10-31": 127.503, "2016-07-31": "53.19900", "2016-04-30": 80.148, "2016-01-31": 21.335, "2015-10-31": 48.894, "2015-07-31": "58.05500", "2015-04-30": 58.513, "2015-01-31": 49.999, "2014-10-31": 52.474, "2014-07-31": "51.90000", "2014-04-30": 39.718, "2014-01-31": 25.056, "2013-10-31": 78.744, "2013-07-31": "54.21200", "2013-04-30": 89.229, "2013-01-31": 25.414, "2012-10-31": 63.72, "2012-07-31": "50.42000", "2012-04-30": 52.543, "2012-01-31": 29.539, "2011-10-31": 53.246, "2011-07-31": "34.05100", "2011-04-30": 51.89, "2011-01-31": 42.232, "2010-10-31": 52.305, "2010-07-31": "37.56300", "2010-04-30": -3.973, "2010-01-31": 61.341, "2009-10-31": 80.476, "2009-07-31": "49.68100", "2009-04-30": 7.739, "2009-01-31": 61.28, "2008-10-31": 57.403, "2008-07-31": "55.24100", "2008-04-30": 111.651, "2008-01-31": 47.898, "2007-10-31": 23.144, "2007-07-31": "32.44500", "2007-04-30": 50.965, "2007-01-31": 34.4, "2006-10-31": 37.197, "2006-07-31": "36.30400", "2006-04-30": 27.651, "2006-01-31": 37.12, "2005-10-31": 34.128, "2005-07-31": "29.13400", "2005-04-30": 18.196, "2005-01-31": 99.869}, "Change In Accounts Receivable": {"2020-10-31": 0, "2020-07-31": "", "2020-04-30": -2.962, "2020-01-31": 0, "2019-10-31": 0, "2019-07-31": "", "2019-04-30": -64.734, "2019-01-31": -1.921, "2018-10-31": 65.974, "2018-07-31": "-64.05300", "2018-04-30": -14.209, "2018-01-31": 0, "2017-10-31": 0, "2017-07-31": "", "2017-04-30": -29.886, "2017-01-31": 0, "2016-10-31": 0, "2016-07-31": "", "2016-04-30": -14.456, "2016-01-31": 0, "2015-10-31": 0, "2015-07-31": "", "2015-04-30": 4.488, "2015-01-31": 0, "2014-10-31": 0, "2014-07-31": "", "2014-04-30": 18.558, "2014-01-31": 0, "2013-10-31": 0, "2013-07-31": "", "2013-04-30": 18.118, "2013-01-31": 0, "2012-10-31": 0, "2012-07-31": "", "2012-04-30": 9.605, "2012-01-31": 0, "2011-10-31": 0, "2011-07-31": "", "2011-04-30": -5.584, "2011-01-31": 0, "2010-10-31": 0, "2010-07-31": "", "2010-04-30": -9.004, "2010-01-31": 0, "2009-10-31": 0, "2009-07-31": "", "2009-04-30": 17.625, "2009-01-31": 0, "2008-10-31": 0, "2008-07-31": "", "2008-04-30": -20.007, "2008-01-31": 0, "2007-10-31": 0, "2007-07-31": "", "2007-04-30": 1.167, "2007-01-31": 0, "2006-10-31": 0, "2006-07-31": "", "2006-04-30": -20.519, "2006-01-31": 0, "2005-10-31": 0, "2005-07-31": "", "2005-04-30": -3.072, "2005-01-31": 0}, "Change In Inventories": {"2020-10-31": 0, "2020-07-31": "", "2020-04-30": -2.714, "2020-01-31": 0, "2019-10-31": 0, "2019-07-31": "", "2019-04-30": 3.82, "2019-01-31": 0, "2018-10-31": 0, "2018-07-31": "", "2018-04-30": 13.517, "2018-01-31": 0, "2017-10-31": 0, "2017-07-31": "", "2017-04-30": 8.003, "2017-01-31": 0, "2016-10-31": 0, "2016-07-31": "", "2016-04-30": 3.571, "2016-01-31": 0, "2015-10-31": 0, "2015-07-31": "", "2015-04-30": 9.696, "2015-01-31": 0, "2014-10-31": 0, "2014-07-31": "", "2014-04-30": 11.146, "2014-01-31": 0, "2013-10-31": 0, "2013-07-31": "", "2013-04-30": 11.501, "2013-01-31": 0, "2012-10-31": 0, "2012-07-31": "", "2012-04-30": 4.467, "2012-01-31": 0, "2011-10-31": 0, "2011-07-31": "", "2011-04-30": 7.453, "2011-01-31": 0, "2010-10-31": 0, "2010-07-31": "", "2010-04-30": 13.96, "2010-01-31": 0, "2009-10-31": 0, "2009-07-31": "", "2009-04-30": -6.696, "2009-01-31": 0, "2008-10-31": 0, "2008-07-31": "", "2008-04-30": -10.038, "2008-01-31": 0, "2007-10-31": 0, "2007-07-31": "", "2007-04-30": -4.06, "2007-01-31": 0, "2006-10-31": 0, "2006-07-31": "", "2006-04-30": -12.111, "2006-01-31": 0, "2005-10-31": 0, "2005-07-31": "", "2005-04-30": 3.994, "2005-01-31": 0}, "Change In Accounts Payable": {"2020-10-31": 0, "2020-07-31": "", "2020-04-30": 1.163, "2020-01-31": 0, "2019-10-31": 0, "2019-07-31": "", "2019-04-30": 7.369, "2019-01-31": 13.856, "2018-10-31": 22.282, "2018-07-31": "-36.13800", "2018-04-30": 16.543, "2018-01-31": 0, "2017-10-31": 0, "2017-07-31": "", "2017-04-30": -24.182, "2017-01-31": 0, "2016-10-31": 0, "2016-07-31": "", "2016-04-30": 7.169, "2016-01-31": 0, "2015-10-31": 0, "2015-07-31": "", "2015-04-30": 31.305, "2015-01-31": 0, "2014-10-31": 0, "2014-07-31": "", "2014-04-30": 7.297, "2014-01-31": 0, "2013-10-31": 0, "2013-07-31": "", "2013-04-30": -5.748, "2013-01-31": 0, "2012-10-31": 0, "2012-07-31": "", "2012-04-30": 0.54, "2012-01-31": 0, "2011-10-31": 0, "2011-07-31": "", "2011-04-30": 6.425, "2011-01-31": 0, "2010-10-31": 0, "2010-07-31": "", "2010-04-30": -15.585, "2010-01-31": 0, "2009-10-31": 0, "2009-07-31": "", "2009-04-30": 8.07, "2009-01-31": 0, "2008-10-31": 0, "2008-07-31": "", "2008-04-30": 4.421, "2008-01-31": 0, "2007-10-31": 0, "2007-07-31": "", "2007-04-30": -22.465, "2007-01-31": 0, "2006-10-31": 0, "2006-07-31": "", "2006-04-30": 26.443, "2006-01-31": 0, "2005-10-31": 0, "2005-07-31": "", "2005-04-30": 0.883, "2005-01-31": 0}, "Change In Assets/Liabilities": {"2020-10-31": -108.117, "2020-07-31": "-223.72900", "2020-04-30": 92.374, "2020-01-31": 117.15, "2019-10-31": -125.506, "2019-07-31": "-166.48800", "2019-04-30": 139.736, "2019-01-31": 99.3, "2018-10-31": -174.975, "2018-07-31": "-122.56200", "2018-04-30": 65.604, "2018-01-31": 163.661, "2017-10-31": -86.862, "2017-07-31": "-163.28300", "2017-04-30": 12.586, "2017-01-31": 244.277, "2016-10-31": -65.42, "2016-07-31": "-220.92500", "2016-04-30": 141.121, "2016-01-31": 186.277, "2015-10-31": -94.931, "2015-07-31": "-214.59400", "2015-04-30": 62.361, "2015-01-31": 155.74, "2014-10-31": -98.16, "2014-07-31": "-187.77300", "2014-04-30": 114.343, "2014-01-31": 142.75, "2013-10-31": -114.33, "2013-07-31": "-146.82100", "2013-04-30": 73.965, "2013-01-31": 171.27, "2012-10-31": -120.154, "2012-07-31": "-135.08400", "2012-04-30": -36.443, "2012-01-31": 208.041, "2011-10-31": -103.233, "2011-07-31": "-120.14000", "2011-04-30": -1.343, "2011-01-31": 168.614, "2010-10-31": -69.088, "2010-07-31": "-98.74300", "2010-04-30": -18.273, "2010-01-31": 170.908, "2009-10-31": -77.078, "2009-07-31": "-86.14700", "2009-04-30": -1.75, "2009-01-31": 147.952, "2008-10-31": -111.585, "2008-07-31": "-111.18500", "2008-04-30": -70.048, "2008-01-31": 207.163, "2007-10-31": -61.836, "2007-07-31": "-138.06300", "2007-04-30": 25.561, "2007-01-31": 98.781, "2006-10-31": -40.236, "2006-07-31": "-96.77300", "2006-04-30": 31.969, "2006-01-31": 82.741, "2005-10-31": -25.576, "2005-07-31": "-85.95300", "2005-04-30": 9.648, "2005-01-31": 9.832}, "Total Change In Assets/Liabilities": {"2020-10-31": -108.117, "2020-07-31": "-223.72900", "2020-04-30": 95.324, "2020-01-31": 117.15, "2019-10-31": -125.506, "2019-07-31": "-166.48800", "2019-04-30": 101.973, "2019-01-31": 111.235, "2018-10-31": -86.719, "2018-07-31": "-222.75300", "2018-04-30": 84.554, "2018-01-31": 163.661, "2017-10-31": -86.862, "2017-07-31": "-163.28300", "2017-04-30": -9.675, "2017-01-31": 244.277, "2016-10-31": -65.42, "2016-07-31": "-220.92500", "2016-04-30": 125.991, "2016-01-31": 186.277, "2015-10-31": -94.931, "2015-07-31": "-214.59400", "2015-04-30": 110.9, "2015-01-31": 155.74, "2014-10-31": -98.16, "2014-07-31": "-187.77300", "2014-04-30": 135.678, "2014-01-31": 142.75, "2013-10-31": -124.763, "2013-07-31": "-146.82100", "2013-04-30": 86.893, "2013-01-31": 171.27, "2012-10-31": -120.154, "2012-07-31": "-164.78900", "2012-04-30": 6.004, "2012-01-31": 208.041, "2011-10-31": -103.233, "2011-07-31": "-120.14000", "2011-04-30": 23.155, "2011-01-31": 168.614, "2010-10-31": -69.088, "2010-07-31": "-98.74300", "2010-04-30": -18.015, "2010-01-31": 170.908, "2009-10-31": -77.078, "2009-07-31": "-86.14700", "2009-04-30": 22.243, "2009-01-31": 147.952, "2008-10-31": -111.585, "2008-07-31": "-111.18500", "2008-04-30": -85.927, "2008-01-31": 207.163, "2007-10-31": -61.836, "2007-07-31": "-138.06300", "2007-04-30": -0.753, "2007-01-31": 98.781, "2006-10-31": -40.236, "2006-07-31": "-96.77300", "2006-04-30": 34.204, "2006-01-31": 82.741, "2005-10-31": -25.576, "2005-07-31": "-85.95300", "2005-04-30": 32.815, "2005-01-31": 9.832}, "Cash Flow From Operating Activities": {"2020-10-31": 44.161, "2020-07-31": "-120.78300", "2020-04-30": 199.548, "2020-01-31": 188.408, "2019-10-31": -5.353, "2019-07-31": "-94.16800", "2019-04-30": 198.687, "2019-01-31": 168.705, "2018-10-31": 28.428, "2018-07-31": "-144.98900", "2018-04-30": 191.655, "2018-01-31": 236.479, "2017-10-31": 35.387, "2017-07-31": "-81.19900", "2017-04-30": 85.751, "2017-01-31": 315.246, "2016-10-31": 50.618, "2016-07-31": "-136.71200", "2016-04-30": 233.346, "2016-01-31": 243.13, "2015-10-31": -2.437, "2015-07-31": "-124.08200", "2015-04-30": 200.971, "2015-01-31": 248.287, "2014-10-31": 8.091, "2014-07-31": "-102.22700", "2014-04-30": 194.427, "2014-01-31": 220.295, "2013-10-31": -9.822, "2013-07-31": "-56.67600", "2013-04-30": 174.882, "2013-01-31": 253.784, "2012-10-31": -13.377, "2012-07-31": "-78.25200", "2012-04-30": 113.663, "2012-01-31": 300.489, "2011-10-31": 0.789, "2011-07-31": "-35.29300", "2011-04-30": 99.416, "2011-01-31": 256.463, "2010-10-31": 36.875, "2010-07-31": "-17.13500", "2010-04-30": 0.277, "2010-01-31": 274.663, "2009-10-31": 49.655, "2009-07-31": "-9.58900", "2009-04-30": 53.143, "2009-01-31": 242.663, "2008-10-31": -14.072, "2008-07-31": "-25.72500", "2008-04-30": 50.841, "2008-01-31": 295.045, "2007-10-31": -0.302, "2007-07-31": "-65.44900", "2007-04-30": 65.673, "2007-01-31": 166.592, "2006-10-31": 26.853, "2006-07-31": "-38.52400", "2006-04-30": 75.238, "2006-01-31": 160.81, "2005-10-31": 35.556, "2005-07-31": "-28.96200", "2005-04-30": 54.651, "2005-01-31": 188.835}, "Net Change In Property, Plant, And Equipment": {"2020-10-31": -42.104, "2020-07-31": "-5.32500", "2020-04-30": -31.507, "2020-01-31": -27.477, "2019-10-31": -50.006, "2019-07-31": "-6.21100", "2019-04-30": -32.818, "2019-01-31": -21.864, "2018-10-31": -22.361, "2018-07-31": "-24.55000", "2018-04-30": -41.344, "2018-01-31": -37.988, "2017-10-31": -35.378, "2017-07-31": "-36.01800", "2017-04-30": -70.939, "2017-01-31": -24.994, "2016-10-31": -31.95, "2016-07-31": "-20.77800", "2016-04-30": -61.929, "2016-01-31": -22.871, "2015-10-31": -23.894, "2015-07-31": "-22.28300", "2015-04-30": -21.828, "2015-01-31": -17.709, "2014-10-31": -15.62, "2014-07-31": "-13.96400", "2014-04-30": -18.831, "2014-01-31": -12.534, "2013-10-31": -12.404, "2013-07-31": "-13.79500", "2013-04-30": -17.098, "2013-01-31": -13.344, "2012-10-31": -12.359, "2012-07-31": "-15.90300", "2012-04-30": -19.449, "2012-01-31": -17.661, "2011-10-31": -17.73, "2011-07-31": "-12.53700", "2011-04-30": -21.689, "2011-01-31": -11.899, "2010-10-31": -11.328, "2010-07-31": "-9.47700", "2010-04-30": -16.535, "2010-01-31": -11.167, "2009-10-31": -11.519, "2009-07-31": "-8.88900", "2009-04-30": -15.555, "2009-01-31": -12.321, "2008-10-31": -9.296, "2008-07-31": "-8.83700", "2008-04-30": -21.306, "2008-01-31": -11.977, "2007-10-31": -12.237, "2007-07-31": "-4.79500", "2007-04-30": -8.541, "2007-01-31": -9.885, "2006-10-31": -7.026, "2006-07-31": "-5.99300", "2006-04-30": -7.271, "2006-01-31": -5.066, "2005-10-31": -4.284, "2005-07-31": "-4.73400", "2005-04-30": -8.878, "2005-01-31": -17.948}, "Net Change In Intangible Assets": {"2020-10-31": 0, "2020-07-31": "", "2020-04-30": 0, "2020-01-31": 0, "2019-10-31": 0, "2019-07-31": "", "2019-04-30": 0, "2019-01-31": 0, "2018-10-31": 0, "2018-07-31": "", "2018-04-30": 0, "2018-01-31": 0, "2017-10-31": 0, "2017-07-31": "", "2017-04-30": 0, "2017-01-31": 0, "2016-10-31": 0, "2016-07-31": "", "2016-04-30": 0, "2016-01-31": 0, "2015-10-31": 0, "2015-07-31": "", "2015-04-30": 0, "2015-01-31": 0, "2014-10-31": 0, "2014-07-31": "", "2014-04-30": 0, "2014-01-31": 0, "2013-10-31": 0, "2013-07-31": "", "2013-04-30": 0, "2013-01-31": 0, "2012-10-31": 0, "2012-07-31": "", "2012-04-30": 0, "2012-01-31": 0, "2011-10-31": 0, "2011-07-31": "", "2011-04-30": 0, "2011-01-31": 0, "2010-10-31": 0, "2010-07-31": "", "2010-04-30": 0, "2010-01-31": 0, "2009-10-31": 0, "2009-07-31": "", "2009-04-30": 0, "2009-01-31": 0, "2008-10-31": 0, "2008-07-31": "", "2008-04-30": 0, "2008-01-31": 0, "2007-10-31": 0, "2007-07-31": "", "2007-04-30": 0, "2007-01-31": 0, "2006-10-31": 0, "2006-07-31": "", "2006-04-30": 0, "2006-01-31": 0, "2005-10-31": 0, "2005-07-31": "", "2005-04-30": 0, "2005-01-31": 0}, "Net Acquisitions/Divestitures": {"2020-10-31": -10.259, "2020-07-31": "-3.99100", "2020-04-30": -29.279, "2020-01-31": -123.976, "2019-10-31": -2.735, "2019-07-31": "-75.47900", "2019-04-30": -5.056, "2019-01-31": -194.853, "2018-10-31": 1.97, "2018-07-31": "-1.97000", "2018-04-30": -1.456, "2018-01-31": -19.13, "2017-10-31": -1.684, "2017-07-31": "-4.41300", "2017-04-30": -2.656, "2017-01-31": -16.357, "2016-10-31": -127.153, "2016-07-31": "-8.60000", "2016-04-30": -2.446, "2016-01-31": -1.291, "2015-10-31": -14.46, "2015-07-31": "-2.22100", "2015-04-30": 0.432, "2015-01-31": -0.516, "2014-10-31": -1.235, "2014-07-31": "-170.91000", "2014-04-30": -49.365, "2014-01-31": -4.411, "2013-10-31": -0.638, "2013-07-31": "-0.10100", "2013-04-30": -4.537, "2013-01-31": -24.816, "2012-10-31": -232.259, "2012-07-31": "-1.66000", "2012-04-30": -85.788, "2012-01-31": -0.75, "2011-10-31": -1.598, "2011-07-31": "-4.03800", "2011-04-30": -0.714, "2011-01-31": -2.13, "2010-10-31": -1.92, "2010-07-31": "-2.40200", "2010-04-30": -0.855, "2010-01-31": -1.304, "2009-10-31": -0.576, "2009-07-31": "-3.69500", "2009-04-30": -1.573, "2009-01-31": -1.361, "2008-10-31": -3.267, "2008-07-31": "-17.75900", "2008-04-30": -1.968, "2008-01-31": -1.523, "2007-10-31": 2.456, "2007-07-31": "-5.76700", "2007-04-30": -955.596, "2007-01-31": -3.833, "2006-10-31": -9.186, "2006-07-31": "-4.29400", "2006-04-30": -2.299, "2006-01-31": -4.493, "2005-10-31": -9.203, "2005-07-31": "-15.35900", "2005-04-30": -8.83, "2005-01-31": -13.697}, "Net Change In Short-term Investments": {"2020-10-31": 0, "2020-07-31": "", "2020-04-30": 0, "2020-01-31": 0, "2019-10-31": 0, "2019-07-31": "", "2019-04-30": 0, "2019-01-31": 0, "2018-10-31": 0, "2018-07-31": "", "2018-04-30": 0, "2018-01-31": 0, "2017-10-31": 0, "2017-07-31": "", "2017-04-30": 0, "2017-01-31": 0, "2016-10-31": 0, "2016-07-31": "", "2016-04-30": 0, "2016-01-31": 0, "2015-10-31": 0, "2015-07-31": "", "2015-04-30": 0, "2015-01-31": 0, "2014-10-31": 0, "2014-07-31": "", "2014-04-30": 0, "2014-01-31": 0, "2013-10-31": 0, "2013-07-31": "", "2013-04-30": 0, "2013-01-31": 0, "2012-10-31": 0, "2012-07-31": "", "2012-04-30": 0, "2012-01-31": 0, "2011-10-31": 0, "2011-07-31": "", "2011-04-30": 0, "2011-01-31": 0, "2010-10-31": 0, "2010-07-31": "", "2010-04-30": 0, "2010-01-31": 0, "2009-10-31": 0, "2009-07-31": "", "2009-04-30": 0, "2009-01-31": 0, "2008-10-31": 0, "2008-07-31": "", "2008-04-30": 0, "2008-01-31": 0, "2007-10-31": 0, "2007-07-31": "", "2007-04-30": 42.334, "2007-01-31": 0, "2006-10-31": 0, "2006-07-31": "", "2006-04-30": 0, "2006-01-31": 0, "2005-10-31": 0, "2005-07-31": "10.00000", "2005-04-30": 4, "2005-01-31": -14}, "Net Change In Long-Term Investments": {"2020-10-31": 0, "2020-07-31": "", "2020-04-30": 0, "2020-01-31": 0, "2019-10-31": 0, "2019-07-31": "", "2019-04-30": 0, "2019-01-31": 0, "2018-10-31": 0, "2018-07-31": "", "2018-04-30": 0, "2018-01-31": 0, "2017-10-31": 0, "2017-07-31": "", "2017-04-30": 0, "2017-01-31": 0, "2016-10-31": 0, "2016-07-31": "", "2016-04-30": 0, "2016-01-31": 0, "2015-10-31": 0, "2015-07-31": "", "2015-04-30": 0, "2015-01-31": 0, "2014-10-31": 0, "2014-07-31": "", "2014-04-30": 0, "2014-01-31": 0, "2013-10-31": 0, "2013-07-31": "", "2013-04-30": 0, "2013-01-31": 0, "2012-10-31": 0, "2012-07-31": "", "2012-04-30": 0, "2012-01-31": 0, "2011-10-31": 0, "2011-07-31": "", "2011-04-30": 0, "2011-01-31": 0, "2010-10-31": 0, "2010-07-31": "", "2010-04-30": 0, "2010-01-31": 0, "2009-10-31": 0, "2009-07-31": "", "2009-04-30": 0, "2009-01-31": 0, "2008-10-31": 0, "2008-07-31": "", "2008-04-30": 0, "2008-01-31": 0, "2007-10-31": 0, "2007-07-31": "", "2007-04-30": 0, "2007-01-31": 0, "2006-10-31": 0, "2006-07-31": "", "2006-04-30": 0, "2006-01-31": 0, "2005-10-31": 0, "2005-07-31": "", "2005-04-30": 0, "2005-01-31": 0}, "Net Change In Investments - Total": {"2020-10-31": 0, "2020-07-31": "", "2020-04-30": 0, "2020-01-31": 0, "2019-10-31": 0, "2019-07-31": "", "2019-04-30": 0, "2019-01-31": 0, "2018-10-31": 0, "2018-07-31": "", "2018-04-30": 0, "2018-01-31": 0, "2017-10-31": 0, "2017-07-31": "", "2017-04-30": 0, "2017-01-31": 0, "2016-10-31": 0, "2016-07-31": "", "2016-04-30": 0, "2016-01-31": 0, "2015-10-31": 0, "2015-07-31": "", "2015-04-30": 0, "2015-01-31": 0, "2014-10-31": 0, "2014-07-31": "", "2014-04-30": 0, "2014-01-31": 0, "2013-10-31": 0, "2013-07-31": "", "2013-04-30": 0, "2013-01-31": 0, "2012-10-31": 0, "2012-07-31": "", "2012-04-30": 0, "2012-01-31": 0, "2011-10-31": 0, "2011-07-31": "", "2011-04-30": 0, "2011-01-31": 0, "2010-10-31": 0, "2010-07-31": "", "2010-04-30": 0, "2010-01-31": 0, "2009-10-31": 0, "2009-07-31": "", "2009-04-30": 0, "2009-01-31": 0, "2008-10-31": 0, "2008-07-31": "", "2008-04-30": 0, "2008-01-31": 0, "2007-10-31": 0, "2007-07-31": "", "2007-04-30": 42.334, "2007-01-31": 0, "2006-10-31": 0, "2006-07-31": "", "2006-04-30": 0, "2006-01-31": 0, "2005-10-31": 0, "2005-07-31": "10.00000", "2005-04-30": 4, "2005-01-31": -14}, "Investing Activities - Other": {"2020-10-31": 18.964, "2020-07-31": "-18.96400", "2020-04-30": 0, "2020-01-31": 0, "2019-10-31": 24.202, "2019-07-31": "-24.20200", "2019-04-30": 0, "2019-01-31": 2.795, "2018-10-31": -2.795, "2018-07-31": "", "2018-04-30": 0, "2018-01-31": 0, "2017-10-31": 0, "2017-07-31": "", "2017-04-30": 92.321, "2017-01-31": -15.3, "2016-10-31": -8.615, "2016-07-31": "-7.98900", "2016-04-30": 28.627, "2016-01-31": -8.594, "2015-10-31": -11.749, "2015-07-31": "-8.28400", "2015-04-30": -12.549, "2015-01-31": -9.938, "2014-10-31": -9.87, "2014-07-31": "-5.96400", "2014-04-30": -6.808, "2014-01-31": -11.17, "2013-10-31": -10.417, "2013-07-31": "-8.87300", "2013-04-30": -13.493, "2013-01-31": -2.596, "2012-10-31": 7.518, "2012-07-31": "-11.92100", "2012-04-30": -15.199, "2012-01-31": -14.066, "2011-10-31": -11.873, "2011-07-31": "-11.36300", "2011-04-30": -14.411, "2011-01-31": -12.996, "2010-10-31": -13.126, "2010-07-31": "-10.93800", "2010-04-30": 58.674, "2010-01-31": -42.467, "2009-10-31": -34.413, "2009-07-31": "-33.37800", "2009-04-30": 48.436, "2009-01-31": -37.744, "2008-10-31": -26.234, "2008-07-31": "-30.87800", "2008-04-30": -27.832, "2008-01-31": -31.007, "2007-10-31": -30.458, "2007-07-31": "-23.77200", "2007-04-30": -22.688, "2007-01-31": -18.7, "2006-10-31": -19.186, "2006-07-31": "-15.65100", "2006-04-30": -18.765, "2006-01-31": -18.785, "2005-10-31": -20.493, "2005-07-31": "-12.87800", "2005-04-30": -19.122, "2005-01-31": -45.285}, "Cash Flow From Investing Activities": {"2020-10-31": -33.399, "2020-07-31": "-28.28000", "2020-04-30": -60.786, "2020-01-31": -151.453, "2019-10-31": -28.539, "2019-07-31": "-105.89200", "2019-04-30": -37.874, "2019-01-31": -213.922, "2018-10-31": -23.186, "2018-07-31": "-26.52000", "2018-04-30": -42.8, "2018-01-31": -57.118, "2017-10-31": -37.062, "2017-07-31": "-40.43100", "2017-04-30": 18.726, "2017-01-31": -56.651, "2016-10-31": -167.718, "2016-07-31": "-37.36700", "2016-04-30": -35.748, "2016-01-31": -32.756, "2015-10-31": -50.103, "2015-07-31": "-32.78800", "2015-04-30": -33.945, "2015-01-31": -28.163, "2014-10-31": -26.725, "2014-07-31": "-190.83800", "2014-04-30": -75.004, "2014-01-31": -28.115, "2013-10-31": -23.459, "2013-07-31": "-22.76900", "2013-04-30": -35.128, "2013-01-31": -40.756, "2012-10-31": -237.1, "2012-07-31": "-29.48400", "2012-04-30": -120.436, "2012-01-31": -32.477, "2011-10-31": -31.201, "2011-07-31": "-27.93800", "2011-04-30": -36.814, "2011-01-31": -27.025, "2010-10-31": -26.374, "2010-07-31": "-22.81700", "2010-04-30": 41.284, "2010-01-31": -54.938, "2009-10-31": -46.508, "2009-07-31": "-45.96200", "2009-04-30": 31.308, "2009-01-31": -51.426, "2008-10-31": -38.797, "2008-07-31": "-57.47400", "2008-04-30": -51.106, "2008-01-31": -44.507, "2007-10-31": -40.239, "2007-07-31": "-34.33400", "2007-04-30": -944.491, "2007-01-31": -32.418, "2006-10-31": -35.398, "2006-07-31": "-25.93800", "2006-04-30": -28.335, "2006-01-31": -28.344, "2005-10-31": -33.98, "2005-07-31": "-22.97100", "2005-04-30": -32.83, "2005-01-31": -90.93}, "Net Long-Term Debt": {"2020-10-31": -7.766, "2020-07-31": "67.35600", "2020-04-30": -15.645, "2020-01-31": 1.946, "2019-10-31": 63.623, "2019-07-31": "253.84800", "2019-04-30": -153.238, "2019-01-31": 94.037, "2018-10-31": 31.521, "2018-07-31": "147.75400", "2018-04-30": -75.414, "2018-01-31": -129.786, "2017-10-31": 10.625, "2017-07-31": "185.96400", "2017-04-30": -500.7, "2017-01-31": -18.292, "2016-10-31": 230.992, "2016-07-31": "47.99300", "2016-04-30": -209.724, "2016-01-31": 75.68, "2015-10-31": -11.424, "2015-07-31": "100.38300", "2015-04-30": 62.098, "2015-01-31": -161.402, "2014-10-31": -38.5, "2014-07-31": "85.51900", "2014-04-30": 66.1, "2014-01-31": -13.9, "2013-10-31": -12.1, "2013-07-31": "-13.00000", "2013-04-30": -61.8, "2013-01-31": 32.9, "2012-10-31": 187.9, "2012-07-31": "39.00000", "2012-04-30": -8, "2012-01-31": -27, "2011-10-31": 35, "2011-07-31": "20.80000", "2011-04-30": -177.7, "2011-01-31": -25.1, "2010-10-31": -30, "2010-07-31": "38.00000", "2010-04-30": 11.9, "2010-01-31": -216.076, "2009-10-31": -13.824, "2009-07-31": "44.60000", "2009-04-30": -69.066, "2009-01-31": -112.116, "2008-10-31": 66.064, "2008-07-31": "95.20000", "2008-04-30": -190.769, "2008-01-31": -79.194, "2007-10-31": -26.333, "2007-07-31": "138.41200", "2007-04-30": 918.679, "2007-01-31": -126.202, "2006-10-31": 5.72, "2006-07-31": "39.52500", "2006-04-30": -29.577, "2006-01-31": -42.809, "2005-10-31": 39.842, "2005-07-31": "", "2005-04-30": -4.008, "2005-01-31": 0}, "Net Current Debt": {"2020-10-31": 2.127, "2020-07-31": "-3.29200", "2020-04-30": 0.253, "2020-01-31": -0.982, "2019-10-31": 6.85, "2019-07-31": "-6.16900", "2019-04-30": 0.983, "2019-01-31": -3.591, "2018-10-31": 6.324, "2018-07-31": "-9.39000", "2018-04-30": 4.693, "2018-01-31": -6.255, "2017-10-31": 11.348, "2017-07-31": "-13.97700", "2017-04-30": 8.652, "2017-01-31": -3.005, "2016-10-31": 6.4, "2016-07-31": "-12.26100", "2016-04-30": -144.988, "2016-01-31": -3.572, "2015-10-31": 55.956, "2015-07-31": "-5.67100", "2015-04-30": 2.031, "2015-01-31": 49.381, "2014-10-31": 55.083, "2014-07-31": "-13.20600", "2014-04-30": 9.505, "2014-01-31": 1.977, "2013-10-31": -0.202, "2013-07-31": "-23.63400", "2013-04-30": 20.533, "2013-01-31": -6.284, "2012-10-31": 11.026, "2012-07-31": "-25.72600", "2012-04-30": 22.864, "2012-01-31": 1.092, "2011-10-31": -2.151, "2011-07-31": "-26.21900", "2011-04-30": 26.689, "2011-01-31": -8.279, "2010-10-31": 8.263, "2010-07-31": "-27.85800", "2010-04-30": 25.639, "2010-01-31": -6.179, "2009-10-31": 8.863, "2009-07-31": "-18.61600", "2009-04-30": 12.339, "2009-01-31": -8.036, "2008-10-31": 3.351, "2008-07-31": "-28.17600", "2008-04-30": 25.655, "2008-01-31": -4.022, "2007-10-31": 12.797, "2007-07-31": "1.82300", "2007-04-30": 10.149, "2007-01-31": -3.071, "2006-10-31": 6.838, "2006-07-31": "-7.16200", "2006-04-30": -7.514, "2006-01-31": 0, "2005-10-31": 0, "2005-07-31": "", "2005-04-30": 0, "2005-01-31": 0}, "Debt Issuance/Retirement Net - Total": {"2020-10-31": -5.639, "2020-07-31": "64.06400", "2020-04-30": -15.392, "2020-01-31": 0.964, "2019-10-31": 70.473, "2019-07-31": "247.67900", "2019-04-30": -152.255, "2019-01-31": 90.446, "2018-10-31": 37.845, "2018-07-31": "138.36400", "2018-04-30": -70.721, "2018-01-31": -136.041, "2017-10-31": 21.973, "2017-07-31": "171.98700", "2017-04-30": -492.048, "2017-01-31": -21.297, "2016-10-31": 237.392, "2016-07-31": "35.73200", "2016-04-30": -354.712, "2016-01-31": 72.108, "2015-10-31": 44.532, "2015-07-31": "94.71200", "2015-04-30": 64.129, "2015-01-31": -112.021, "2014-10-31": 16.583, "2014-07-31": "72.31300", "2014-04-30": 75.605, "2014-01-31": -11.923, "2013-10-31": -12.302, "2013-07-31": "-36.63400", "2013-04-30": -41.267, "2013-01-31": 26.616, "2012-10-31": 198.926, "2012-07-31": "13.27400", "2012-04-30": 14.864, "2012-01-31": -25.908, "2011-10-31": 32.849, "2011-07-31": "-5.41900", "2011-04-30": -151.011, "2011-01-31": -33.379, "2010-10-31": -21.737, "2010-07-31": "10.14200", "2010-04-30": 37.539, "2010-01-31": -222.255, "2009-10-31": -4.961, "2009-07-31": "25.98400", "2009-04-30": -56.727, "2009-01-31": -120.152, "2008-10-31": 69.415, "2008-07-31": "67.02400", "2008-04-30": -165.114, "2008-01-31": -83.216, "2007-10-31": -13.536, "2007-07-31": "140.23500", "2007-04-30": 928.8281, "2007-01-31": -129.273, "2006-10-31": 12.558, "2006-07-31": "32.36300", "2006-04-30": -37.091, "2006-01-31": -42.809, "2005-10-31": 39.842, "2005-07-31": "", "2005-04-30": -4.008, "2005-01-31": 0}, "Net Common Equity Issued/Repurchased": {"2020-10-31": 1.319, "2020-07-31": "-1.31900", "2020-04-30": -13.787, "2020-01-31": -11.596, "2019-10-31": -13.863, "2019-07-31": "-11.13700", "2019-04-30": -27.527, "2019-01-31": -11.005, "2018-10-31": -17.597, "2018-07-31": "-0.11400", "2018-04-30": -11.836, "2018-01-31": 23.259, "2017-10-31": -13.493, "2017-07-31": "-8.41700", "2017-04-30": -15.902, "2017-01-31": -13.332, "2016-10-31": -7.986, "2016-07-31": "2.40000", "2016-04-30": -10.924, "2016-01-31": -14.91, "2015-10-31": -31.89, "2015-07-31": "-12.34800", "2015-04-30": 0.834, "2015-01-31": -14.831, "2014-10-31": -28.692, "2014-07-31": "6.03400", "2014-04-30": -17.868, "2014-01-31": 3.64, "2013-10-31": 16.205, "2013-07-31": "-9.83800", "2013-04-30": -28.975, "2013-01-31": -34.066, "2012-10-31": 4.724, "2012-07-31": "8.40200", "2012-04-30": -23.805, "2012-01-31": -22.26, "2011-10-31": -26.309, "2011-07-31": "0.60500", "2011-04-30": -14.564, "2011-01-31": -0.371, "2010-10-31": 12.091, "2010-07-31": "2.73300", "2010-04-30": 15.244, "2010-01-31": 15.459, "2009-10-31": 1.575, "2009-07-31": "0.34700", "2009-04-30": 2.48, "2009-01-31": -14.974, "2008-10-31": -18.326, "2008-07-31": "7.33300", "2008-04-30": 2.839, "2008-01-31": -2.916, "2007-10-31": 6.156, "2007-07-31": "5.43200", "2007-04-30": 0.732, "2007-01-31": 4.193, "2006-10-31": 0.971, "2006-07-31": "-6.71200", "2006-04-30": -26.605, "2006-01-31": -26.788, "2005-10-31": -31.646, "2005-07-31": "-18.65500", "2005-04-30": -49.848, "2005-01-31": -41.494}, "Net Total Equity Issued/Repurchased": {"2020-10-31": 1.319, "2020-07-31": "-1.31900", "2020-04-30": -13.787, "2020-01-31": -11.596, "2019-10-31": -13.863, "2019-07-31": "-11.13700", "2019-04-30": -27.527, "2019-01-31": -11.005, "2018-10-31": -17.597, "2018-07-31": "-0.11400", "2018-04-30": -11.836, "2018-01-31": 23.259, "2017-10-31": -13.493, "2017-07-31": "-8.41700", "2017-04-30": -15.902, "2017-01-31": -13.332, "2016-10-31": -7.986, "2016-07-31": "2.40000", "2016-04-30": -10.924, "2016-01-31": -14.91, "2015-10-31": -31.89, "2015-07-31": "-12.34800", "2015-04-30": 0.834, "2015-01-31": -14.831, "2014-10-31": -28.692, "2014-07-31": "6.03400", "2014-04-30": -17.868, "2014-01-31": 3.64, "2013-10-31": 16.205, "2013-07-31": "-9.83800", "2013-04-30": -28.975, "2013-01-31": -34.066, "2012-10-31": 4.724, "2012-07-31": "8.40200", "2012-04-30": -23.805, "2012-01-31": -22.26, "2011-10-31": -26.309, "2011-07-31": "0.60500", "2011-04-30": -14.564, "2011-01-31": -0.371, "2010-10-31": 12.091, "2010-07-31": "2.73300", "2010-04-30": 15.244, "2010-01-31": 15.459, "2009-10-31": 1.575, "2009-07-31": "0.34700", "2009-04-30": 2.48, "2009-01-31": -14.974, "2008-10-31": -18.326, "2008-07-31": "7.33300", "2008-04-30": 2.839, "2008-01-31": -2.916, "2007-10-31": 6.156, "2007-07-31": "5.43200", "2007-04-30": 0.732, "2007-01-31": 4.193, "2006-10-31": 0.971, "2006-07-31": "-6.71200", "2006-04-30": -26.605, "2006-01-31": -26.788, "2005-10-31": -31.646, "2005-07-31": "-18.65500", "2005-04-30": -49.848, "2005-01-31": -41.494}, "Total Common And Preferred Stock Dividends Paid": {"2020-10-31": -19.219, "2020-07-31": "-19.26100", "2020-04-30": -19.026, "2020-01-31": -19.146, "2019-10-31": -19.234, "2019-07-31": "-19.25200", "2019-04-30": -18.789, "2019-01-31": -18.93, "2018-10-31": -18.99, "2018-07-31": "-19.04300", "2018-04-30": -18.449, "2018-01-31": -18.394, "2017-10-31": -18.317, "2017-07-31": "-18.38200", "2017-04-30": -17.907, "2017-01-31": -17.755, "2016-10-31": -17.969, "2016-07-31": "-17.91400", "2016-04-30": -17.284, "2016-01-31": -17.446, "2015-10-31": -17.557, "2015-07-31": "-17.60900", "2015-04-30": -17.007, "2015-01-31": -17.089, "2014-10-31": -17.24, "2014-07-31": "-17.16200", "2014-04-30": -14.771, "2014-01-31": -14.835, "2013-10-31": -14.627, "2013-07-31": "-14.72000", "2013-04-30": -14.174, "2013-01-31": -14.444, "2012-10-31": -14.439, "2012-07-31": "-14.36900", "2012-04-30": -11.947, "2012-01-31": -12.039, "2011-10-31": -12.134, "2011-07-31": "-12.13700", "2011-04-30": -9.795, "2011-01-31": -9.712, "2010-10-31": -9.655, "2010-07-31": "-9.60200", "2010-04-30": -8.349, "2010-01-31": -8.248, "2009-10-31": -8.196, "2009-07-31": "-8.19300", "2009-04-30": -7.541, "2009-01-31": -7.592, "2008-10-31": -7.68, "2008-07-31": "-7.66500", "2008-04-30": -6.432, "2008-01-31": -6.418, "2007-10-31": -6.389, "2007-07-31": "-6.37400", "2007-04-30": -5.747, "2007-01-31": -5.737, "2006-10-31": -5.719, "2006-07-31": "-5.63600", "2006-04-30": -5.233, "2006-01-31": -5.184, "2005-10-31": -5.352, "2005-07-31": "-5.33400", "2005-04-30": -4.438, "2005-01-31": -13.687}, "Financial Activities - Other": {"2020-10-31": -1.346, "2020-07-31": "", "2020-04-30": 0, "2020-01-31": 1.393, "2019-10-31": -1.442, "2019-07-31": "-3.95700", "2019-04-30": 0, "2019-01-31": 0, "2018-10-31": 0, "2018-07-31": "", "2018-04-30": 0, "2018-01-31": 0, "2017-10-31": 0, "2017-07-31": "", "2017-04-30": 0.187, "2017-01-31": 0.04, "2016-10-31": 0.187, "2016-07-31": "", "2016-04-30": -2.852, "2016-01-31": -0.01, "2015-10-31": 0.024, "2015-07-31": "0.50300", "2015-04-30": 0.704, "2015-01-31": 0.713, "2014-10-31": 0.042, "2014-07-31": "1.73200", "2014-04-30": 1.414, "2014-01-31": -1.208, "2013-10-31": -1.519, "2013-07-31": "-0.15300", "2013-04-30": -0.936, "2013-01-31": 0.034, "2012-10-31": 0.184, "2012-07-31": "0.91100", "2012-04-30": 0.682, "2012-01-31": -3.394, "2011-10-31": 0.15, "2011-07-31": "1.48700", "2011-04-30": 2.287, "2011-01-31": 0.702, "2010-10-31": 1.363, "2010-07-31": "0.46400", "2010-04-30": 4.073, "2010-01-31": 3.244, "2009-10-31": 0.217, "2009-07-31": "0.10200", "2009-04-30": 1.468, "2009-01-31": 0.151, "2008-10-31": 0.136, "2008-07-31": "3.59500", "2008-04-30": 4.321, "2008-01-31": 0.299, "2007-10-31": 4.38, "2007-07-31": "2.22300", "2007-04-30": -5.994, "2007-01-31": 1.716, "2006-10-31": 0.29, "2006-07-31": "0.12800", "2006-04-30": 0, "2006-01-31": 0, "2005-10-31": 0, "2005-07-31": "", "2005-04-30": 0, "2005-01-31": 0}, "Cash Flow From Financial Activities": {"2020-10-31": -24.885, "2020-07-31": "43.48400", "2020-04-30": -48.205, "2020-01-31": -28.385, "2019-10-31": 35.934, "2019-07-31": "213.33300", "2019-04-30": -198.571, "2019-01-31": 60.511, "2018-10-31": 1.258, "2018-07-31": "119.20700", "2018-04-30": -101.006, "2018-01-31": -131.176, "2017-10-31": -9.837, "2017-07-31": "145.18800", "2017-04-30": -525.67, "2017-01-31": -52.344, "2016-10-31": 211.624, "2016-07-31": "20.21800", "2016-04-30": -385.772, "2016-01-31": 39.742, "2015-10-31": -4.891, "2015-07-31": "65.25800", "2015-04-30": 48.66, "2015-01-31": -143.228, "2014-10-31": -29.307, "2014-07-31": "62.91700", "2014-04-30": 44.38, "2014-01-31": -24.326, "2013-10-31": -12.243, "2013-07-31": "-61.34500", "2013-04-30": -85.352, "2013-01-31": -21.86, "2012-10-31": 189.395, "2012-07-31": "8.21800", "2012-04-30": -20.206, "2012-01-31": -63.601, "2011-10-31": -5.444, "2011-07-31": "-15.46400", "2011-04-30": -173.083, "2011-01-31": -42.76, "2010-10-31": -17.938, "2010-07-31": "3.73700", "2010-04-30": 48.507, "2010-01-31": -211.8, "2009-10-31": -11.365, "2009-07-31": "18.24000", "2009-04-30": -60.32, "2009-01-31": -142.567, "2008-10-31": 43.545, "2008-07-31": "70.28700", "2008-04-30": -164.386, "2008-01-31": -92.251, "2007-10-31": -9.389, "2007-07-31": "141.51600", "2007-04-30": 917.819, "2007-01-31": -129.101, "2006-10-31": 8.1, "2006-07-31": "20.14300", "2006-04-30": -68.929, "2006-01-31": -74.781, "2005-10-31": 2.844, "2005-07-31": "-23.98900", "2005-04-30": -58.294, "2005-01-31": -55.181}, "Net Cash Flow": {"2020-10-31": -15.322, "2020-07-31": "-101.07900", "2020-04-30": 85.084, "2020-01-31": 9.561, "2019-10-31": 3.719, "2019-07-31": "11.13500", "2019-04-30": -39.842, "2019-01-31": 17.303, "2018-10-31": 2.495, "2018-07-31": "-56.66500", "2018-04-30": 41.495, "2018-01-31": 55.345, "2017-10-31": -11.328, "2017-07-31": "26.22900", "2017-04-30": -423.805, "2017-01-31": 214.911, "2016-10-31": 81.516, "2016-07-31": "-177.91200", "2016-04-30": -172.053, "2016-01-31": 227.624, "2015-10-31": -61.178, "2015-07-31": "-88.02800", "2015-04-30": 197.226, "2015-01-31": 61.303, "2014-10-31": -56.945, "2014-07-31": "-230.52000", "2014-04-30": 170.392, "2014-01-31": 166.323, "2013-10-31": -40.133, "2013-07-31": "-144.34500", "2013-04-30": 48.282, "2013-01-31": 193.293, "2012-10-31": -56.735, "2012-07-31": "-110.53000", "2012-04-30": -24.626, "2012-01-31": 202.162, "2011-10-31": -39.439, "2011-07-31": "-80.12000", "2011-04-30": -103.588, "2011-01-31": 193.13, "2010-10-31": -1.569, "2010-07-31": "-39.63300", "2010-04-30": 86.04, "2010-01-31": 6.346, "2009-10-31": -7.07, "2009-07-31": "-34.63100", "2009-04-30": 30.418, "2009-01-31": 41.018, "2008-10-31": -15.481, "2008-07-31": "-12.43800", "2008-04-30": -161.509, "2008-01-31": 156.8, "2007-10-31": -49.786, "2007-07-31": "42.31300", "2007-04-30": 40.875, "2007-01-31": 5.379, "2006-10-31": -0.392, "2006-07-31": "-44.11500", "2006-04-30": -22.058, "2006-01-31": 57.737, "2005-10-31": 4.489, "2005-07-31": "-76.32600", "2005-04-30": -36.44, "2005-01-31": 43.814}, "Stock-Based Compensation": {"2020-10-31": 7.217, "2020-07-31": "8.34700", "2020-04-30": 10.408, "2020-01-31": 6.09, "2019-10-31": 7.898, "2019-07-31": "6.44500", "2019-04-30": 4.542, "2019-01-31": 6.77, "2018-10-31": 5.852, "2018-07-31": "6.39900", "2018-04-30": 12.122, "2018-01-31": 3.974, "2017-10-31": 0.796, "2017-07-31": "1.74000", "2017-04-30": 20.534, "2017-01-31": 5.28, "2016-10-31": 4.683, "2016-07-31": "0.22400", "2016-04-30": 18.136, "2016-01-31": 4.18, "2015-10-31": 4.214, "2015-07-31": "3.89800", "2015-04-30": 24.438, "2015-01-31": 3.66, "2014-10-31": 4.829, "2014-07-31": "3.28900", "2014-04-30": 32.31, "2014-01-31": 3.69, "2013-10-31": 3.958, "2013-07-31": "3.34700", "2013-04-30": 37.868, "2013-01-31": 2.003, "2012-10-31": 4.335, "2012-07-31": "3.66000", "2012-04-30": 34.323, "2012-01-31": 5.323, "2011-10-31": 4.272, "2011-07-31": "3.46000", "2011-04-30": 5.089, "2011-01-31": 4.316, "2010-10-31": 4.376, "2010-07-31": "3.93800", "2010-04-30": 12.454, "2010-01-31": 4.81, "2009-10-31": 4.839, "2009-07-31": "2.73900", "2009-04-30": 10.784, "2009-01-31": -1.258, "2008-10-31": 4.042, "2008-07-31": "3.47400", "2008-04-30": 17.752, "2008-01-31": 3.008, "2007-10-31": 3.803, "2007-07-31": "3.47800", "2007-04-30": 3.382, "2007-01-31": 2.979, "2006-10-31": 2.943, "2006-07-31": "3.25500", "2006-04-30": 2.125, "2006-01-31": 0.703, "2005-10-31": 0.688, "2005-07-31": "1.33800", "2005-04-30": 3.632, "2005-01-31": 0}, "Common Stock Dividends Paid": {"2020-10-31": -19.219, "2020-07-31": "-19.26100", "2020-04-30": -19.026, "2020-01-31": -19.146, "2019-10-31": -19.234, "2019-07-31": "-19.25200", "2019-04-30": -18.789, "2019-01-31": -18.93, "2018-10-31": -18.99, "2018-07-31": "-19.04300", "2018-04-30": -18.449, "2018-01-31": -18.394, "2017-10-31": -18.317, "2017-07-31": "-18.38200", "2017-04-30": -17.907, "2017-01-31": -17.755, "2016-10-31": -17.969, "2016-07-31": "-17.91400", "2016-04-30": -17.284, "2016-01-31": -17.446, "2015-10-31": -17.557, "2015-07-31": "-17.60900", "2015-04-30": -17.007, "2015-01-31": -17.089, "2014-10-31": -17.24, "2014-07-31": "-17.16200", "2014-04-30": -14.771, "2014-01-31": -14.835, "2013-10-31": -14.627, "2013-07-31": "-14.72000", "2013-04-30": -14.174, "2013-01-31": -14.444, "2012-10-31": -14.439, "2012-07-31": "-14.36900", "2012-04-30": -11.947, "2012-01-31": -12.039, "2011-10-31": -12.134, "2011-07-31": "-12.13700", "2011-04-30": -9.795, "2011-01-31": -9.712, "2010-10-31": -9.655, "2010-07-31": "-9.60200", "2010-04-30": -8.349, "2010-01-31": -8.248, "2009-10-31": -8.196, "2009-07-31": "-8.19300", "2009-04-30": -7.541, "2009-01-31": -7.592, "2008-10-31": -7.68, "2008-07-31": "-7.66500", "2008-04-30": -6.432, "2008-01-31": -6.418, "2007-10-31": -6.389, "2007-07-31": "-6.37400", "2007-04-30": -5.747, "2007-01-31": -5.737, "2006-10-31": -5.719, "2006-07-31": "-5.63600", "2006-04-30": -5.233, "2006-01-31": -5.184, "2005-10-31": -5.352, "2005-07-31": "-5.33400", "2005-04-30": -4.438, "2005-01-31": -13.687}}, "financial ratios": {"Current Ratio": {"2020-04-30": "0.66320", "2019-04-30": "0.56960", "2018-04-30": "0.54900", "2017-04-30": "0.45660", "2016-04-30": "0.85790", "2015-04-30": "0.92190", "2014-04-30": "1.08230", "2013-04-30": "0.95170", "2012-04-30": "0.89650", "2011-04-30": "0.69740", "2010-04-30": "0.71710", "2009-04-30": "0.73630", "2008-04-30": "0.64100", "2007-04-30": "0.67840", "2006-04-30": "0.90110", "2005-04-30": "0.99300"}, "Long-term Debt / Capital": {"2020-04-30": "0.45060", "2019-04-30": "0.28840", "2018-04-30": "0.23220", "2017-04-30": "0.26680", "2016-04-30": "0.36840", "2015-04-30": "0.38130", "2014-04-30": "0.37190", "2013-04-30": "0.40510", "2012-04-30": "0.31820", "2011-04-30": "0.25260", "2010-04-30": "0.43620", "2009-04-30": "0.59520", "2008-04-30": "0.53640", "2007-04-30": "0.64870", "2006-04-30": "0.28540", "2005-04-30": "0.33100"}, "Debt/Equity Ratio": {"2020-04-30": "0.83010", "2019-04-30": "0.40530", "2018-04-30": "0.30240", "2017-04-30": "0.36390", "2016-04-30": "0.58340", "2015-04-30": "0.71100", "2014-04-30": "0.59220", "2013-04-30": "0.68090", "2012-04-30": "0.46680", "2011-04-30": "0.46450", "2010-04-30": "0.89830", "2009-04-30": "1.60150", "2008-04-30": "1.22230", "2007-04-30": "1.88900", "2006-04-30": "0.39940", "2005-04-30": "0.49480"}, "Gross Margin": {"2020-04-30": "67.72980", "2019-04-30": "69.18330", "2018-04-30": "70.43470", "2017-04-30": "70.85920", "2016-04-30": "73.00710", "2015-04-30": "72.58170", "2014-04-30": "71.44660", "2013-04-30": "69.77290", "2012-04-30": "69.51910", "2011-04-30": "69.06590", "2010-04-30": "68.57080", "2009-04-30": "67.95190", "2008-04-30": "68.16050", "2007-04-30": "68.19380", "2006-04-30": "68.21140", "2005-04-30": "66.62780"}, "Operating Margin": {"2020-04-30": "-2.96410", "2019-04-30": "12.44340", "2018-04-30": "12.88690", "2017-04-30": "12.30530", "2016-04-30": "10.89220", "2015-04-30": "13.04510", "2014-04-30": "11.64230", "2013-04-30": "11.32610", "2012-04-30": "15.72960", "2011-04-30": "14.24050", "2010-04-30": "14.27800", "2009-04-30": "13.55840", "2008-04-30": "13.45560", "2007-04-30": "13.07920", "2006-04-30": "14.62540", "2005-04-30": "14.51480"}, "EBIT Margin": {"2020-04-30": "-2.96410", "2019-04-30": "12.44340", "2018-04-30": "12.88690", "2017-04-30": "12.30530", "2016-04-30": "10.89220", "2015-04-30": "13.04510", "2014-04-30": "11.64230", "2013-04-30": "11.32610", "2012-04-30": "15.72960", "2011-04-30": "14.24050", "2010-04-30": "14.27800", "2009-04-30": "13.55840", "2008-04-30": "13.45560", "2007-04-30": "13.07920", "2006-04-30": "14.62540", "2005-04-30": "14.51480"}, "EBITDA Margin": {"2020-04-30": "6.59790", "2019-04-30": "21.39610", "2018-04-30": "21.46040", "2017-04-30": "21.41550", "2016-04-30": "19.91630", "2015-04-30": "21.49120", "2014-04-30": "19.98480", "2013-04-30": "19.81750", "2012-04-30": "23.47560", "2011-04-30": "21.84460", "2010-04-30": "21.51020", "2009-04-30": "20.74130", "2008-04-30": "20.38160", "2007-04-30": "20.23290", "2006-04-30": "22.48050", "2005-04-30": "22.55890"}, "Pre-Tax Profit Margin": {"2020-04-30": "-3.44490", "2019-04-30": "11.83020", "2018-04-30": "11.91080", "2017-04-30": "11.12090", "2016-04-30": "10.12100", "2015-04-30": "12.37140", "2014-04-30": "11.01480", "2013-04-30": "10.61590", "2012-04-30": "15.26270", "2011-04-30": "13.25990", "2010-04-30": "11.78350", "2009-04-30": "10.20700", "2008-04-30": "9.65080", "2007-04-30": "11.29900", "2006-04-30": "13.77910", "2005-04-30": "13.92780"}, "Net Profit Margin": {"2020-04-30": "-4.05610", "2019-04-30": "9.34760", "2018-04-30": "10.70020", "2017-04-30": "6.61280", "2016-04-30": "8.44120", "2015-04-30": "9.70500", "2014-04-30": "9.04180", "2013-04-30": "8.19100", "2012-04-30": "11.93360", "2011-04-30": "9.86420", "2010-04-30": "8.44840", "2009-04-30": "7.95950", "2008-04-30": "8.81480", "2007-04-30": "8.06870", "2006-04-30": "10.56850", "2005-04-30": "8.60750"}, "Asset Turnover": {"2020-04-30": "0.57800", "2019-04-30": "0.61040", "2018-04-30": "0.63260", "2017-04-30": "0.65940", "2016-04-30": "0.59120", "2015-04-30": "0.60660", "2014-04-30": "0.57690", "2013-04-30": "0.62740", "2012-04-30": "0.70380", "2011-04-30": "0.71710", "2010-04-30": "0.73600", "2009-04-30": "0.72460", "2008-04-30": "0.64970", "2007-04-30": "0.48360", "2006-04-30": "1.01750", "2005-04-30": "0.94330"}, "Inventory Turnover Ratio": {"2020-04-30": "13.55120", "2019-04-30": "15.59000", "2018-04-30": "13.44740", "2017-04-30": "10.46550", "2016-04-30": "8.06830", "2015-04-30": "7.83460", "2014-04-30": "6.71410", "2013-04-30": "6.48930", "2012-04-30": "5.36760", "2011-04-30": "5.06510", "2010-04-30": "4.94110", "2009-04-30": "4.64130", "2008-04-30": "4.50820", "2007-04-30": "3.47940", "2006-04-30": "3.74640", "2005-04-30": "3.89890"}, "Receiveable Turnover": {"2020-04-30": "5.91980", "2019-04-30": "5.87050", "2018-04-30": "8.45710", "2017-04-30": "9.10820", "2016-04-30": "10.30220", "2015-04-30": "12.38210", "2014-04-30": "11.85570", "2013-04-30": "10.88710", "2012-04-30": "10.39130", "2011-04-30": "10.35320", "2010-04-30": "10.30820", "2009-04-30": "9.02490", "2008-04-30": "7.88910", "2007-04-30": "6.13010", "2006-04-30": "6.59570", "2005-04-30": "7.06920"}, "Days Sales In Receivables": {"2020-04-30": "61.65780", "2019-04-30": "62.17560", "2018-04-30": "43.15880", "2017-04-30": "40.07370", "2016-04-30": "35.42940", "2015-04-30": "29.47800", "2014-04-30": "30.78680", "2013-04-30": "33.52600", "2012-04-30": "35.12550", "2011-04-30": "35.25470", "2010-04-30": "35.40890", "2009-04-30": "40.44380", "2008-04-30": "46.26640", "2007-04-30": "59.54250", "2006-04-30": "55.33920", "2005-04-30": "51.63220"}, "ROE - Return On Equity": {"2020-04-30": "-7.95680", "2019-04-30": "14.24330", "2018-04-30": "16.14250", "2017-04-30": "11.32880", "2016-04-30": "14.05660", "2015-04-30": "16.76410", "2014-04-30": "13.57670", "2013-04-30": "14.59240", "2012-04-30": "20.90730", "2011-04-30": "17.57760", "2010-04-30": "19.86930", "2009-04-30": "24.97640", "2008-04-30": "21.40940", "2007-04-30": "18.81350", "2006-04-30": "27.45570", "2005-04-30": "21.14130"}, "Return On Tangible Equity": {"2020-04-30": "7.23140", "2019-04-30": "-20.61860", "2018-04-30": "-26.90280", "2017-04-30": "-13.60370", "2016-04-30": "-18.41700", "2015-04-30": "-21.43990", "2014-04-30": "-22.73260", "2013-04-30": "-17.98000", "2012-04-30": "-36.14770", "2011-04-30": "-28.75650", "2010-04-30": "-17.84050", "2009-04-30": "-12.87920", "2008-04-30": "-12.94730", "2007-04-30": "-7.42910", "2006-04-30": "-111.48750", "2005-04-30": "-93.12560"}, "ROA - Return On Assets": {"2020-04-30": "-2.34430", "2019-04-30": "5.70620", "2018-04-30": "6.76840", "2017-04-30": "4.36050", "2016-04-30": "4.99070", "2015-04-30": "5.88730", "2014-04-30": "5.21580", "2013-04-30": "5.13920", "2012-04-30": "8.39920", "2011-04-30": "7.07320", "2010-04-30": "6.21770", "2009-04-30": "5.76780", "2008-04-30": "5.72690", "2007-04-30": "3.90190", "2006-04-30": "10.75310", "2005-04-30": "8.11970"}, "ROI - Return On Investment": {"2020-04-30": "-4.37170", "2019-04-30": "10.13550", "2018-04-30": "12.39460", "2017-04-30": "8.30640", "2016-04-30": "8.87770", "2015-04-30": "10.37270", "2014-04-30": "8.52710", "2013-04-30": "8.68120", "2012-04-30": "14.25370", "2011-04-30": "13.13750", "2010-04-30": "11.20170", "2009-04-30": "10.11170", "2008-04-30": "9.92550", "2007-04-30": "6.60940", "2006-04-30": "19.61960", "2005-04-30": "14.14350"}, "Book Value Per Share": {"2020-04-30": "16.71450", "2019-04-30": "20.86080", "2018-04-30": "20.73780", "2017-04-30": "17.54750", "2016-04-30": "18.01910", "2015-04-30": "17.93130", "2014-04-30": "20.02010", "2013-04-30": "16.84600", "2012-04-30": "17.09770", "2011-04-30": "16.10750", "2010-04-30": "12.03720", "2009-04-30": "8.79610", "2008-04-30": "11.75470", "2007-04-30": "9.20050", "2006-04-30": "7.03190", "2005-04-30": "6.68400"}, "Operating Cash Flow Per Share": {"2020-04-30": 0.7949, "2019-04-30": -2.2679, "2018-04-30": 1.1937, "2017-04-30": -0.5475, "2016-04-30": -0.0007, "2015-04-30": 0.1079, "2014-04-30": 0.2547, "2013-04-30": -0.5997, "2012-04-30": 0.0744, "2011-04-30": 0.8434, "2010-04-30": 0.9836, "2009-04-30": -0.4275, "2008-04-30": 0.9376, "2007-04-30": -0.2735, "2006-04-30": 0.1368, "2005-04-30": 3.9213}, "Free Cash Flow Per Share": {"2020-04-30": 0.5018, "2019-04-30": -1.4205, "2018-04-30": 1.1443, "2017-04-30": -0.8719, "2016-04-30": -1.0709, "2015-04-30": -0.0847, "2014-04-30": 0.2623, "2013-04-30": -0.4749, "2012-04-30": -0.1387, "2011-04-30": 0.763, "2010-04-30": 0.9493, "2009-04-30": -0.3511, "2008-04-30": 0.6289, "2007-04-30": -0.4558, "2006-04-30": 0.2116, "2005-04-30": 3.4893}}, "financial ratios, quarterly": {"Current Ratio": {"2020-10-31": "0.75200", "2020-07-31": "0.68140", "2020-04-30": "0.66320", "2020-01-31": "0.65450", "2019-10-31": "0.76360", "2019-07-31": "0.67030", "2019-04-30": "0.56960", "2019-01-31": "0.63610", "2018-10-31": "0.78740", "2018-07-31": "0.72290", "2018-04-30": "0.54900", "2018-01-31": "0.57100", "2017-10-31": "0.62520", "2017-07-31": "0.59140", "2017-04-30": "0.45660", "2017-01-31": "1.10940", "2016-10-31": "1.25190", "2016-07-31": "0.96790", "2016-04-30": "0.85790", "2016-01-31": "1.08470", "2015-10-31": "1.04280", "2015-07-31": "1.07140", "2015-04-30": "0.92190", "2015-01-31": "0.80350", "2014-10-31": "1.02290", "2014-07-31": "1.03190", "2014-04-30": "1.08230", "2014-01-31": "1.04570", "2013-10-31": "1.05240", "2013-07-31": "0.94600", "2013-04-30": "0.95170", "2013-01-31": "1.06890", "2012-10-31": "1.06830", "2012-07-31": "0.98220", "2012-04-30": "0.89650", "2012-01-31": "1.01140", "2011-10-31": "1.07440", "2011-07-31": "0.75640", "2011-04-30": "0.69740", "2011-01-31": "0.92990", "2010-10-31": "0.88130", "2010-07-31": "0.84240", "2010-04-30": "0.71710", "2010-01-31": "0.66940", "2009-10-31": "0.86360", "2009-07-31": "0.80000", "2009-04-30": "0.73630", "2009-01-31": "0.76810", "2008-10-31": "0.91990", "2008-07-31": "0.77470", "2008-04-30": "0.64100", "2008-01-31": "0.86940", "2007-10-31": "0.92000", "2007-07-31": "0.94990", "2007-04-30": "0.67840", "2007-01-31": "0.91120", "2006-10-31": "1.22940", "2006-07-31": "1.09110", "2006-04-30": "0.90110", "2006-01-31": "1.02400", "2005-10-31": "1.11690", "2005-07-31": "1.00220", "2005-04-30": "0.99300", "2005-01-31": "1.15620"}, "Long-term Debt / Capital": {"2020-10-31": "0.44720", "2020-07-31": "0.46190", "2020-04-30": "0.45060", "2020-01-31": "0.39740", "2019-10-31": "0.40070", "2019-07-31": "0.39020", "2019-04-30": "0.28840", "2019-01-31": "0.34640", "2018-10-31": "0.31480", "2018-07-31": "0.30180", "2018-04-30": "0.23220", "2018-01-31": "0.26820", "2017-10-31": "0.34970", "2017-07-31": "0.35340", "2017-04-30": "0.26680", "2017-01-31": "0.46120", "2016-10-31": "0.47390", "2016-07-31": "0.39120", "2016-04-30": "0.36840", "2016-01-31": "0.44500", "2015-10-31": "0.40910", "2015-07-31": "0.40980", "2015-04-30": "0.38130", "2015-01-31": "0.35150", "2014-10-31": "0.39200", "2014-07-31": "0.39470", "2014-04-30": "0.37190", "2014-01-31": "0.35820", "2013-10-31": "0.37360", "2013-07-31": "0.39850", "2013-04-30": "0.40510", "2013-01-31": "0.40120", "2012-10-31": "0.39200", "2012-07-31": "0.33630", "2012-04-30": "0.31820", "2012-01-31": "0.32060", "2011-10-31": "0.33570", "2011-07-31": "0.25940", "2011-04-30": "0.25260", "2011-01-31": "0.36670", "2010-10-31": "0.39190", "2010-07-31": "0.44310", "2010-04-30": "0.43620", "2010-01-31": "0.43270", "2009-10-31": "0.52420", "2009-07-31": "0.55090", "2009-04-30": "0.59520", "2009-01-31": "0.66020", "2008-10-31": "0.63900", "2008-07-31": "0.54680", "2008-04-30": "0.53640", "2008-01-31": "0.60960", "2007-10-31": "0.62080", "2007-07-31": "0.65290", "2007-04-30": "0.64870", "2007-01-31": "0.14020", "2006-10-31": "0.31080", "2006-07-31": "0.31780", "2006-04-30": "0.28540", "2006-01-31": "0.31870", "2005-10-31": "0.37150", "2005-07-31": "0.32490", "2005-04-30": "0.33100", "2005-01-31": "0.30590"}, "Debt/Equity Ratio": {"2020-10-31": "0.82110", "2020-07-31": "0.86950", "2020-04-30": "0.83010", "2020-01-31": "0.66610", "2019-10-31": "0.67400", "2019-07-31": "0.64540", "2019-04-30": "0.40530", "2019-01-31": "0.53000", "2018-10-31": "0.45950", "2018-07-31": "0.43230", "2018-04-30": "0.30240", "2018-01-31": "0.36650", "2017-10-31": "0.53770", "2017-07-31": "0.54660", "2017-04-30": "0.36390", "2017-01-31": "0.85590", "2016-10-31": "0.90070", "2016-07-31": "0.64250", "2016-04-30": "0.58340", "2016-01-31": "0.94950", "2015-10-31": "0.83270", "2015-07-31": "0.78700", "2015-04-30": "0.71100", "2015-01-31": "0.63420", "2014-10-31": "0.68780", "2014-07-31": "0.65210", "2014-04-30": "0.59220", "2014-01-31": "0.55810", "2013-10-31": "0.59640", "2013-07-31": "0.66250", "2013-04-30": "0.68090", "2013-01-31": "0.67010", "2012-10-31": "0.64490", "2012-07-31": "0.50660", "2012-04-30": "0.46680", "2012-01-31": "0.47190", "2011-10-31": "0.50520", "2011-07-31": "0.46620", "2011-04-30": "0.46450", "2011-01-31": "0.69680", "2010-10-31": "0.76190", "2010-07-31": "0.89420", "2010-04-30": "0.89830", "2010-01-31": "0.85300", "2009-10-31": "1.21370", "2009-07-31": "1.33990", "2009-04-30": "1.60150", "2009-01-31": "2.08800", "2008-10-31": "1.87790", "2008-07-31": "1.27530", "2008-04-30": "1.22230", "2008-01-31": "1.63280", "2007-10-31": "1.70600", "2007-07-31": "1.93890", "2007-04-30": "1.88900", "2007-01-31": "0.16310", "2006-10-31": "0.45090", "2006-07-31": "0.46580", "2006-04-30": "0.39940", "2006-01-31": "0.46780", "2005-10-31": "0.59100", "2005-07-31": "0.48120", "2005-04-30": "0.49480", "2005-01-31": "0.44070"}, "Gross Margin": {"2020-10-31": "68.46240", "2020-07-31": "66.42700", "2020-04-30": "68.27100", "2020-01-31": "67.04910", "2019-10-31": "69.23820", "2019-07-31": "66.21350", "2019-04-30": "69.35370", "2019-01-31": "67.98190", "2018-10-31": "70.44800", "2018-07-31": "68.91270", "2018-04-30": "66.47300", "2018-01-31": "70.07470", "2017-10-31": "73.46540", "2017-07-31": "72.10120", "2017-04-30": "64.76410", "2017-01-31": "73.32950", "2016-10-31": "73.78360", "2016-07-31": "71.93120", "2016-04-30": "74.75510", "2016-01-31": "72.45260", "2015-10-31": "73.09550", "2015-07-31": "71.69400", "2015-04-30": "73.54350", "2015-01-31": "73.33260", "2014-10-31": "71.79270", "2014-07-31": "71.67200", "2014-04-30": "72.39640", "2014-01-31": "71.48860", "2013-10-31": "70.97830", "2013-07-31": "70.85520", "2013-04-30": "70.02610", "2013-01-31": "69.98660", "2012-10-31": "69.99360", "2012-07-31": "69.02030", "2012-04-30": "69.43880", "2012-01-31": "68.49310", "2011-10-31": "70.31960", "2011-07-31": "69.84810", "2011-04-30": "69.35900", "2011-01-31": "69.20680", "2010-10-31": "68.41900", "2010-07-31": "69.29220", "2010-04-30": "67.80320", "2010-01-31": "68.75760", "2009-10-31": "69.02160", "2009-07-31": "68.70650", "2009-04-30": "67.94940", "2009-01-31": "67.07780", "2008-10-31": "68.39220", "2008-07-31": "68.29560", "2008-04-30": "69.07750", "2008-01-31": "67.95860", "2007-10-31": "68.01000", "2007-07-31": "67.52740", "2007-04-30": "69.17950", "2007-01-31": "68.31150", "2006-10-31": "67.20730", "2006-07-31": "67.66760", "2006-04-30": "70.99860", "2006-01-31": "67.21400", "2005-10-31": "67.03670", "2005-07-31": "67.55170", "2005-04-30": "67.35640", "2005-01-31": "66.83490"}, "Operating Margin": {"2020-10-31": "14.23700", "2020-07-31": "6.96430", "2020-04-30": "-35.97240", "2020-01-31": "10.38130", "2019-10-31": "13.59720", "2019-07-31": "1.07640", "2019-04-30": "16.29300", "2019-01-31": "11.20380", "2018-10-31": "12.81150", "2018-07-31": "8.79530", "2018-04-30": "15.23490", "2018-01-31": "14.35100", "2017-10-31": "17.88410", "2017-07-31": "3.05510", "2017-04-30": "15.22590", "2017-01-31": "11.72170", "2016-10-31": "11.19490", "2016-07-31": "10.83740", "2016-04-30": "9.97470", "2016-01-31": "9.07870", "2015-10-31": "13.90640", "2015-07-31": "10.61730", "2015-04-30": "13.14700", "2015-01-31": "11.59940", "2014-10-31": "15.93470", "2014-07-31": "11.33320", "2014-04-30": "10.40100", "2014-01-31": "16.02420", "2013-10-31": "11.17370", "2013-07-31": "8.65260", "2013-04-30": "3.10980", "2013-01-31": "17.70110", "2012-10-31": "14.57800", "2012-07-31": "9.49400", "2012-04-30": "15.36000", "2012-01-31": "17.39200", "2011-10-31": "16.10500", "2011-07-31": "13.98660", "2011-04-30": "8.47560", "2011-01-31": "15.55190", "2010-10-31": "17.59220", "2010-07-31": "15.45800", "2010-04-30": "9.95460", "2010-01-31": "15.98280", "2009-10-31": "16.81270", "2009-07-31": "14.32890", "2009-04-30": "10.07710", "2009-01-31": "16.90280", "2008-10-31": "16.24900", "2008-07-31": "11.04390", "2008-04-30": "11.28050", "2008-01-31": "15.84020", "2007-10-31": "14.66630", "2007-07-31": "11.92270", "2007-04-30": "8.66130", "2007-01-31": "17.08980", "2006-10-31": "14.77420", "2006-07-31": "13.27170", "2006-04-30": "8.61810", "2006-01-31": "19.44760", "2005-10-31": "16.54890", "2005-07-31": "13.58230", "2005-04-30": "8.29980", "2005-01-31": "19.51220"}, "EBIT Margin": {"2020-10-31": "14.23700", "2020-07-31": "6.96430", "2020-04-30": "-35.97240", "2020-01-31": "10.38130", "2019-10-31": "13.59720", "2019-07-31": "1.07640", "2019-04-30": "16.29300", "2019-01-31": "11.20380", "2018-10-31": "12.81150", "2018-07-31": "8.79530", "2018-04-30": "15.23490", "2018-01-31": "14.35100", "2017-10-31": "17.88410", "2017-07-31": "3.05510", "2017-04-30": "15.22600", "2017-01-31": "11.72170", "2016-10-31": "11.19490", "2016-07-31": "10.83740", "2016-04-30": "9.97470", "2016-01-31": "9.07870", "2015-10-31": "13.90640", "2015-07-31": "10.61730", "2015-04-30": "13.14700", "2015-01-31": "11.59940", "2014-10-31": "15.93470", "2014-07-31": "11.33320", "2014-04-30": "10.40100", "2014-01-31": "16.02420", "2013-10-31": "11.17370", "2013-07-31": "8.65260", "2013-04-30": "3.10970", "2013-01-31": "17.70110", "2012-10-31": "14.57800", "2012-07-31": "9.49400", "2012-04-30": "15.36000", "2012-01-31": "17.39200", "2011-10-31": "16.10500", "2011-07-31": "13.98660", "2011-04-30": "8.47560", "2011-01-31": "15.55190", "2010-10-31": "17.59220", "2010-07-31": "15.45800", "2010-04-30": "9.95460", "2010-01-31": "15.98280", "2009-10-31": "16.81270", "2009-07-31": "14.32890", "2009-04-30": "10.07710", "2009-01-31": "16.90280", "2008-10-31": "16.24900", "2008-07-31": "11.04390", "2008-04-30": "11.28050", "2008-01-31": "15.84020", "2007-10-31": "14.66630", "2007-07-31": "11.92270", "2007-04-30": "8.66130", "2007-01-31": "17.08980", "2006-10-31": "14.77420", "2006-07-31": "13.27170", "2006-04-30": "8.61810", "2006-01-31": "19.44760", "2005-10-31": "16.54890", "2005-07-31": "13.58230", "2005-04-30": "8.29980", "2005-01-31": "19.51220"}, "EBITDA Margin": {"2020-10-31": "", "2020-07-31": "", "2020-04-30": "", "2020-01-31": "", "2019-10-31": "", "2019-07-31": "", "2019-04-30": "", "2019-01-31": "", "2018-10-31": "", "2018-07-31": "", "2018-04-30": "", "2018-01-31": "", "2017-10-31": "", "2017-07-31": "", "2017-04-30": "", "2017-01-31": "", "2016-10-31": "", "2016-07-31": "", "2016-04-30": "", "2016-01-31": "", "2015-10-31": "", "2015-07-31": "", "2015-04-30": "", "2015-01-31": "", "2014-10-31": "", "2014-07-31": "", "2014-04-30": "", "2014-01-31": "", "2013-10-31": "", "2013-07-31": "", "2013-04-30": "", "2013-01-31": "", "2012-10-31": "", "2012-07-31": "", "2012-04-30": "", "2012-01-31": "", "2011-10-31": "", "2011-07-31": "", "2011-04-30": "", "2011-01-31": "", "2010-10-31": "", "2010-07-31": "", "2010-04-30": "", "2010-01-31": "", "2009-10-31": "", "2009-07-31": "", "2009-04-30": "", "2009-01-31": "", "2008-10-31": "", "2008-07-31": "", "2008-04-30": "", "2008-01-31": "", "2007-10-31": "", "2007-07-31": "", "2007-04-30": "", "2007-01-31": "", "2006-10-31": "", "2006-07-31": "", "2006-04-30": "", "2006-01-31": "", "2005-10-31": "", "2005-07-31": "", "2005-04-30": "", "2005-01-31": ""}, "Pre-Tax Profit Margin": {"2020-10-31": "13.95350", "2020-07-31": "6.89360", "2020-04-30": "-35.43990", "2020-01-31": "9.56310", "2019-10-31": "12.11330", "2019-07-31": "0.93670", "2019-04-30": "15.74420", "2019-01-31": "10.06240", "2018-10-31": "12.55440", "2018-07-31": "8.29420", "2018-04-30": "14.68660", "2018-01-31": "12.78700", "2017-10-31": "17.59370", "2017-07-31": "1.48160", "2017-04-30": "12.91220", "2017-01-31": "11.22310", "2016-10-31": "10.19810", "2016-07-31": "9.97840", "2016-04-30": "8.98090", "2016-01-31": "8.53500", "2015-10-31": "13.06600", "2015-07-31": "9.91060", "2015-04-30": "12.17130", "2015-01-31": "11.43150", "2014-10-31": "15.26630", "2014-07-31": "10.42000", "2014-04-30": "9.69770", "2014-01-31": "15.37120", "2013-10-31": "10.39850", "2013-07-31": "8.29940", "2013-04-30": "2.45530", "2013-01-31": "16.72060", "2012-10-31": "13.72580", "2012-07-31": "9.18330", "2012-04-30": "14.65630", "2012-01-31": "16.83090", "2011-10-31": "15.83160", "2011-07-31": "13.66760", "2011-04-30": "8.04690", "2011-01-31": "14.48590", "2010-10-31": "16.58820", "2010-07-31": "13.99430", "2010-04-30": "8.51780", "2010-01-31": "14.14230", "2009-10-31": "14.64070", "2009-07-31": "9.55700", "2009-04-30": "7.50670", "2009-01-31": "11.74150", "2008-10-31": "12.54990", "2008-07-31": "8.96920", "2008-04-30": "8.00690", "2008-01-31": "12.13600", "2007-10-31": "10.63780", "2007-07-31": "7.65920", "2007-04-30": "4.92110", "2007-01-31": "16.18350", "2006-10-31": "13.79320", "2006-07-31": "12.54590", "2006-04-30": "8.01840", "2006-01-31": "18.22290", "2005-10-31": "15.66450", "2005-07-31": "12.94540", "2005-04-30": "7.88720", "2005-01-31": "18.74840"}, "Net Profit Margin": {"2020-10-31": "13.93700", "2020-07-31": "3.78690", "2020-04-30": "-33.29930", "2020-01-31": "7.58740", "2019-10-31": "9.58590", "2019-07-31": "0.85570", "2019-04-30": "12.87560", "2019-01-31": "7.77580", "2018-10-31": "9.75970", "2018-07-31": "6.39940", "2018-04-30": "11.32730", "2018-01-31": "15.10770", "2017-10-31": "13.29290", "2017-07-31": "2.24480", "2017-04-30": "10.31860", "2017-01-31": "10.86460", "2016-10-31": "-2.69060", "2016-07-31": "7.67130", "2016-04-30": "7.87630", "2016-01-31": "8.13900", "2015-10-31": "10.06090", "2015-07-31": "7.67340", "2015-04-30": "10.61870", "2015-01-31": "9.13230", "2014-10-31": "11.27470", "2014-07-31": "7.68320", "2014-04-30": "7.85210", "2014-01-31": "11.46220", "2013-10-31": "8.05890", "2013-07-31": "8.74240", "2013-04-30": "1.78330", "2013-01-31": "12.08630", "2012-10-31": "9.97260", "2012-07-31": "8.79330", "2012-04-30": "10.61760", "2012-01-31": "13.94540", "2011-10-31": "11.35970", "2011-07-31": "11.81110", "2011-04-30": "6.42120", "2011-01-31": "10.18570", "2010-10-31": "12.14410", "2010-07-31": "10.79700", "2010-04-30": "6.42640", "2010-01-31": "9.93070", "2009-10-31": "10.32620", "2009-07-31": "6.92040", "2009-04-30": "6.07350", "2009-01-31": "8.92960", "2008-10-31": "9.28600", "2008-07-31": "7.52260", "2008-04-30": "6.70530", "2008-01-31": "9.31090", "2007-10-31": "9.07160", "2007-07-31": "10.33360", "2007-04-30": "3.68490", "2007-01-31": "11.26050", "2006-10-31": "10.50680", "2006-07-31": "8.33040", "2006-04-30": "5.45150", "2006-01-31": "14.71990", "2005-10-31": "10.28010", "2005-07-31": "11.76650", "2005-04-30": "1.94800", "2005-01-31": "12.68860"}, "Asset Turnover": {"2020-10-31": "0.16260", "2020-07-31": "0.14050", "2020-04-30": "0.14980", "2020-01-31": "0.14050", "2019-10-31": "0.15120", "2019-07-31": "0.13570", "2019-04-30": "0.16660", "2019-01-31": "0.15430", "2018-10-31": "0.16730", "2018-07-31": "0.14820", "2018-04-30": "0.16810", "2018-01-31": "0.15940", "2017-10-31": "0.17160", "2017-07-31": "0.15430", "2017-04-30": "0.17350", "2017-01-31": "0.14070", "2016-10-31": "0.14910", "2016-07-31": "0.14740", "2016-04-30": "0.14870", "2016-01-31": "0.14010", "2015-10-31": "0.15030", "2015-07-31": "0.14190", "2015-04-30": "0.14700", "2015-01-31": "0.16100", "2014-10-31": "0.16380", "2014-07-31": "0.14270", "2014-04-30": "0.14850", "2014-01-31": "0.15940", "2013-10-31": "0.16950", "2013-07-31": "0.15470", "2013-04-30": "0.15890", "2013-01-31": "0.16400", "2012-10-31": "0.16410", "2012-07-31": "0.17000", "2012-04-30": "0.17950", "2012-01-31": "0.18200", "2011-10-31": "0.19710", "2011-07-31": "0.18310", "2011-04-30": "0.18310", "2011-01-31": "0.17770", "2010-10-31": "0.19180", "2010-07-31": "0.17840", "2010-04-30": "0.18870", "2010-01-31": "0.18280", "2009-10-31": "0.19320", "2009-07-31": "0.16590", "2009-04-30": "0.18140", "2009-01-31": "0.17440", "2008-10-31": "0.19170", "2008-07-31": "0.15640", "2008-04-30": "0.16780", "2008-01-31": "0.15520", "2007-10-31": "0.16220", "2007-07-31": "0.14860", "2007-04-30": "0.15280", "2007-01-31": "0.27880", "2006-10-31": "0.27740", "2006-07-31": "0.26080", "2006-04-30": "0.25960", "2006-01-31": "0.26150", "2005-10-31": "0.26700", "2005-07-31": "0.24580", "2005-04-30": "0.23400", "2005-01-31": "0.23630"}, "Inventory Turnover Ratio": {"2020-10-31": "3.67220", "2020-07-31": "3.21430", "2020-04-30": "3.45280", "2020-01-31": "3.56810", "2019-10-31": "3.18470", "2019-07-31": "3.19330", "2019-04-30": "4.23050", "2019-01-31": "4.08010", "2018-10-31": "3.77880", "2018-07-31": "3.49280", "2018-04-30": "4.05200", "2018-01-31": "3.11330", "2017-10-31": "2.75300", "2017-07-31": "2.39680", "2017-04-30": "3.32980", "2017-01-31": "2.36370", "2016-10-31": "2.15480", "2016-07-31": "2.06990", "2016-04-30": "1.89760", "2016-01-31": "2.23670", "2015-10-31": "2.00490", "2015-07-31": "2.04040", "2015-04-30": "1.83200", "2015-01-31": "1.91070", "2014-10-31": "1.89650", "2014-07-31": "1.66270", "2014-04-30": "1.67130", "2014-01-31": "1.64920", "2013-10-31": "1.60200", "2013-07-31": "1.47880", "2013-04-30": "1.62940", "2013-01-31": "1.64880", "2012-10-31": "1.45060", "2012-07-31": "1.36350", "2012-04-30": "1.37230", "2012-01-31": "1.35430", "2011-10-31": "1.26520", "2011-07-31": "1.25280", "2011-04-30": "1.28100", "2011-01-31": "1.25110", "2010-10-31": "1.26170", "2010-07-31": "1.16170", "2010-04-30": "1.29780", "2010-01-31": "1.31390", "2009-10-31": "1.31240", "2009-07-31": "1.09930", "2009-04-30": "1.16190", "2009-01-31": "1.13810", "2008-10-31": "1.22640", "2008-07-31": "1.08990", "2008-04-30": "1.13110", "2008-01-31": "1.24780", "2007-10-31": "1.19340", "2007-07-31": "1.13770", "2007-04-30": "1.06500", "2007-01-31": "0.98940", "2006-10-31": "1.03170", "2006-07-31": "0.94690", "2006-04-30": "0.87190", "2006-01-31": "1.03270", "2005-10-31": "0.99150", "2005-07-31": "0.92190", "2005-04-30": "0.94610", "2005-01-31": "1.09700"}, "Receiveable Turnover": {"2020-10-31": "1.79680", "2020-07-31": "1.52730", "2020-04-30": "1.53410", "2020-01-31": "1.54920", "2019-10-31": "1.97990", "2019-07-31": "1.50690", "2019-04-30": "1.60190", "2019-01-31": "2.30720", "2018-10-31": "1.89930", "2018-07-31": "1.50990", "2018-04-30": "2.24720", "2018-01-31": "1.90150", "2017-10-31": "2.33450", "2017-07-31": "2.07200", "2017-04-30": "2.39670", "2017-01-31": "1.97630", "2016-10-31": "2.00190", "2016-07-31": "1.88950", "2016-04-30": "2.59070", "2016-01-31": "1.85060", "2015-10-31": "2.36230", "2015-07-31": "2.08810", "2015-04-30": "3.00070", "2015-01-31": "2.11480", "2014-10-31": "2.33320", "2014-07-31": "2.15970", "2014-04-30": "3.05270", "2014-01-31": "2.22520", "2013-10-31": "2.49290", "2013-07-31": "2.22520", "2013-04-30": "2.75680", "2013-01-31": "1.98410", "2012-10-31": "2.20330", "2012-07-31": "2.05740", "2012-04-30": "2.64970", "2012-01-31": "2.06580", "2011-10-31": "2.20810", "2011-07-31": "2.17340", "2011-04-30": "2.64340", "2011-01-31": "2.14520", "2010-10-31": "2.19200", "2010-07-31": "1.99520", "2010-04-30": "2.64290", "2010-01-31": "1.73590", "2009-10-31": "1.95360", "2009-07-31": "1.83090", "2009-04-30": "2.25910", "2009-01-31": "1.71260", "2008-10-31": "1.98890", "2008-07-31": "1.74390", "2008-04-30": "2.03810", "2008-01-31": "1.73040", "2007-10-31": "1.87640", "2007-07-31": "1.83580", "2007-04-30": "1.93640", "2007-01-31": "1.59090", "2006-10-31": "1.63810", "2006-07-31": "1.54840", "2006-04-30": "1.68260", "2006-01-31": "1.57060", "2005-10-31": "1.62600", "2005-07-31": "1.52030", "2005-04-30": "1.75370", "2005-01-31": "1.55130"}, "Days Sales In Receivables": {"2020-10-31": "50.08800", "2020-07-31": "58.92780", "2020-04-30": "58.66740", "2020-01-31": "58.09270", "2019-10-31": "45.45630", "2019-07-31": "59.72410", "2019-04-30": "56.18480", "2019-01-31": "39.00770", "2018-10-31": "47.38650", "2018-07-31": "59.60770", "2018-04-30": "40.04990", "2018-01-31": "47.33050", "2017-10-31": "38.55290", "2017-07-31": "43.43690", "2017-04-30": "37.55210", "2017-01-31": "45.53960", "2016-10-31": "44.95690", "2016-07-31": "47.63250", "2016-04-30": "34.73950", "2016-01-31": "48.63170", "2015-10-31": "38.09800", "2015-07-31": "43.10190", "2015-04-30": "29.99340", "2015-01-31": "42.55800", "2014-10-31": "38.57280", "2014-07-31": "41.67300", "2014-04-30": "29.48220", "2014-01-31": "40.44620", "2013-10-31": "36.10300", "2013-07-31": "40.44640", "2013-04-30": "32.64700", "2013-01-31": "45.36090", "2012-10-31": "40.84840", "2012-07-31": "43.74440", "2012-04-30": "33.96670", "2012-01-31": "43.56640", "2011-10-31": "40.75990", "2011-07-31": "41.41010", "2011-04-30": "34.04680", "2011-01-31": "41.95360", "2010-10-31": "41.05840", "2010-07-31": "45.10900", "2010-04-30": "34.05310", "2010-01-31": "51.84640", "2009-10-31": "46.06950", "2009-07-31": "49.15490", "2009-04-30": "39.83920", "2009-01-31": "52.55100", "2008-10-31": "45.25180", "2008-07-31": "51.60940", "2008-04-30": "44.15960", "2008-01-31": "52.01020", "2007-10-31": "47.96390", "2007-07-31": "49.02530", "2007-04-30": "46.47890", "2007-01-31": "56.57220", "2006-10-31": "54.94300", "2006-07-31": "58.12430", "2006-04-30": "53.48910", "2006-01-31": "57.30140", "2005-10-31": "55.35100", "2005-07-31": "59.19730", "2005-04-30": "51.32140", "2005-01-31": "58.01590"}, "ROE - Return On Equity": {"2020-10-31": "6.70760", "2020-07-31": "1.67740", "2020-04-30": "-16.92800", "2020-01-31": "2.96040", "2019-10-31": "3.79050", "2019-07-31": "0.32010", "2019-04-30": "5.35340", "2019-01-31": "2.92300", "2018-10-31": "3.74420", "2018-07-31": "2.23980", "2018-04-30": "4.54070", "2018-01-31": "5.89240", "2017-10-31": "5.73500", "2017-07-31": "0.91520", "2017-04-30": "4.65150", "2017-01-31": "4.68820", "2016-10-31": "-1.16670", "2016-07-31": "3.05130", "2016-04-30": "3.29830", "2016-01-31": "3.49560", "2015-10-31": "4.08360", "2015-07-31": "3.00340", "2015-04-30": "4.44500", "2015-01-31": "3.92120", "2014-10-31": "4.62640", "2014-07-31": "2.78450", "2014-04-30": "3.03580", "2014-01-31": "4.62060", "2013-10-31": "3.33190", "2013-07-31": "3.60690", "2013-04-30": "0.80450", "2013-01-31": "5.20750", "2012-10-31": "3.95570", "2012-07-31": "3.55990", "2012-04-30": "4.74320", "2012-01-31": "6.14680", "2011-10-31": "5.03020", "2011-07-31": "4.98580", "2011-04-30": "2.92150", "2011-01-31": "5.03030", "2010-10-31": "6.22220", "2010-07-31": "5.73320", "2010-04-30": "3.87510", "2010-01-31": "5.67840", "2009-10-31": "6.58030", "2009-07-31": "4.15370", "2009-04-30": "4.77060", "2009-01-31": "7.86090", "2008-10-31": "7.52140", "2008-07-31": "4.11040", "2008-04-30": "4.20730", "2008-01-31": "6.31940", "2007-10-31": "5.88790", "2007-07-31": "6.83990", "2007-04-30": "2.71400", "2007-01-31": "6.63850", "2006-10-31": "6.48660", "2006-07-31": "5.10460", "2006-04-30": "3.61290", "2006-01-31": "10.08200", "2005-10-31": "6.87320", "2005-07-31": "6.96410", "2005-04-30": "1.18690", "2005-01-31": "7.22560"}, "Return On Tangible Equity": {"2020-10-31": "-7.24300", "2020-07-31": "-1.60490", "2020-04-30": "15.38470", "2020-01-31": "-3.55240", "2019-10-31": "-5.18870", "2019-07-31": "-0.40500", "2019-04-30": "-7.74950", "2019-01-31": "-4.14350", "2018-10-31": "-7.06400", "2018-07-31": "-3.98640", "2018-04-30": "-7.56750", "2018-01-31": "-8.98860", "2017-10-31": "-7.56730", "2017-07-31": "-1.09690", "2017-04-30": "-5.58560", "2017-01-31": "-5.89610", "2016-10-31": "1.38650", "2016-07-31": "-4.10010", "2016-04-30": "-4.32140", "2016-01-31": "-4.46800", "2015-10-31": "-5.36240", "2015-07-31": "-4.00340", "2015-04-30": "-5.68480", "2015-01-31": "-5.23320", "2014-10-31": "-6.45190", "2014-07-31": "-3.90810", "2014-04-30": "-5.08310", "2014-01-31": "-7.68900", "2013-10-31": "-4.98220", "2013-07-31": "-4.62490", "2013-04-30": "-0.99120", "2013-01-31": "-7.74010", "2012-10-31": "-5.79900", "2012-07-31": "-6.69880", "2012-04-30": "-8.20070", "2012-01-31": "-13.25120", "2011-10-31": "-9.78320", "2011-07-31": "-9.33190", "2011-04-30": "-4.77950", "2011-01-31": "-7.21410", "2010-10-31": "-7.82420", "2010-07-31": "-5.80710", "2010-04-30": "-3.47940", "2010-01-31": "-5.05410", "2009-10-31": "-5.09290", "2009-07-31": "-2.74160", "2009-04-30": "-2.46000", "2009-01-31": "-3.34320", "2008-10-31": "-3.83580", "2008-07-31": "-2.73660", "2008-04-30": "-2.54430", "2008-01-31": "-3.34610", "2007-10-31": "-3.11450", "2007-07-31": "-3.10050", "2007-04-30": "-1.07170", "2007-01-31": "-289.95030", "2006-10-31": "-61.07640", "2006-07-31": "-29.51150", "2006-04-30": "-14.67060", "2006-01-31": "-42.76170", "2005-10-31": "-25.12750", "2005-07-31": "-29.62190", "2005-04-30": "-5.22830", "2005-01-31": "-123.48810"}, "ROA - Return On Assets": {"2020-10-31": "2.26570", "2020-07-31": "0.53220", "2020-04-30": "-4.98750", "2020-01-31": "1.06610", "2019-10-31": "1.44970", "2019-07-31": "0.11620", "2019-04-30": "2.14470", "2019-01-31": "1.20010", "2018-10-31": "1.63320", "2018-07-31": "0.94850", "2018-04-30": "1.90390", "2018-01-31": "2.40800", "2017-10-31": "2.28070", "2017-07-31": "0.34630", "2017-04-30": "1.79040", "2017-01-31": "1.52810", "2016-10-31": "-0.40130", "2016-07-31": "1.13060", "2016-04-30": "1.17100", "2016-01-31": "1.14040", "2015-10-31": "1.51240", "2015-07-31": "1.08860", "2015-04-30": "1.56100", "2015-01-31": "1.47020", "2014-10-31": "1.84620", "2014-07-31": "1.09630", "2014-04-30": "1.16630", "2014-01-31": "1.82680", "2013-10-31": "1.36570", "2013-07-31": "1.35280", "2013-04-30": "0.28330", "2013-01-31": "1.98200", "2012-10-31": "1.63610", "2012-07-31": "1.49520", "2012-04-30": "1.90550", "2012-01-31": "2.53800", "2011-10-31": "2.23910", "2011-07-31": "2.16290", "2011-04-30": "1.17560", "2011-01-31": "1.80960", "2010-10-31": "2.32870", "2010-07-31": "1.92660", "2010-04-30": "1.21260", "2010-01-31": "1.81550", "2009-10-31": "1.99490", "2009-07-31": "1.14810", "2009-04-30": "1.10170", "2009-01-31": "1.55760", "2008-10-31": "1.78050", "2008-07-31": "1.17640", "2008-04-30": "1.12540", "2008-01-31": "1.44500", "2007-10-31": "1.47160", "2007-07-31": "1.53510", "2007-04-30": "0.56290", "2007-01-31": "3.13900", "2006-10-31": "2.91420", "2006-07-31": "2.17260", "2006-04-30": "1.41500", "2006-01-31": "3.84910", "2005-10-31": "2.74510", "2005-07-31": "2.89260", "2005-04-30": "0.45590", "2005-01-31": "2.99810"}, "ROI - Return On Investment": {"2020-10-31": "3.70810", "2020-07-31": "0.90270", "2020-04-30": "-9.30070", "2020-01-31": "1.78390", "2019-10-31": "2.27160", "2019-07-31": "0.19520", "2019-04-30": "3.80940", "2019-01-31": "1.91050", "2018-10-31": "2.56540", "2018-07-31": "1.56380", "2018-04-30": "3.48650", "2018-01-31": "4.31200", "2017-10-31": "3.72970", "2017-07-31": "0.59170", "2017-04-30": "3.41060", "2017-01-31": "2.52610", "2016-10-31": "-0.61380", "2016-07-31": "1.85780", "2016-04-30": "2.08310", "2016-01-31": "1.94000", "2015-10-31": "2.41320", "2015-07-31": "1.77250", "2015-04-30": "2.75030", "2015-01-31": "2.54290", "2014-10-31": "2.81270", "2014-07-31": "1.68540", "2014-04-30": "1.90670", "2014-01-31": "2.96550", "2013-10-31": "2.08720", "2013-07-31": "2.16960", "2013-04-30": "0.47860", "2013-01-31": "3.11800", "2012-10-31": "2.40490", "2012-07-31": "2.36280", "2012-04-30": "3.23370", "2012-01-31": "4.17600", "2011-10-31": "3.34180", "2011-07-31": "3.69240", "2011-04-30": "2.18350", "2011-01-31": "3.18580", "2010-10-31": "3.78380", "2010-07-31": "3.19250", "2010-04-30": "2.18470", "2010-01-31": "3.22160", "2009-10-31": "3.13100", "2009-07-31": "1.86520", "2009-04-30": "1.93140", "2009-01-31": "2.67150", "2008-10-31": "2.71530", "2008-07-31": "1.86300", "2008-04-30": "1.95050", "2008-01-31": "2.46690", "2007-10-31": "2.23280", "2007-07-31": "2.37380", "2007-04-30": "0.95350", "2007-01-31": "5.70780", "2006-10-31": "4.47070", "2006-07-31": "3.48260", "2006-04-30": "2.58170", "2006-01-31": "6.86880", "2005-10-31": "4.32010", "2005-07-31": "4.70180", "2005-04-30": "0.79400", "2005-01-31": "5.01530"}, "Book Value Per Share": {"2020-10-31": "18.21940", "2020-07-31": "17.38740", "2020-04-30": "16.71450", "2020-01-31": "21.36390", "2019-10-31": "20.99460", "2019-07-31": "20.04650", "2019-04-30": "20.86080", "2019-01-31": "20.94530", "2018-10-31": "20.42110", "2018-07-31": "20.40260", "2018-04-30": "20.73780", "2018-01-31": "20.35800", "2017-10-31": "18.41260", "2017-07-31": "17.67800", "2017-04-30": "17.54750", "2017-01-31": "17.63970", "2016-10-31": "17.06220", "2016-07-31": "17.58770", "2016-04-30": "18.01910", "2016-01-31": "17.60180", "2015-10-31": "18.38690", "2015-07-31": "18.45680", "2015-04-30": "17.93130", "2015-01-31": "18.47920", "2014-10-31": "19.74590", "2014-07-31": "20.34590", "2014-04-30": "20.02010", "2014-01-31": "19.16410", "2013-10-31": "18.42680", "2013-07-31": "16.98970", "2013-04-30": "16.84600", "2013-01-31": "18.49370", "2012-10-31": "18.09530", "2012-07-31": "16.89530", "2012-04-30": "17.09770", "2012-01-31": "17.09190", "2011-10-31": "16.72370", "2011-07-31": "16.72880", "2011-04-30": "16.10750", "2011-01-31": "14.91550", "2010-10-31": "14.19940", "2010-07-31": "12.74800", "2010-04-30": "12.03720", "2010-01-31": "12.58760", "2009-10-31": "11.97880", "2009-07-31": "11.04100", "2009-04-30": "8.79610", "2009-01-31": "7.30300", "2008-10-31": "9.09210", "2008-07-31": "12.42570", "2008-04-30": "11.75470", "2008-01-31": "10.84030", "2007-10-31": "11.15810", "2007-07-31": "10.12060", "2007-04-30": "9.20050", "2007-01-31": "8.76400", "2006-10-31": "8.05360", "2006-07-31": "7.51910", "2006-04-30": "7.03190", "2006-01-31": "7.06000", "2005-10-31": "6.76610", "2005-07-31": "6.77520", "2005-04-30": "6.68400", "2005-01-31": "7.60160"}, "Operating Cash Flow Per Share": {"2020-10-31": 0.7852, "2020-07-31": "-2.14940", "2020-04-30": 3.5584, "2020-01-31": 3.3294, "2019-10-31": -0.1015, "2019-07-31": "-1.65480", "2019-04-30": 3.4317, "2019-01-31": 2.9191, "2018-10-31": 0.4807, "2018-07-31": "-2.49490", "2018-04-30": 3.3098, "2018-01-31": 4.0907, "2017-10-31": 0.611, "2017-07-31": "-1.40700", "2017-04-30": 1.4607, "2017-01-31": 5.4464, "2016-10-31": 0.8537, "2016-07-31": "-2.35000", "2016-04-30": 3.9548, "2016-01-31": 4.1556, "2015-10-31": -0.062, "2015-07-31": "-2.09010", "2015-04-30": 3.3614, "2015-01-31": 4.1729, "2014-10-31": 0.1346, "2014-07-31": "-1.70990", "2014-04-30": 3.2755, "2014-01-31": 3.6948, "2013-10-31": -0.1608, "2013-07-31": "-0.95840", "2013-04-30": 2.9052, "2013-01-31": 4.2024, "2012-10-31": -0.2163, "2012-07-31": "-1.29490", "2012-04-30": 1.8246, "2012-01-31": 4.9332, "2011-10-31": 0.0092, "2011-07-31": "-0.57090", "2011-04-30": 1.6342, "2011-01-31": 4.1639, "2010-10-31": 0.6049, "2010-07-31": "-0.28130", "2010-04-30": 0.0176, "2010-01-31": 4.5843, "2009-10-31": 0.8386, "2009-07-31": "-0.16220", "2009-04-30": 0.8536, "2009-01-31": 4.1069, "2008-10-31": -0.237, "2008-07-31": "-0.42880", "2008-04-30": 0.8542, "2008-01-31": 4.9797, "2007-10-31": -0.004, "2007-07-31": "-1.10770", "2007-04-30": 1.1276, "2007-01-31": 2.8583, "2006-10-31": 0.4641, "2006-07-31": "-0.66540", "2006-04-30": 1.2426, "2006-01-31": 2.7065, "2005-10-31": 0.5866, "2005-07-31": "-0.47760", "2005-04-30": 0.8787, "2005-01-31": 3.0426}, "Free Cash Flow Per Share": {"2020-10-31": 0.0355, "2020-07-31": "-2.24420", "2020-04-30": 2.9901, "2020-01-31": 2.8403, "2019-10-31": -0.9844, "2019-07-31": "-1.76400", "2019-04-30": 2.8688, "2019-01-31": 2.5362, "2018-10-31": 0.0926, "2018-07-31": "-2.91740", "2018-04-30": 2.5961, "2018-01-31": 3.4411, "2017-10-31": -0.0053, "2017-07-31": "-2.03120", "2017-04-30": 0.2461, "2017-01-31": 5.023, "2016-10-31": 0.2944, "2016-07-31": "-2.70710", "2016-04-30": 2.9111, "2016-01-31": 3.7547, "2015-10-31": -0.472, "2015-07-31": "-2.46550", "2015-04-30": 2.9985, "2015-01-31": 3.8711, "2014-10-31": -0.1269, "2014-07-31": "-1.94350", "2014-04-30": 2.9569, "2014-01-31": 3.4871, "2013-10-31": -0.3684, "2013-07-31": "-1.19170", "2013-04-30": 2.6209, "2013-01-31": 3.978, "2012-10-31": -0.4193, "2012-07-31": "-1.55800", "2012-04-30": 1.5127, "2012-01-31": 4.6382, "2011-10-31": -0.2808, "2011-07-31": "-0.77360", "2011-04-30": 1.279, "2011-01-31": 3.9737, "2010-10-31": 0.4194, "2010-07-31": "-0.43690", "2010-04-30": -0.2608, "2010-01-31": 4.4011, "2009-10-31": 0.6444, "2009-07-31": "-0.31250", "2009-04-30": 0.5984, "2009-01-31": 3.8937, "2008-10-31": -0.3931, "2008-07-31": "-0.57610", "2008-04-30": 0.4954, "2008-01-31": 4.7782, "2007-10-31": -0.2108, "2007-07-31": "-1.18880", "2007-04-30": 0.9809, "2007-01-31": 2.6901, "2006-10-31": 0.343, "2006-07-31": "-0.76890", "2006-04-30": 1.1223, "2006-01-31": 2.6187, "2005-10-31": 0.5156, "2005-07-31": "-0.55570", "2005-04-30": 0.7359, "2005-01-31": 2.7534}}, "revenue": {"John Wiley & Sons Annual Revenue (Millions of US $)": {"2020": "$1,831", "2019": "$1,800", "2018": "$1,796", "2017": "$1,719", "2016": "$1,727", "2015": "$1,822", "2014": "$1,775", "2013": "$1,761", "2012": "$1,783", "2011": "$1,743", "2010": "$1,699", "2009": "$1,611", "2008": "$1,674", "2007": "$1,235", "2006": "$1,044", "2005": "$974"}, "John Wiley & Sons Quarterly Revenue (Millions of US $)": {"2020-10-31": "$491", "2020-07-31": "$431", "2020-04-30": "$475", "2020-01-31": "$467", "2019-10-31": "$466", "2019-07-31": "$424", "2019-04-30": "$491", "2019-01-31": "$449", "2018-10-31": "$449", "2018-07-31": "$411", "2018-04-30": "$477", "2018-01-31": "$456", "2017-10-31": "$452", "2017-07-31": "$411", "2017-04-30": "$452", "2017-01-31": "$436", "2016-10-31": "$426", "2016-07-31": "$404", "2016-04-30": "$434", "2016-01-31": "$436", "2015-10-31": "$433", "2015-07-31": "$423", "2015-04-30": "$442", "2015-01-31": "$466", "2014-10-31": "$477", "2014-07-31": "$438", "2014-04-30": "$457", "2014-01-31": "$458", "2013-10-31": "$449", "2013-07-31": "$411", "2013-04-30": "$446", "2013-01-31": "$472", "2012-10-31": "$432", "2012-07-31": "$411", "2012-04-30": "$455", "2012-01-31": "$451", "2011-10-31": "$447", "2011-07-31": "$430", "2011-04-30": "$445", "2011-01-31": "$448", "2010-10-31": "$442", "2010-07-31": "$408", "2010-04-30": "$436", "2010-01-31": "$427", "2009-10-31": "$448", "2009-07-31": "$388", "2009-04-30": "$403", "2009-01-31": "$374", "2008-10-31": "$432", "2008-07-31": "$402", "2008-04-30": "$432", "2008-01-31": "$429", "2007-10-31": "$423", "2007-07-31": "$389", "2007-04-30": "$390", "2007-01-31": "$297", "2006-10-31": "$285", "2006-07-31": "$263", "2006-04-30": "$266", "2006-01-31": "$278", "2005-10-31": "$263", "2005-07-31": "$237", "2005-04-30": "$242", "2005-01-31": "$258"}}, "gross-profit": {"John Wiley & Sons Annual Gross Profit (Millions of US $)": {"2020": "$1,240", "2019": "$1,245", "2018": "$1,265", "2017": "$1,218", "2016": "$1,261", "2015": "$1,323", "2014": "$1,268", "2013": "$1,229", "2012": "$1,239", "2011": "$1,204", "2010": "$1,165", "2009": "$1,095", "2008": "$1,141", "2007": "$842", "2006": "$712", "2005": "$649"}, "John Wiley & Sons Quarterly Gross Profit (Millions of US $)": {"2020-10-31": "$336", "2020-07-31": "$287", "2020-04-30": "$324", "2020-01-31": "$313", "2019-10-31": "$323", "2019-07-31": "$280", "2019-04-30": "$341", "2019-01-31": "$305", "2018-10-31": "$316", "2018-07-31": "$283", "2018-04-30": "$317", "2018-01-31": "$319", "2017-10-31": "$332", "2017-07-31": "$297", "2017-04-30": "$293", "2017-01-31": "$320", "2016-10-31": "$314", "2016-07-31": "$291", "2016-04-30": "$325", "2016-01-31": "$316", "2015-10-31": "$317", "2015-07-31": "$303", "2015-04-30": "$325", "2015-01-31": "$342", "2014-10-31": "$342", "2014-07-31": "$314", "2014-04-30": "$331", "2014-01-31": "$327", "2013-10-31": "$319", "2013-07-31": "$291", "2013-04-30": "$312", "2013-01-31": "$331", "2012-10-31": "$302", "2012-07-31": "$283", "2012-04-30": "$316", "2012-01-31": "$309", "2011-10-31": "$314", "2011-07-31": "$300", "2011-04-30": "$309", "2011-01-31": "$310", "2010-10-31": "$302", "2010-07-31": "$283", "2010-04-30": "$295", "2010-01-31": "$294", "2009-10-31": "$309", "2009-07-31": "$267", "2009-04-30": "$274", "2009-01-31": "$251", "2008-10-31": "$295", "2008-07-31": "$274", "2008-04-30": "$299", "2008-01-31": "$292", "2007-10-31": "$288", "2007-07-31": "$262", "2007-04-30": "$270", "2007-01-31": "$203", "2006-10-31": "$191", "2006-07-31": "$178", "2006-04-30": "$189", "2006-01-31": "$187", "2005-10-31": "$176", "2005-07-31": "$160", "2005-04-30": "$163", "2005-01-31": "$173"}}, "operating-income": {"John Wiley & Sons Annual Operating Income (Millions of US $)": {"2020": "$-54", "2019": "$224", "2018": "$231", "2017": "$211", "2016": "$188", "2015": "$238", "2014": "$207", "2013": "$199", "2012": "$280", "2011": "$248", "2010": "$243", "2009": "$218", "2008": "$225", "2007": "$161", "2006": "$153", "2005": "$141"}, "John Wiley & Sons Quarterly Operating Income (Millions of US $)": {"2020-10-31": "$70", "2020-07-31": "$30", "2020-04-30": "$-171", "2020-01-31": "$48", "2019-10-31": "$63", "2019-07-31": "$5", "2019-04-30": "$80", "2019-01-31": "$50", "2018-10-31": "$57", "2018-07-31": "$36", "2018-04-30": "$73", "2018-01-31": "$65", "2017-10-31": "$81", "2017-07-31": "$13", "2017-04-30": "$69", "2017-01-31": "$51", "2016-10-31": "$48", "2016-07-31": "$44", "2016-04-30": "$43", "2016-01-31": "$40", "2015-10-31": "$60", "2015-07-31": "$45", "2015-04-30": "$58", "2015-01-31": "$54", "2014-10-31": "$76", "2014-07-31": "$50", "2014-04-30": "$48", "2014-01-31": "$73", "2013-10-31": "$50", "2013-07-31": "$36", "2013-04-30": "$14", "2013-01-31": "$84", "2012-10-31": "$63", "2012-07-31": "$39", "2012-04-30": "$70", "2012-01-31": "$78", "2011-10-31": "$72", "2011-07-31": "$60", "2011-04-30": "$38", "2011-01-31": "$70", "2010-10-31": "$78", "2010-07-31": "$63", "2010-04-30": "$43", "2010-01-31": "$68", "2009-10-31": "$75", "2009-07-31": "$56", "2009-04-30": "$41", "2009-01-31": "$63", "2008-10-31": "$70", "2008-07-31": "$44", "2008-04-30": "$49", "2008-01-31": "$68", "2007-10-31": "$62", "2007-07-31": "$46", "2007-04-30": "$34", "2007-01-31": "$51", "2006-10-31": "$42", "2006-07-31": "$35", "2006-04-30": "$23", "2006-01-31": "$54", "2005-10-31": "$43", "2005-07-31": "$32", "2005-04-30": "$20", "2005-01-31": "$50"}}, "ebitda": {"John Wiley & Sons Annual EBITDA (Millions of US $)": {"2020": "$121", "2019": "$385", "2018": "$385", "2017": "$368", "2016": "$344", "2015": "$392", "2014": "$355", "2013": "$349", "2012": "$419", "2011": "$381", "2010": "$365", "2009": "$334", "2008": "$341", "2007": "$250", "2006": "$235", "2005": "$220"}, "John Wiley & Sons Quarterly EBITDA (Millions of US $)": {"2020-10-31": "$118", "2020-07-31": "$80", "2020-04-30": "$-124", "2020-01-31": "$92", "2019-10-31": "$106", "2019-07-31": "$47", "2019-04-30": "$122", "2019-01-31": "$90", "2018-10-31": "$97", "2018-07-31": "$76", "2018-04-30": "$112", "2018-01-31": "$101", "2017-10-31": "$119", "2017-07-31": "$53", "2017-04-30": "$108", "2017-01-31": "$91", "2016-10-31": "$86", "2016-07-31": "$83", "2016-04-30": "$81", "2016-01-31": "$80", "2015-10-31": "$100", "2015-07-31": "$83", "2015-04-30": "$96", "2015-01-31": "$93", "2014-10-31": "$115", "2014-07-31": "$87", "2014-04-30": "$85", "2014-01-31": "$110", "2013-10-31": "$87", "2013-07-31": "$72", "2013-04-30": "$53", "2013-01-31": "$123", "2012-10-31": "$98", "2012-07-31": "$75", "2012-04-30": "$107", "2012-01-31": "$113", "2011-10-31": "$105", "2011-07-31": "$93", "2011-04-30": "$73", "2011-01-31": "$103", "2010-10-31": "$110", "2010-07-31": "$94", "2010-04-30": "$75", "2010-01-31": "$99", "2009-10-31": "$105", "2009-07-31": "$86", "2009-04-30": "$69", "2009-01-31": "$92", "2008-10-31": "$99", "2008-07-31": "$74", "2008-04-30": "$79", "2008-01-31": "$97", "2007-10-31": "$91", "2007-07-31": "$74", "2007-04-30": "$62", "2007-01-31": "$71", "2006-10-31": "$62", "2006-07-31": "$55", "2006-04-30": "$44", "2006-01-31": "$75", "2005-10-31": "$64", "2005-07-31": "$52", "2005-04-30": "$42", "2005-01-31": "$70"}}, "net-income": {"John Wiley & Sons Annual Net Income (Millions of US $)": {"2020": "$-74", "2019": "$168", "2018": "$192", "2017": "$114", "2016": "$146", "2015": "$177", "2014": "$161", "2013": "$144", "2012": "$213", "2011": "$172", "2010": "$144", "2009": "$128", "2008": "$148", "2007": "$100", "2006": "$110", "2005": "$84"}, "John Wiley & Sons Quarterly Net Income (Millions of US $)": {"2020-10-31": "$68", "2020-07-31": "$16", "2020-04-30": "$-158", "2020-01-31": "$35", "2019-10-31": "$45", "2019-07-31": "$4", "2019-04-30": "$63", "2019-01-31": "$35", "2018-10-31": "$44", "2018-07-31": "$26", "2018-04-30": "$54", "2018-01-31": "$69", "2017-10-31": "$60", "2017-07-31": "$9", "2017-04-30": "$47", "2017-01-31": "$47", "2016-10-31": "$-11", "2016-07-31": "$31", "2016-04-30": "$34", "2016-01-31": "$36", "2015-10-31": "$44", "2015-07-31": "$32", "2015-04-30": "$47", "2015-01-31": "$43", "2014-10-31": "$54", "2014-07-31": "$34", "2014-04-30": "$36", "2014-01-31": "$52", "2013-10-31": "$36", "2013-07-31": "$36", "2013-04-30": "$8", "2013-01-31": "$57", "2012-10-31": "$43", "2012-07-31": "$36", "2012-04-30": "$48", "2012-01-31": "$63", "2011-10-31": "$51", "2011-07-31": "$51", "2011-04-30": "$29", "2011-01-31": "$46", "2010-10-31": "$54", "2010-07-31": "$44", "2010-04-30": "$28", "2010-01-31": "$42", "2009-10-31": "$46", "2009-07-31": "$27", "2009-04-30": "$24", "2009-01-31": "$33", "2008-10-31": "$40", "2008-07-31": "$30", "2008-04-30": "$29", "2008-01-31": "$40", "2007-10-31": "$38", "2007-07-31": "$40", "2007-04-30": "$14", "2007-01-31": "$33", "2006-10-31": "$30", "2006-07-31": "$22", "2006-04-30": "$15", "2006-01-31": "$41", "2005-10-31": "$27", "2005-07-31": "$28", "2005-04-30": "$5", "2005-01-31": "$33"}}, "eps-earnings-per-share-diluted": {"John Wiley & Sons Annual EPS": {"2020": "$-1.32", "2019": "$2.91", "2018": "$3.32", "2017": "$1.95", "2016": "$2.48", "2015": "$2.97", "2014": "$2.70", "2013": "$2.39", "2012": "$3.47", "2011": "$2.80", "2010": "$2.41", "2009": "$2.15", "2008": "$2.49", "2007": "$1.71", "2006": "$1.85", "2005": "$1.35"}, "John Wiley & Sons Quarterly EPS": {"2020-10-31": "$1.22", "2020-07-31": "$0.29", "2020-04-30": "$-2.80", "2020-01-31": "$0.63", "2019-10-31": "$0.79", "2019-07-31": "$0.06", "2019-04-30": "$1.09", "2019-01-31": "$0.61", "2018-10-31": "$0.76", "2018-07-31": "$0.45", "2018-04-30": "$0.93", "2018-01-31": "$1.19", "2017-10-31": "$1.04", "2017-07-31": "$0.16", "2017-04-30": "$0.80", "2017-01-31": "$0.82", "2016-10-31": "$-0.20", "2016-07-31": "$0.53", "2016-04-30": "$0.58", "2016-01-31": "$0.61", "2015-10-31": "$0.74", "2015-07-31": "$0.55", "2015-04-30": "$0.79", "2015-01-31": "$0.72", "2014-10-31": "$0.90", "2014-07-31": "$0.56", "2014-04-30": "$0.60", "2014-01-31": "$0.88", "2013-10-31": "$0.61", "2013-07-31": "$0.61", "2013-04-30": "$0.13", "2013-01-31": "$0.95", "2012-10-31": "$0.71", "2012-07-31": "$0.60", "2012-04-30": "$0.79", "2012-01-31": "$1.03", "2011-10-31": "$0.83", "2011-07-31": "$0.82", "2011-04-30": "$0.46", "2011-01-31": "$0.74", "2010-10-31": "$0.88", "2010-07-31": "$0.72", "2010-04-30": "$0.47", "2010-01-31": "$0.71", "2009-10-31": "$0.78", "2009-07-31": "$0.45", "2009-04-30": "$0.41", "2009-01-31": "$0.57", "2008-10-31": "$0.67", "2008-07-31": "$0.50", "2008-04-30": "$0.49", "2008-01-31": "$0.67", "2007-10-31": "$0.65", "2007-07-31": "$0.68", "2007-04-30": "$0.24", "2007-01-31": "$0.57", "2006-10-31": "$0.52", "2006-07-31": "$0.38", "2006-04-30": "$0.25", "2006-01-31": "$0.69", "2005-10-31": "$0.45", "2005-07-31": "$0.46", "2005-04-30": "$0.08", "2005-01-31": "$0.53"}}, "shares-outstanding": {"John Wiley & Sons Annual Shares Outstanding (Millions of Shares)": {"2020": "56", "2019": "58", "2018": "58", "2017": "58", "2016": "59", "2015": "60", "2014": "60", "2013": "60", "2012": "61", "2011": "61", "2010": "60", "2009": "60", "2008": "59", "2007": "58", "2006": "60", "2005": "62"}, "John Wiley & Sons Quarterly Shares Outstanding (Millions of Shares)": {"2020-10-31": "56", "2020-07-31": "56", "2020-04-30": "56", "2020-01-31": "57", "2019-10-31": "57", "2019-07-31": "57", "2019-04-30": "58", "2019-01-31": "58", "2018-10-31": "58", "2018-07-31": "58", "2018-04-30": "58", "2018-01-31": "58", "2017-10-31": "58", "2017-07-31": "58", "2017-04-30": "58", "2017-01-31": "58", "2016-10-31": "58", "2016-07-31": "58", "2016-04-30": "59", "2016-01-31": "58", "2015-10-31": "59", "2015-07-31": "59", "2015-04-30": "60", "2015-01-31": "59", "2014-10-31": "60", "2014-07-31": "60", "2014-04-30": "60", "2014-01-31": "60", "2013-10-31": "59", "2013-07-31": "59", "2013-04-30": "60", "2013-01-31": "60", "2012-10-31": "61", "2012-07-31": "60", "2012-04-30": "61", "2012-01-31": "61", "2011-10-31": "61", "2011-07-31": "62", "2011-04-30": "61", "2011-01-31": "62", "2010-10-31": "61", "2010-07-31": "61", "2010-04-30": "60", "2010-01-31": "60", "2009-10-31": "59", "2009-07-31": "59", "2009-04-30": "60", "2009-01-31": "59", "2008-10-31": "60", "2008-07-31": "60", "2008-04-30": "59", "2008-01-31": "59", "2007-10-31": "59", "2007-07-31": "59", "2007-04-30": "58", "2007-01-31": "58", "2006-10-31": "58", "2006-07-31": "58", "2006-04-30": "60", "2006-01-31": "59", "2005-10-31": "60", "2005-07-31": "61", "2005-04-30": "62", "2005-01-31": "62"}}, "total-assets": {"John Wiley & Sons Annual Total Assets (Millions of US $)": {"2020": "$3,169", "2019": "$2,949", "2018": "$2,839", "2017": "$2,606", "2016": "$2,921", "2015": "$3,004", "2014": "$3,077", "2013": "$2,806", "2012": "$2,533", "2011": "$2,430", "2010": "$2,309", "2009": "$2,224", "2008": "$2,576", "2007": "$2,553", "2006": "$1,026", "2005": "$1,033"}, "John Wiley & Sons Quarterly Total Assets (Millions of US $)": {"2020-10-31": "$3,020", "2020-07-31": "$3,069", "2020-04-30": "$3,169", "2020-01-31": "$3,325", "2019-10-31": "$3,083", "2019-07-31": "$3,120", "2019-04-30": "$2,949", "2019-01-31": "$2,912", "2018-10-31": "$2,681", "2018-07-31": "$2,772", "2018-04-30": "$2,839", "2018-01-31": "$2,859", "2017-10-31": "$2,633", "2017-07-31": "$2,667", "2017-04-30": "$2,606", "2017-01-31": "$3,103", "2016-10-31": "$2,853", "2016-07-31": "$2,743", "2016-04-30": "$2,921", "2016-01-31": "$3,114", "2015-10-31": "$2,883", "2015-07-31": "$2,982", "2015-04-30": "$3,004", "2015-01-31": "$2,894", "2014-10-31": "$2,913", "2014-07-31": "$3,069", "2014-04-30": "$3,077", "2014-01-31": "$2,873", "2013-10-31": "$2,650", "2013-07-31": "$2,656", "2013-04-30": "$2,806", "2013-01-31": "$2,881", "2012-10-31": "$2,632", "2012-07-31": "$2,416", "2012-04-30": "$2,533", "2012-01-31": "$2,479", "2011-10-31": "$2,268", "2011-07-31": "$2,349", "2011-04-30": "$2,430", "2011-01-31": "$2,521", "2010-10-31": "$2,304", "2010-07-31": "$2,286", "2010-04-30": "$2,309", "2010-01-31": "$2,336", "2009-10-31": "$2,319", "2009-07-31": "$2,341", "2009-04-30": "$2,224", "2009-01-31": "$2,146", "2008-10-31": "$2,253", "2008-07-31": "$2,569", "2008-04-30": "$2,576", "2008-01-31": "$2,767", "2007-10-31": "$2,609", "2007-07-31": "$2,617", "2007-04-30": "$2,553", "2007-01-31": "$1,064", "2006-10-31": "$1,026", "2006-07-31": "$1,010", "2006-04-30": "$1,026", "2006-01-31": "$1,064", "2005-10-31": "$984", "2005-07-31": "$963", "2005-04-30": "$1,033", "2005-01-31": "$1,094"}}, "cash-on-hand": {"John Wiley & Sons Annual Cash on Hand (Millions of US $)": {"2020": "$202", "2019": "$93", "2018": "$170", "2017": "$59", "2016": "$364", "2015": "$457", "2014": "$486", "2013": "$334", "2012": "$260", "2011": "$202", "2010": "$154", "2009": "$103", "2008": "$59", "2007": "$71", "2006": "$61", "2005": "$99"}, "John Wiley & Sons Quarterly Cash on Hand (Millions of US $)": {"2020-10-31": "$86", "2020-07-31": "$101", "2020-04-30": "$202", "2020-01-31": "$117", "2019-10-31": "$108", "2019-07-31": "$104", "2019-04-30": "$93", "2019-01-31": "$133", "2018-10-31": "$116", "2018-07-31": "$113", "2018-04-30": "$170", "2018-01-31": "$128", "2017-10-31": "$73", "2017-07-31": "$84", "2017-04-30": "$59", "2017-01-31": "$482", "2016-10-31": "$267", "2016-07-31": "$186", "2016-04-30": "$364", "2016-01-31": "$536", "2015-10-31": "$308", "2015-07-31": "$369", "2015-04-30": "$457", "2015-01-31": "$260", "2014-10-31": "$199", "2014-07-31": "$256", "2014-04-30": "$486", "2014-01-31": "$316", "2013-10-31": "$150", "2013-07-31": "$190", "2013-04-30": "$334", "2013-01-31": "$286", "2012-10-31": "$93", "2012-07-31": "$149", "2012-04-30": "$260", "2012-01-31": "$284", "2011-10-31": "$82", "2011-07-31": "$122", "2011-04-30": "$202", "2011-01-31": "$305", "2010-10-31": "$112", "2010-07-31": "$114", "2010-04-30": "$154", "2010-01-31": "$67", "2009-10-31": "$61", "2009-07-31": "$68", "2009-04-30": "$103", "2009-01-31": "$72", "2008-10-31": "$31", "2008-07-31": "$47", "2008-04-30": "$59", "2008-01-31": "$221", "2007-10-31": "$64", "2007-07-31": "$114", "2007-04-30": "$71", "2007-01-31": "$31", "2006-10-31": "$25", "2006-07-31": "$26", "2006-04-30": "$61", "2006-01-31": "$75", "2005-10-31": "$18", "2005-07-31": "$13", "2005-04-30": "$99", "2005-01-31": "$140"}}, "long-term-debt": {"John Wiley & Sons Annual Long Term Debt (Millions of US $)": {"2020": "$766", "2019": "$479", "2018": "$360", "2017": "$365", "2016": "$605", "2015": "$650", "2014": "$700", "2013": "$673", "2012": "$475", "2011": "$331", "2010": "$559", "2009": "$755", "2008": "$797", "2007": "$978", "2006": "$160", "2005": "$196"}, "John Wiley & Sons Quarterly Long Term Debt (Millions of US $)": {"2020-10-31": "$825", "2020-07-31": "$836", "2020-04-30": "$766", "2020-01-31": "$790", "2019-10-31": "$788", "2019-07-31": "$724", "2019-04-30": "$479", "2019-01-31": "$634", "2018-10-31": "$537", "2018-07-31": "$507", "2018-04-30": "$360", "2018-01-31": "$428", "2017-10-31": "$563", "2017-07-31": "$552", "2017-04-30": "$365", "2017-01-31": "$866", "2016-10-31": "$884", "2016-07-31": "$653", "2016-04-30": "$605", "2016-01-31": "$815", "2015-10-31": "$739", "2015-07-31": "$750", "2015-04-30": "$650", "2015-01-31": "$588", "2014-10-31": "$750", "2014-07-31": "$788", "2014-04-30": "$700", "2014-01-31": "$634", "2013-10-31": "$648", "2013-07-31": "$660", "2013-04-30": "$673", "2013-01-31": "$735", "2012-10-31": "$702", "2012-07-31": "$514", "2012-04-30": "$475", "2012-01-31": "$483", "2011-10-31": "$510", "2011-07-31": "$357", "2011-04-30": "$331", "2011-01-31": "$525", "2010-10-31": "$556", "2010-07-31": "$611", "2010-04-30": "$559", "2010-01-31": "$570", "2009-10-31": "$774", "2009-07-31": "$794", "2009-04-30": "$755", "2009-01-31": "$826", "2008-10-31": "$944", "2008-07-31": "$887", "2008-04-30": "$797", "2008-01-31": "$988", "2007-10-31": "$1,067", "2007-07-31": "$1,105", "2007-04-30": "$978", "2007-01-31": "$82", "2006-10-31": "$208", "2006-07-31": "$200", "2006-04-30": "$160", "2006-01-31": "$190", "2005-10-31": "$232", "2005-07-31": "$192", "2005-04-30": "$196", "2005-01-31": "$200"}}, "total-liabilities": {"John Wiley & Sons Annual Total Liabilities (Millions of US $)": {"2020": "$2,235", "2019": "$1,767", "2018": "$1,649", "2017": "$1,603", "2016": "$1,884", "2015": "$1,949", "2014": "$1,895", "2013": "$1,818", "2012": "$1,515", "2011": "$1,452", "2010": "$1,586", "2009": "$1,710", "2008": "$1,887", "2007": "$2,024", "2006": "$624", "2005": "$636"}, "John Wiley & Sons Quarterly Total Liabilities (Millions of US $)": {"2020-10-31": "$2,000", "2020-07-31": "$2,095", "2020-04-30": "$2,235", "2020-01-31": "$2,127", "2019-10-31": "$1,904", "2019-07-31": "$1,988", "2019-04-30": "$1,767", "2019-01-31": "$1,716", "2018-10-31": "$1,511", "2018-07-31": "$1,598", "2018-04-30": "$1,649", "2018-01-31": "$1,691", "2017-10-31": "$1,586", "2017-07-31": "$1,658", "2017-04-30": "$1,603", "2017-01-31": "$2,092", "2016-10-31": "$1,872", "2016-07-31": "$1,727", "2016-04-30": "$1,884", "2016-01-31": "$2,098", "2015-10-31": "$1,815", "2015-07-31": "$1,901", "2015-04-30": "$1,949", "2015-01-31": "$1,809", "2014-10-31": "$1,750", "2014-07-31": "$1,861", "2014-04-30": "$1,895", "2014-01-31": "$1,737", "2013-10-31": "$1,564", "2013-07-31": "$1,660", "2013-04-30": "$1,818", "2013-01-31": "$1,784", "2012-10-31": "$1,543", "2012-07-31": "$1,401", "2012-04-30": "$1,515", "2012-01-31": "$1,455", "2011-10-31": "$1,258", "2011-07-31": "$1,330", "2011-04-30": "$1,452", "2011-01-31": "$1,614", "2010-10-31": "$1,442", "2010-07-31": "$1,518", "2010-04-30": "$1,586", "2010-01-31": "$1,589", "2009-10-31": "$1,616", "2009-07-31": "$1,694", "2009-04-30": "$1,710", "2009-01-31": "$1,721", "2008-10-31": "$1,719", "2008-07-31": "$1,834", "2008-04-30": "$1,887", "2008-01-31": "$2,134", "2007-10-31": "$1,957", "2007-07-31": "$2,029", "2007-04-30": "$2,024", "2007-01-31": "$561", "2006-10-31": "$565", "2006-07-31": "$580", "2006-04-30": "$624", "2006-01-31": "$658", "2005-10-31": "$591", "2005-07-31": "$563", "2005-04-30": "$636", "2005-01-31": "$640"}}, "total-share-holder-equity": {"John Wiley & Sons Annual Share Holder Equity (Millions of US $)": {"2020": "$934", "2019": "$1,181", "2018": "$1,191", "2017": "$1,003", "2016": "$1,037", "2015": "$1,055", "2014": "$1,182", "2013": "$988", "2012": "$1,018", "2011": "$978", "2010": "$722", "2009": "$514", "2008": "$689", "2007": "$530", "2006": "$402", "2005": "$397"}, "John Wiley & Sons Quarterly Share Holder Equity (Millions of US $)": {"2020-10-31": "$1,020", "2020-07-31": "$974", "2020-04-30": "$934", "2020-01-31": "$1,197", "2019-10-31": "$1,179", "2019-07-31": "$1,132", "2019-04-30": "$1,181", "2019-01-31": "$1,195", "2018-10-31": "$1,169", "2018-07-31": "$1,174", "2018-04-30": "$1,191", "2018-01-31": "$1,168", "2017-10-31": "$1,047", "2017-07-31": "$1,009", "2017-04-30": "$1,003", "2017-01-31": "$1,011", "2016-10-31": "$982", "2016-07-31": "$1,016", "2016-04-30": "$1,037", "2016-01-31": "$1,016", "2015-10-31": "$1,068", "2015-07-31": "$1,081", "2015-04-30": "$1,055", "2015-01-31": "$1,085", "2014-10-31": "$1,162", "2014-07-31": "$1,208", "2014-04-30": "$1,182", "2014-01-31": "$1,136", "2013-10-31": "$1,086", "2013-07-31": "$996", "2013-04-30": "$988", "2013-01-31": "$1,096", "2012-10-31": "$1,088", "2012-07-31": "$1,015", "2012-04-30": "$1,018", "2012-01-31": "$1,023", "2011-10-31": "$1,009", "2011-07-31": "$1,019", "2011-04-30": "$978", "2011-01-31": "$907", "2010-10-31": "$862", "2010-07-31": "$768", "2010-04-30": "$722", "2010-01-31": "$747", "2009-10-31": "$703", "2009-07-31": "$647", "2009-04-30": "$514", "2009-01-31": "$425", "2008-10-31": "$533", "2008-07-31": "$735", "2008-04-30": "$689", "2008-01-31": "$633", "2007-10-31": "$652", "2007-07-31": "$587", "2007-04-30": "$530", "2007-01-31": "$503", "2006-10-31": "$461", "2006-07-31": "$430", "2006-04-30": "$402", "2006-01-31": "$406", "2005-10-31": "$393", "2005-07-31": "$400", "2005-04-30": "$397", "2005-01-31": "$454"}}, "profit-margins": {"current": "-2.03%"}, "gross margin": {"2020-10-31": "67.60%", "2020-07-31": "67.81%", "2020-04-30": "67.69%", "2020-01-31": "68.02%", "2019-10-31": "68.25%", "2019-07-31": "68.51%", "2019-04-30": "69.17%", "2019-01-31": "68.37%", "2018-10-31": "68.88%", "2018-07-31": "69.65%", "2018-04-30": "70.43%", "2018-01-31": "70.07%", "2017-10-31": "70.93%", "2017-07-31": "70.96%", "2017-04-30": "70.90%", "2017-01-31": "73.53%", "2016-10-31": "73.29%", "2016-07-31": "73.17%", "2016-04-30": "73.06%", "2016-01-31": "72.72%", "2015-10-31": "72.96%", "2015-07-31": "72.57%", "2015-04-30": "72.57%", "2015-01-31": "72.31%", "2014-10-31": "71.80%", "2014-07-31": "71.64%", "2014-04-30": "71.44%", "2014-01-31": "70.80%", "2013-10-31": "70.47%", "2013-07-31": "70.19%", "2013-04-30": "69.73%", "2013-01-31": "69.60%", "2012-10-31": "69.18%", "2012-07-31": "69.27%", "2012-04-30": "69.49%", "2012-01-31": "69.49%", "2011-10-31": "69.66%", "2011-07-31": "69.18%", "2011-04-30": "69.08%", "2011-01-31": "68.63%", "2010-10-31": "68.53%", "2010-07-31": "68.70%", "2010-04-30": "68.57%", "2010-01-31": "68.67%", "2009-10-31": "68.26%", "2009-07-31": "68.07%", "2009-04-30": "67.91%", "2009-01-31": "68.23%", "2008-10-31": "68.44%", "2008-07-31": "68.39%", "2008-04-30": "68.20%", "2008-01-31": "68.18%", "2007-10-31": "68.25%", "2007-07-31": "68.04%", "2007-04-30": "68.18%", "2007-01-31": "68.50%", "2006-10-31": "68.22%", "2006-07-31": "68.22%", "2006-04-30": "68.20%", "2006-01-31": "67.25%", "2005-10-31": "67.20%"}, "operating margin": {"2020-10-31": "-1.23%", "2020-07-31": "-1.63%", "2020-04-30": "-3.00%", "2020-01-31": "10.61%", "2019-10-31": "10.82%", "2019-07-31": "10.59%", "2019-04-30": "12.39%", "2019-01-31": "12.09%", "2018-10-31": "12.88%", "2018-07-31": "14.20%", "2018-04-30": "12.92%", "2018-01-31": "12.87%", "2017-10-31": "12.22%", "2017-07-31": "10.49%", "2017-04-30": "12.34%", "2017-01-31": "10.94%", "2016-10-31": "10.29%", "2016-07-31": "10.95%", "2016-04-30": "10.89%", "2016-01-31": "11.71%", "2015-10-31": "12.30%", "2015-07-31": "12.89%", "2015-04-30": "13.06%", "2015-01-31": "12.40%", "2014-10-31": "13.50%", "2014-07-31": "12.26%", "2014-04-30": "11.66%", "2014-01-31": "9.81%", "2013-10-31": "10.35%", "2013-07-31": "11.19%", "2013-04-30": "11.36%", "2013-01-31": "14.46%", "2012-10-31": "14.29%", "2012-07-31": "14.68%", "2012-04-30": "15.70%", "2012-01-31": "13.99%", "2011-10-31": "13.56%", "2011-07-31": "13.94%", "2011-04-30": "14.29%", "2011-01-31": "14.65%", "2010-10-31": "14.71%", "2010-07-31": "14.49%", "2010-04-30": "14.24%", "2010-01-31": "14.41%", "2009-10-31": "14.57%", "2009-07-31": "14.40%", "2009-04-30": "13.53%", "2009-01-31": "13.78%", "2008-10-31": "13.63%", "2008-07-31": "13.23%", "2008-04-30": "13.45%", "2008-01-31": "12.88%", "2007-10-31": "12.88%", "2007-07-31": "12.71%", "2007-04-30": "13.12%", "2007-01-31": "13.59%", "2006-10-31": "14.10%", "2006-07-31": "14.49%", "2006-04-30": "14.56%", "2006-01-31": "14.61%", "2005-10-31": "14.50%"}, "ebitda margin": {"2020-10-31": "8.91%", "2020-07-31": "8.37%", "2020-04-30": "6.60%", "2020-01-31": "19.86%", "2019-10-31": "19.95%", "2019-07-31": "19.64%", "2019-04-30": "21.39%", "2019-01-31": "21.00%", "2018-10-31": "21.53%", "2018-07-31": "22.72%", "2018-04-30": "21.44%", "2018-01-31": "21.51%", "2017-10-31": "21.19%", "2017-07-31": "19.59%", "2017-04-30": "21.42%", "2017-01-31": "20.06%", "2016-10-31": "19.41%", "2016-07-31": "20.15%", "2016-04-30": "19.93%", "2016-01-31": "20.70%", "2015-10-31": "21.09%", "2015-07-31": "21.40%", "2015-04-30": "21.45%", "2015-01-31": "20.67%", "2014-10-31": "21.69%", "2014-07-31": "20.48%", "2014-04-30": "19.94%", "2014-01-31": "18.25%", "2013-10-31": "18.84%", "2013-07-31": "19.65%", "2013-04-30": "19.82%", "2013-01-31": "22.77%", "2012-10-31": "22.47%", "2012-07-31": "22.68%", "2012-04-30": "23.44%", "2012-01-31": "21.66%", "2011-10-31": "21.13%", "2011-07-31": "21.47%", "2011-04-30": "21.80%", "2011-01-31": "22.03%", "2010-10-31": "22.07%", "2010-07-31": "21.70%", "2010-04-30": "21.48%", "2010-01-31": "21.55%", "2009-10-31": "21.82%", "2009-07-31": "21.67%", "2009-04-30": "20.73%", "2009-01-31": "20.98%", "2008-10-31": "20.59%", "2008-07-31": "20.23%", "2008-04-30": "20.38%", "2008-01-31": "19.87%", "2007-10-31": "19.88%", "2007-07-31": "19.76%", "2007-04-30": "20.24%", "2007-01-31": "20.88%", "2006-10-31": "21.61%", "2006-07-31": "22.24%", "2006-04-30": "22.51%", "2006-01-31": "22.84%", "2005-10-31": "22.80%"}, "pre tax profit margin": {"2020-10-31": "-1.29%", "2020-07-31": "-2.01%", "2020-04-30": "-3.44%", "2020-01-31": "9.85%", "2019-10-31": "9.95%", "2019-07-31": "10.04%", "2019-04-30": "11.78%", "2019-01-31": "11.48%", "2018-10-31": "12.16%", "2018-07-31": "13.42%", "2018-04-30": "11.86%", "2018-01-31": "11.35%", "2017-10-31": "10.97%", "2017-07-31": "9.04%", "2017-04-30": "11.06%", "2017-01-31": "10.06%", "2016-10-31": "9.35%", "2016-07-31": "10.13%", "2016-04-30": "10.14%", "2016-01-31": "10.96%", "2015-10-31": "11.68%", "2015-07-31": "12.28%", "2015-04-30": "12.40%", "2015-01-31": "11.75%", "2014-10-31": "12.73%", "2014-07-31": "11.49%", "2014-04-30": "10.99%", "2014-01-31": "9.18%", "2013-10-31": "9.62%", "2013-07-31": "10.39%", "2013-04-30": "10.62%", "2013-01-31": "13.73%", "2012-10-31": "13.72%", "2012-07-31": "14.29%", "2012-04-30": "15.31%", "2012-01-31": "13.65%", "2011-10-31": "13.05%", "2011-07-31": "13.20%", "2011-04-30": "13.25%", "2011-01-31": "13.38%", "2010-10-31": "13.25%", "2010-07-31": "12.80%", "2010-04-30": "11.77%", "2010-01-31": "11.58%", "2009-10-31": "10.97%", "2009-07-31": "10.33%", "2009-04-30": "10.18%", "2009-01-31": "10.30%", "2008-10-31": "10.44%", "2008-07-31": "9.96%", "2008-04-30": "9.68%", "2008-01-31": "8.95%", "2007-10-31": "9.47%", "2007-07-31": "9.99%", "2007-04-30": "11.26%", "2007-01-31": "12.69%", "2006-10-31": "13.19%", "2006-07-31": "13.64%", "2006-04-30": "13.79%", "2006-01-31": "13.92%", "2005-10-31": "13.90%"}, "net profit margin": {"2020-10-31": "-2.09%", "2020-07-31": "-3.37%", "2020-04-30": "-4.04%", "2020-01-31": "7.95%", "2019-10-31": "8.03%", "2019-07-31": "8.05%", "2019-04-30": "9.33%", "2019-01-31": "8.90%", "2018-10-31": "10.76%", "2018-07-31": "11.64%", "2018-04-30": "10.69%", "2018-01-31": "10.45%", "2017-10-31": "9.31%", "2017-07-31": "5.33%", "2017-04-30": "6.64%", "2017-01-31": "5.94%", "2016-10-31": "5.29%", "2016-07-31": "8.49%", "2016-04-30": "8.46%", "2016-01-31": "9.17%", "2015-10-31": "9.41%", "2015-07-31": "9.73%", "2015-04-30": "9.76%", "2015-01-31": "9.09%", "2014-10-31": "9.62%", "2014-07-31": "8.77%", "2014-04-30": "9.01%", "2014-01-31": "7.48%", "2013-10-31": "7.71%", "2013-07-31": "8.18%", "2013-04-30": "8.18%", "2013-01-31": "10.40%", "2012-10-31": "10.86%", "2012-07-31": "11.22%", "2012-04-30": "11.95%", "2012-01-31": "10.94%", "2011-10-31": "10.00%", "2011-07-31": "10.20%", "2011-04-30": "9.93%", "2011-01-31": "9.92%", "2010-10-31": "9.81%", "2010-07-31": "9.31%", "2010-04-30": "8.42%", "2010-01-31": "8.34%", "2009-10-31": "8.06%", "2009-07-31": "7.76%", "2009-04-30": "7.88%", "2009-01-31": "8.05%", "2008-10-31": "8.20%", "2008-07-31": "8.13%", "2008-04-30": "8.79%", "2008-01-31": "8.09%", "2007-10-31": "8.34%", "2007-07-31": "8.60%", "2007-04-30": "8.02%", "2007-01-31": "9.00%", "2006-10-31": "9.89%", "2006-07-31": "9.81%", "2006-04-30": "10.63%", "2006-01-31": "9.90%", "2005-10-31": "9.30%"}, "pe ratio": {"current": "18.11", "2021-02-05": "0.00", "2020-10-31": "0.00", "2020-07-31": "0.00", "2020-04-30": "0.00", "2020-01-31": "16.60", "2019-10-31": "17.55", "2019-07-31": "17.40", "2019-04-30": "15.19", "2019-01-31": "17.95", "2018-10-31": "15.42", "2018-07-31": "16.47", "2018-04-30": "18.60", "2018-01-31": "18.46", "2017-10-31": "17.90", "2017-07-31": "32.02", "2017-04-30": "24.63", "2017-01-31": "28.84", "2016-10-31": "30.54", "2016-07-31": "21.03", "2016-04-30": "17.82", "2016-01-31": "13.82", "2015-10-31": "16.51", "2015-07-31": "15.73", "2015-04-30": "16.73", "2015-01-31": "19.37", "2014-10-31": "17.18", "2014-07-31": "19.51", "2014-04-30": "18.23", "2014-01-31": "20.70", "2013-10-31": "18.56", "2013-07-31": "15.88", "2013-04-30": "13.40", "2013-01-31": "10.44", "2012-10-31": "11.45", "2012-07-31": "12.06", "2012-04-30": "10.66", "2012-01-31": "11.81", "2011-10-31": "13.58", "2011-07-31": "13.98", "2011-04-30": "14.68", "2011-01-31": "13.20", "2010-10-31": "12.49", "2010-07-31": "11.78", "2010-04-30": "14.00", "2010-01-31": "14.02", "2009-10-31": "12.53", "2009-07-31": "11.89", "2009-04-30": "12.30", "2009-01-31": "12.39", "2008-10-31": "11.60", "2008-07-31": "15.20", "2008-04-30": "14.28", "2008-01-31": "13.49", "2007-10-31": "15.71", "2007-07-31": "16.04", "2007-04-30": "16.64", "2007-01-31": "16.47", "2006-10-31": "14.59"}, "price sales": {"2021-02-05": "1.51", "2020-10-31": "0.93", "2020-07-31": "1.04", "2020-04-30": "1.15", "2020-01-31": "1.32", "2019-10-31": "1.41", "2019-07-31": "1.40", "2019-04-30": "1.43", "2019-01-31": "1.60", "2018-10-31": "1.66", "2018-07-31": "1.92", "2018-04-30": "1.99", "2018-01-31": "1.93", "2017-10-31": "1.67", "2017-07-31": "1.71", "2017-04-30": "1.63", "2017-01-31": "1.71", "2016-10-31": "1.60", "2016-07-31": "1.78", "2016-04-30": "1.51", "2016-01-31": "1.26", "2015-10-31": "1.55", "2015-07-31": "1.53", "2015-04-30": "1.63", "2015-01-31": "1.75", "2014-10-31": "1.65", "2014-07-31": "1.71", "2014-04-30": "1.65", "2014-01-31": "1.56", "2013-10-31": "1.43", "2013-07-31": "1.30", "2013-04-30": "1.10", "2013-01-31": "1.09", "2012-10-31": "1.25", "2012-07-31": "1.36", "2012-04-30": "1.28", "2012-01-31": "1.28", "2011-10-31": "1.35", "2011-07-31": "1.41", "2011-04-30": "1.44", "2011-01-31": "1.30", "2010-10-31": "1.22", "2010-07-31": "1.10", "2010-04-30": "1.18", "2010-01-31": "1.18", "2009-10-31": "1.02", "2009-07-31": "0.93", "2009-04-30": "0.98", "2009-01-31": "1.00", "2008-10-31": "0.95", "2008-07-31": "1.24", "2008-04-30": "1.26", "2008-01-31": "1.10", "2007-10-31": "1.32", "2007-07-31": "1.39", "2007-04-30": "1.35", "2007-01-31": "1.49", "2006-10-31": "1.44"}, "price book": {"current": "2.74", "2021-02-05": "2.74", "2020-10-31": "1.70", "2020-07-31": "1.95", "2020-04-30": "2.23", "2020-01-31": "2.00", "2019-10-31": "2.14", "2019-07-31": "2.20", "2019-04-30": "2.13", "2019-01-31": "2.36", "2018-10-31": "2.51", "2018-07-31": "2.91", "2018-04-30": "2.98", "2018-01-31": "2.90", "2017-10-31": "2.75", "2017-07-31": "2.88", "2017-04-30": "2.75", "2017-01-31": "2.84", "2016-10-31": "2.74", "2016-07-31": "2.95", "2016-04-30": "2.46", "2016-01-31": "2.11", "2015-10-31": "2.51", "2015-07-31": "2.52", "2015-04-30": "2.77", "2015-01-31": "2.91", "2014-10-31": "2.56", "2014-07-31": "2.54", "2014-04-30": "2.46", "2014-01-31": "2.41", "2013-10-31": "2.32", "2013-07-31": "2.24", "2013-04-30": "1.90", "2013-01-31": "1.73", "2012-10-31": "1.99", "2012-07-31": "2.33", "2012-04-30": "2.17", "2012-01-31": "2.17", "2011-10-31": "2.31", "2011-07-31": "2.42", "2011-04-30": "2.55", "2011-01-31": "2.48", "2010-10-31": "2.44", "2010-07-31": "2.47", "2010-04-30": "2.79", "2010-01-31": "2.63", "2009-10-31": "2.32", "2009-07-31": "2.27", "2009-04-30": "3.02", "2009-01-31": "3.78", "2008-10-31": "2.97", "2008-07-31": "2.83", "2008-04-30": "3.02", "2008-01-31": "2.80", "2007-10-31": "3.03", "2007-07-31": "3.20", "2007-04-30": "3.11", "2007-01-31": "3.23", "2006-10-31": "3.33", "2006-07-31": "3.34", "2006-04-30": "3.94", "2006-01-31": "4.04"}, "price fcf": {"2021-02-05": "", "2020-10-31": "$3.62", "2020-07-31": "$2.60", "2020-04-30": "$3.08", "2020-01-31": "$2.96", "2019-10-31": "$2.66", "2019-07-31": "$3.73", "2019-04-30": "$2.58", "2019-01-31": "$2.31", "2018-10-31": "$3.21", "2018-07-31": "$3.11", "2018-04-30": "$4.00", "2018-01-31": "$1.65", "2017-10-31": "$3.23", "2017-07-31": "$3.53", "2017-04-30": "$2.86", "2017-01-31": "$5.52", "2016-10-31": "$4.25", "2016-07-31": "$3.49", "2016-04-30": "$3.73", "2016-01-31": "$3.82", "2015-10-31": "$3.93", "2015-07-31": "$4.28", "2015-04-30": "$4.80", "2015-01-31": "$4.76", "2014-10-31": "$4.37", "2014-07-31": "$4.13", "2014-04-30": "$4.88", "2014-01-31": "$4.55", "2013-10-31": "$5.04", "2013-07-31": "$4.99", "2013-04-30": "$4.62", "2013-01-31": "$3.51", "2012-10-31": "$4.17", "2012-07-31": "$4.31", "2012-04-30": "$5.10", "2012-01-31": "$4.86", "2011-10-31": "$4.20", "2011-07-31": "$4.90", "2011-04-30": "$5.24", "2011-01-31": "$3.70", "2010-10-31": "$4.12", "2010-07-31": "$4.35", "2010-04-30": "$4.47", "2010-01-31": "$5.33", "2009-10-31": "$4.82", "2009-07-31": "$3.79", "2009-04-30": "$3.52", "2009-01-31": "$3.42", "2008-10-31": "$4.30", "2008-07-31": "$4.49", "2008-04-30": "$3.87", "2008-01-31": "$4.36", "2007-10-31": "$2.27", "2007-07-31": "$2.83", "2007-04-30": "$3.25", "2007-01-31": "$3.39", "2006-10-31": "$3.28"}, "net worth": {"value": "$2.8B"}, "current ratio": {"2020-10-31": "0.75", "2020-07-31": "0.68", "2020-04-30": "0.66", "2020-01-31": "0.65", "2019-10-31": "0.76", "2019-07-31": "0.67", "2019-04-30": "0.57", "2019-01-31": "0.64", "2018-10-31": "0.79", "2018-07-31": "0.72", "2018-04-30": "0.55", "2018-01-31": "0.57", "2017-10-31": "0.63", "2017-07-31": "0.59", "2017-04-30": "0.46", "2017-01-31": "1.11", "2016-10-31": "1.25", "2016-07-31": "0.97", "2016-04-30": "0.86", "2016-01-31": "1.09", "2015-10-31": "1.04", "2015-07-31": "1.07", "2015-04-30": "0.92", "2015-01-31": "0.80", "2014-10-31": "1.02", "2014-07-31": "1.03", "2014-04-30": "1.08", "2014-01-31": "1.05", "2013-10-31": "1.05", "2013-07-31": "0.95", "2013-04-30": "0.95", "2013-01-31": "1.07", "2012-10-31": "1.07", "2012-07-31": "0.98", "2012-04-30": "0.90", "2012-01-31": "1.01", "2011-10-31": "1.07", "2011-07-31": "0.76", "2011-04-30": "0.70", "2011-01-31": "0.93", "2010-10-31": "0.88", "2010-07-31": "0.84", "2010-04-30": "0.72", "2010-01-31": "0.67", "2009-10-31": "0.86", "2009-07-31": "0.80", "2009-04-30": "0.74", "2009-01-31": "0.77", "2008-10-31": "0.92", "2008-07-31": "0.78", "2008-04-30": "0.64", "2008-01-31": "0.87", "2007-10-31": "0.92", "2007-07-31": "0.95", "2007-04-30": "0.68", "2007-01-31": "0.91", "2006-10-31": "1.23", "2006-07-31": "1.09", "2006-04-30": "0.90", "2006-01-31": "1.02", "2005-10-31": "1.12", "2005-07-31": "1.00", "2005-04-30": "0.99", "2005-01-31": "1.16"}, "quick ratio": {"2020-10-31": "0.69", "2020-07-31": "0.62", "2020-04-30": "0.62", "2020-01-31": "0.60", "2019-10-31": "0.69", "2019-07-31": "0.61", "2019-04-30": "0.53", "2019-01-31": "0.58", "2018-10-31": "0.73", "2018-07-31": "0.67", "2018-04-30": "0.50", "2018-01-31": "0.52", "2017-10-31": "0.55", "2017-07-31": "0.52", "2017-04-30": "0.40", "2017-01-31": "1.05", "2016-10-31": "1.16", "2016-07-31": "0.88", "2016-04-30": "0.78", "2016-01-31": "1.02", "2015-10-31": "0.95", "2015-07-31": "0.98", "2015-04-30": "0.84", "2015-01-31": "0.72", "2014-10-31": "0.89", "2014-07-31": "0.90", "2014-04-30": "0.98", "2014-01-31": "0.92", "2013-10-31": "0.87", "2013-07-31": "0.79", "2013-04-30": "0.83", "2013-01-31": "0.93", "2012-10-31": "0.85", "2012-07-31": "0.80", "2012-04-30": "0.74", "2012-01-31": "0.85", "2011-10-31": "0.81", "2011-07-31": "0.59", "2011-04-30": "0.56", "2011-01-31": "0.78", "2010-10-31": "0.67", "2010-07-31": "0.65", "2010-04-30": "0.56", "2010-01-31": "0.52", "2009-10-31": "0.64", "2009-07-31": "0.59", "2009-04-30": "0.55", "2009-01-31": "0.57", "2008-10-31": "0.65", "2008-07-31": "0.56", "2008-04-30": "0.47", "2008-01-31": "0.72", "2007-10-31": "0.68", "2007-07-31": "0.73", "2007-04-30": "0.50", "2007-01-31": "0.65", "2006-10-31": "0.87", "2006-07-31": "0.77", "2006-04-30": "0.66", "2006-01-31": "0.78", "2005-10-31": "0.77", "2005-07-31": "0.69", "2005-04-30": "0.75", "2005-01-31": "0.94"}, "debt equity ratio": {"current": "0.81", "2020-10-31": "1.96", "2020-07-31": "2.15", "2020-04-30": "2.39", "2020-01-31": "1.78", "2019-10-31": "1.62", "2019-07-31": "1.76", "2019-04-30": "1.50", "2019-01-31": "1.44", "2018-10-31": "1.29", "2018-07-31": "1.36", "2018-04-30": "1.39", "2018-01-31": "1.45", "2017-10-31": "1.52", "2017-07-31": "1.64", "2017-04-30": "1.60", "2017-01-31": "2.07", "2016-10-31": "1.91", "2016-07-31": "1.70", "2016-04-30": "1.82", "2016-01-31": "2.07", "2015-10-31": "1.70", "2015-07-31": "1.76", "2015-04-30": "1.85", "2015-01-31": "1.67", "2014-10-31": "1.51", "2014-07-31": "1.54", "2014-04-30": "1.60", "2014-01-31": "1.53", "2013-10-31": "1.44", "2013-07-31": "1.67", "2013-04-30": "1.84", "2013-01-31": "1.63", "2012-10-31": "1.42", "2012-07-31": "1.38", "2012-04-30": "1.49", "2012-01-31": "1.42", "2011-10-31": "1.25", "2011-07-31": "1.31", "2011-04-30": "1.49", "2011-01-31": "1.78", "2010-10-31": "1.67", "2010-07-31": "1.98", "2010-04-30": "2.20", "2010-01-31": "2.13", "2009-10-31": "2.30", "2009-07-31": "2.62", "2009-04-30": "3.33", "2009-01-31": "4.05", "2008-10-31": "3.22", "2008-07-31": "2.49", "2008-04-30": "2.74", "2008-01-31": "3.37", "2007-10-31": "3.00", "2007-07-31": "3.46", "2007-04-30": "3.82", "2007-01-31": "1.12", "2006-10-31": "1.23", "2006-07-31": "1.35", "2006-04-30": "1.55", "2006-01-31": "1.62", "2005-10-31": "1.50", "2005-07-31": "1.41", "2005-04-30": "1.60", "2005-01-31": "1.41"}, "return on equity": {"2020-10-31": "-3.78%", "2020-07-31": "-5.79%", "2020-04-30": "-6.66%", "2020-01-31": "12.54%", "2019-10-31": "12.55%", "2019-07-31": "12.49%", "2019-04-30": "14.24%", "2019-01-31": "13.45%", "2018-10-31": "16.42%", "2018-07-31": "18.25%", "2018-04-30": "17.40%", "2018-01-31": "17.51%", "2017-10-31": "16.02%", "2017-07-31": "9.19%", "2017-04-30": "11.37%", "2017-01-31": "9.99%", "2016-10-31": "8.89%", "2016-07-31": "14.02%", "2016-04-30": "13.90%", "2016-01-31": "15.07%", "2015-10-31": "15.48%", "2015-07-31": "16.06%", "2015-04-30": "15.79%", "2015-01-31": "14.41%", "2014-10-31": "15.02%", "2014-07-31": "13.70%", "2014-04-30": "14.55%", "2014-01-31": "12.55%", "2013-10-31": "13.15%", "2013-07-31": "13.82%", "2013-04-30": "13.76%", "2013-01-31": "17.45%", "2012-10-31": "18.34%", "2012-07-31": "19.48%", "2012-04-30": "20.94%", "2012-01-31": "19.26%", "2011-10-31": "18.09%", "2011-07-31": "19.12%", "2011-04-30": "19.69%", "2011-01-31": "21.11%", "2010-10-31": "21.68%", "2010-07-31": "21.77%", "2010-04-30": "20.29%", "2010-01-31": "21.29%", "2009-10-31": "22.72%", "2009-07-31": "23.41%", "2009-04-30": "23.02%", "2009-01-31": "22.17%", "2008-10-31": "21.47%", "2008-07-31": "20.23%", "2008-04-30": "22.96%", "2008-01-31": "21.98%", "2007-10-31": "22.01%", "2007-07-31": "22.49%", "2007-04-30": "20.58%", "2007-01-31": "22.27%", "2006-10-31": "25.43%", "2006-07-31": "25.75%", "2006-04-30": "27.73%", "2006-01-31": "25.31%", "2005-10-31": "22.63%"}, "return on assets": {"2020-10-31": "-1.24%", "2020-07-31": "-1.96%", "2020-04-30": "-2.33%", "2020-01-31": "4.71%", "2019-10-31": "4.87%", "2019-07-31": "5.01%", "2019-04-30": "5.94%", "2019-01-31": "5.68%", "2018-10-31": "6.92%", "2018-07-31": "7.53%", "2018-04-30": "6.98%", "2018-01-31": "6.87%", "2017-10-31": "5.92%", "2017-07-31": "3.28%", "2017-04-30": "4.03%", "2017-01-31": "3.48%", "2016-10-31": "3.10%", "2016-07-31": "4.97%", "2016-04-30": "4.91%", "2016-01-31": "5.31%", "2015-10-31": "5.64%", "2015-07-31": "5.97%", "2015-04-30": "5.99%", "2015-01-31": "5.59%", "2014-10-31": "5.90%", "2014-07-31": "5.42%", "2014-04-30": "5.69%", "2014-01-31": "4.81%", "2013-10-31": "4.98%", "2013-07-31": "5.25%", "2013-04-30": "5.37%", "2013-01-31": "7.03%", "2012-10-31": "7.55%", "2012-07-31": "8.17%", "2012-04-30": "8.85%", "2012-01-31": "8.15%", "2011-10-31": "7.40%", "2011-07-31": "7.50%", "2011-04-30": "7.25%", "2011-01-31": "7.30%", "2010-10-31": "7.28%", "2010-07-31": "6.92%", "2010-04-30": "6.15%", "2010-01-31": "6.03%", "2009-10-31": "5.76%", "2009-07-31": "5.53%", "2009-04-30": "5.53%", "2009-01-31": "5.53%", "2008-10-31": "5.47%", "2008-07-31": "5.21%", "2008-04-30": "5.56%", "2008-01-31": "5.01%", "2007-10-31": "5.65%", "2007-07-31": "6.45%", "2007-04-30": "7.01%", "2007-01-31": "9.69%", "2006-10-31": "10.47%", "2006-07-31": "10.28%", "2006-04-30": "11.00%", "2006-01-31": "9.99%", "2005-10-31": "9.13%"}, "return on investments": {"2020-10-31": "-1.25%", "2020-07-31": "-1.61%", "2020-04-30": "-2.93%", "2020-01-31": "10.50%", "2019-10-31": "10.83%", "2019-07-31": "10.89%", "2019-04-30": "12.97%", "2019-01-31": "12.77%", "2018-10-31": "14.14%", "2018-07-31": "15.84%", "2018-04-30": "14.69%", "2018-01-31": "14.86%", "2017-10-31": "13.34%", "2017-07-31": "10.85%", "2017-04-30": "12.51%", "2017-01-31": "10.55%", "2016-10-31": "9.99%", "2016-07-31": "10.76%", "2016-04-30": "10.58%", "2016-01-31": "11.32%", "2015-10-31": "12.37%", "2015-07-31": "13.09%", "2015-04-30": "13.07%", "2015-01-31": "12.22%", "2014-10-31": "13.07%", "2014-07-31": "11.98%", "2014-04-30": "11.76%", "2014-01-31": "10.15%", "2013-10-31": "10.69%", "2013-07-31": "11.36%", "2013-04-30": "11.75%", "2013-01-31": "15.41%", "2012-10-31": "15.83%", "2012-07-31": "17.13%", "2012-04-30": "19.00%", "2012-01-31": "17.38%", "2011-10-31": "17.04%", "2011-07-31": "17.78%", "2011-04-30": "17.98%", "2011-01-31": "18.44%", "2010-10-31": "18.68%", "2010-07-31": "18.26%", "2010-04-30": "17.55%", "2010-01-31": "17.45%", "2009-10-31": "17.29%", "2009-07-31": "16.92%", "2009-04-30": "15.52%", "2009-01-31": "15.49%", "2008-10-31": "14.89%", "2008-07-31": "13.83%", "2008-04-30": "13.81%", "2008-01-31": "12.85%", "2007-10-31": "14.03%", "2007-07-31": "15.54%", "2007-04-30": "19.11%", "2007-01-31": "24.69%", "2006-10-31": "25.07%", "2006-07-31": "25.69%", "2006-04-30": "25.60%", "2006-01-31": "24.77%", "2005-10-31": "23.54%"}, "return on tangible equity": {"2020-10-31": "3.91%", "2020-07-31": "6.35%", "2020-04-30": "7.83%", "2020-01-31": "-16.47%", "2019-10-31": "-17.22%", "2019-07-31": "-18.40%", "2019-04-30": "-22.86%", "2019-01-31": "-22.42%", "2018-10-31": "-27.97%", "2018-07-31": "-28.49%", "2018-04-30": "-24.65%", "2018-01-31": "-22.86%", "2017-10-31": "-19.91%", "2017-07-31": "-11.13%", "2017-04-30": "-14.16%", "2017-01-31": "-12.71%", "2016-10-31": "-11.36%", "2016-07-31": "-18.38%", "2016-04-30": "-18.19%", "2016-01-31": "-19.61%", "2015-10-31": "-20.36%", "2015-07-31": "-21.44%", "2015-04-30": "-21.36%", "2015-01-31": "-20.78%", "2014-10-31": "-22.83%", "2014-07-31": "-21.23%", "2014-04-30": "-22.12%", "2014-01-31": "-17.66%", "2013-10-31": "-18.00%", "2013-07-31": "-18.83%", "2013-04-30": "-20.42%", "2013-01-31": "-28.22%", "2012-10-31": "-32.41%", "2012-07-31": "-37.32%", "2012-04-30": "-40.06%", "2012-01-31": "-36.33%", "2011-10-31": "-30.88%", "2011-07-31": "-29.27%", "2011-04-30": "-25.88%", "2011-01-31": "-23.88%", "2010-10-31": "-21.76%", "2010-07-31": "-19.34%", "2010-04-30": "-16.19%", "2010-01-31": "-14.93%", "2009-10-31": "-13.39%", "2009-07-31": "-12.33%", "2009-04-30": "-12.25%", "2009-01-31": "-12.31%", "2008-10-31": "-12.40%", "2008-07-31": "-11.73%", "2008-04-30": "-12.09%", "2008-01-31": "-10.42%", "2007-10-31": "-12.88%", "2007-07-31": "-17.35%", "2007-04-30": "-26.83%", "2007-01-31": "-170.94%", "2006-10-31": "-135.85%", "2006-07-31": "-111.70%", "2006-04-30": "-112.12%", "2006-01-31": "-104.39%", "2005-10-31": "-116.98%"}, "dividend yield history": {"last payout": "$1.37", "last yield": "2.74%"}}