{"ticker": "WMB", "price": {"title": "Williams Historical Annual Stock Price Data", "value": 22.09, "historical": {"2021": {"Average Stock Price": "21.6838", "Year Open": "20.1000", "Year High": "22.6900", "Year Low": "20.1000", "Year Close": "22.0900", "Annual % Change": "10.17%"}, "2020": {"Average Stock Price": "19.6572", "Year Open": "23.4900", "Year High": "24.0400", "Year Low": "9.2500", "Year Close": "20.0500", "Annual % Change": "-15.47%"}, "2019": {"Average Stock Price": "25.6542", "Year Open": "22.4200", "Year High": "29.3500", "Year Low": "21.9500", "Year Close": "23.7200", "Annual % Change": "7.57%"}, "2018": {"Average Stock Price": "27.4541", "Year Open": "31.1400", "Year High": "33.2100", "Year Low": "20.5800", "Year Close": "22.0500", "Annual % Change": "-27.68%"}, "2017": {"Average Stock Price": "29.5550", "Year Open": "31.4600", "Year High": "32.4200", "Year Low": "27.0200", "Year Close": "30.4900", "Annual % Change": "-2.09%"}, "2016": {"Average Stock Price": "23.5347", "Year Open": "26.2400", "Year High": "31.7800", "Year Low": "11.1600", "Year Close": "31.1400", "Annual % Change": "21.17%"}, "2015": {"Average Stock Price": "45.6233", "Year Open": "45.2200", "Year High": "60.8600", "Year Low": "21.5400", "Year Close": "25.7000", "Annual % Change": "-42.81%"}, "2014": {"Average Stock Price": "48.9697", "Year Open": "38.2800", "Year High": "59.4400", "Year Low": "38.0300", "Year Close": "44.9400", "Annual % Change": "16.52%"}, "2013": {"Average Stock Price": "35.4848", "Year Open": "34.0300", "Year High": "38.5700", "Year Low": "31.6500", "Year Close": "38.5700", "Annual % Change": "17.81%"}, "2012": {"Average Stock Price": "31.4214", "Year Open": "26.8200", "Year High": "36.7700", "Year Low": "26.8200", "Year Close": "32.7400", "Annual % Change": "-0.85%"}, "2011": {"Average Stock Price": "29.1562", "Year Open": "24.7200", "Year High": "33.1700", "Year Low": "23.3500", "Year Close": "33.0200", "Annual % Change": "33.58%"}, "2010": {"Average Stock Price": "21.3233", "Year Open": "21.6100", "Year High": "24.7500", "Year Low": "17.6700", "Year Close": "24.7200", "Annual % Change": "17.27%"}, "2009": {"Average Stock Price": "16.1785", "Year Open": "15.2300", "Year High": "21.3700", "Year Low": "9.8300", "Year Close": "21.0800", "Annual % Change": "45.58%"}, "2008": {"Average Stock Price": "29.4283", "Year Open": "35.7800", "Year High": "40.3100", "Year Low": "12.1300", "Year Close": "14.4800", "Annual % Change": "-59.53%"}, "2007": {"Average Stock Price": "31.2602", "Year Open": "25.6900", "Year High": "37.1600", "Year Low": "25.3200", "Year Close": "35.7800", "Annual % Change": "36.98%"}, "2006": {"Average Stock Price": "23.4983", "Year Open": "23.9000", "Year High": "27.9500", "Year Low": "19.4100", "Year Close": "26.1200", "Annual % Change": "12.73%"}, "2005": {"Average Stock Price": "19.9729", "Year Open": "15.5300", "Year High": "25.4000", "Year Low": "15.2900", "Year Close": "23.1700", "Annual % Change": "42.23%"}, "2004": {"Average Stock Price": "11.8806", "Year Open": "9.8400", "Year High": "17.1000", "Year Low": "8.7500", "Year Close": "16.2900", "Annual % Change": "65.89%"}, "2003": {"Average Stock Price": "7.1970", "Year Open": "2.8200", "Year High": "10.6200", "Year Low": "2.6000", "Year Close": "9.8200", "Annual % Change": "263.70%"}, "2002": {"Average Stock Price": "10.3566", "Year Open": "25.9700", "Year High": "25.9700", "Year Low": "0.8800", "Year Close": "2.7000", "Annual % Change": "-89.42%"}, "2001": {"Average Stock Price": "34.8476", "Year Open": "37.9400", "Year High": "45.9000", "Year Low": "22.1000", "Year Close": "25.5200", "Annual % Change": "-36.10%"}, "2000": {"Average Stock Price": "41.1687", "Year Open": "31.0000", "Year High": "48.6900", "Year Low": "30.3100", "Year Close": "39.9400", "Annual % Change": "31.08%"}, "1999": {"Average Stock Price": "38.9930", "Year Open": "30.1900", "Year High": "52.3800", "Year Low": "27.9800", "Year Close": "30.4700", "Annual % Change": "-2.31%"}, "1998": {"Average Stock Price": "30.1533", "Year Open": "28.6900", "Year High": "36.8100", "Year Low": "23.0000", "Year Close": "31.1900", "Annual % Change": "9.44%"}, "1997": {"Average Stock Price": "22.9405", "Year Open": "18.1850", "Year High": "28.5000", "Year Low": "18.1850", "Year Close": "28.5000", "Annual % Change": "52.00%"}, "1996": {"Average Stock Price": "16.7005", "Year Open": "14.7500", "Year High": "19.1667", "Year Low": "14.2500", "Year Close": "18.7500", "Annual % Change": "28.22%"}, "1995": {"Average Stock Price": "11.6002", "Year Open": "8.4167", "Year High": "14.8333", "Year Low": "8.2933", "Year Close": "14.6233", "Annual % Change": "74.64%"}, "1994": {"Average Stock Price": "9.2527", "Year Open": "8.0000", "Year High": "10.9600", "Year Low": "7.3767", "Year Close": "8.3733", "Annual % Change": "3.08%"}, "1993": {"Average Stock Price": "8.5861", "Year Open": "6.4167", "Year High": "10.5200", "Year Low": "6.0417", "Year Close": "8.1233", "Annual % Change": "24.18%"}, "1992": {"Average Stock Price": "5.7748", "Year Open": "6.2500", "Year High": "6.7500", "Year Low": "4.7083", "Year Close": "6.5417", "Annual % Change": "2.29%"}, "1991": {"Average Stock Price": "5.4911", "Year Open": "4.3550", "Year High": "6.5217", "Year Low": "4.2700", "Year Close": "6.3950", "Annual % Change": "48.32%"}, "1990": {"Average Stock Price": "4.9886", "Year Open": "6.6250", "Year High": "6.7717", "Year Low": "3.8550", "Year Close": "4.3117", "Annual % Change": "-33.03%"}, "1989": {"Average Stock Price": "6.0702", "Year Open": "4.9800", "Year High": "7.4167", "Year Low": "4.9800", "Year Close": "6.4383", "Annual % Change": "26.66%"}, "1988": {"Average Stock Price": "4.9767", "Year Open": "4.1250", "Year High": "6.0833", "Year Low": "3.8550", "Year Close": "5.0833", "Annual % Change": "30.51%"}, "1987": {"Average Stock Price": "5.0829", "Year Open": "3.9783", "Year High": "6.2917", "Year Low": "3.4383", "Year Close": "3.8950", "Annual % Change": "0.52%"}, "1986": {"Average Stock Price": "3.7702", "Year Open": "4.8750", "Year High": "4.8750", "Year Low": "2.9583", "Year Close": "3.8750", "Annual % Change": "-21.85%"}, "1985": {"Average Stock Price": "4.8574", "Year Open": "4.9167", "Year High": "5.4783", "Year Low": "4.4383", "Year Close": "4.9583", "Annual % Change": "0.00%"}, "1984": {"Average Stock Price": "4.6246", "Year Open": "4.5617", "Year High": "5.2500", "Year Low": "3.8333", "Year Close": "4.9583", "Annual % Change": "7.71%"}, "1983": {"Average Stock Price": "4.0691", "Year Open": "2.7917", "Year High": "5.0217", "Year Low": "2.7917", "Year Close": "4.6033", "Annual % Change": "62.47%"}, "1982": {"Average Stock Price": "3.0892", "Year Open": "4.5833", "Year High": "4.8950", "Year Low": "2.1867", "Year Close": "2.8333", "Annual % Change": "-37.89%"}}}, "market cap": {"value": "$26.81B"}, "income statement": {"Revenue": {"2019-12-31": "8201.00000", "2018-12-31": "8686.00000", "2017-12-31": "8031.00000", "2016-12-31": "7499.00000", "2015-12-31": "7360.00000", "2014-12-31": "7637.00000", "2013-12-31": "6860.00000", "2012-12-31": "7486.00000", "2011-12-31": "7930.00000", "2010-12-31": "6638.00000", "2009-12-31": "5278.00000", "2008-12-31": "11890.00000", "2007-12-31": "10239.00000", "2006-12-31": "9299.00000", "2005-12-31": "9781.00000"}, "Cost Of Goods Sold": {"2019-12-31": "1961.00000", "2018-12-31": "2707.00000", "2017-12-31": "2300.00000", "2016-12-31": "1725.00000", "2015-12-31": "1779.00000", "2014-12-31": "3016.00000", "2013-12-31": "3027.00000", "2012-12-31": "3496.00000", "2011-12-31": "3934.00000", "2010-12-31": "3260.00000", "2009-12-31": "", "2008-12-31": "", "2007-12-31": "", "2006-12-31": "", "2005-12-31": ""}, "Gross Profit": {"2019-12-31": "6240.00000", "2018-12-31": "5979.00000", "2017-12-31": "5731.00000", "2016-12-31": "5774.00000", "2015-12-31": "5581.00000", "2014-12-31": "4621.00000", "2013-12-31": "3833.00000", "2012-12-31": "3990.00000", "2011-12-31": "3996.00000", "2010-12-31": "3378.00000", "2009-12-31": "5278.00000", "2008-12-31": "11890.00000", "2007-12-31": "10239.00000", "2006-12-31": "9299.00000", "2005-12-31": "9781.00000"}, "Research And Development Expenses": {"2019-12-31": "", "2018-12-31": "", "2017-12-31": "", "2016-12-31": "", "2015-12-31": "", "2014-12-31": "", "2013-12-31": "", "2012-12-31": "", "2011-12-31": "", "2010-12-31": "", "2009-12-31": "", "2008-12-31": "", "2007-12-31": "", "2006-12-31": "", "2005-12-31": ""}, "SG&A Expenses": {"2019-12-31": "2026.00000", "2018-12-31": "2076.00000", "2017-12-31": "2170.00000", "2016-12-31": "2314.00000", "2015-12-31": "2396.00000", "2014-12-31": "2153.00000", "2013-12-31": "1609.00000", "2012-12-31": "1598.00000", "2011-12-31": "1467.00000", "2010-12-31": "1374.00000", "2009-12-31": "4206.00000", "2008-12-31": "9429.00000", "2007-12-31": "8454.00000", "2006-12-31": "8010.00000", "2005-12-31": "8307.00000"}, "Other Operating Income Or Expenses": {"2019-12-31": "-579.00000", "2018-12-31": "-1410.00000", "2017-12-31": "-898.00000", "2016-12-31": "-1008.00000", "2015-12-31": "-123.00000", "2014-12-31": "277.00000", "2013-12-31": "-34.00000", "2012-12-31": "-24.00000", "2011-12-31": "-1.00000", "2010-12-31": "15.00000", "2009-12-31": "34.00000", "2008-12-31": "72.00000", "2007-12-31": "2.00000", "2006-12-31": "-201.00000", "2005-12-31": "-66.00000"}, "Operating Expenses": {"2019-12-31": "6280.00000", "2018-12-31": "7918.00000", "2017-12-31": "7104.00000", "2016-12-31": "6810.00000", "2015-12-31": "7134.00000", "2014-12-31": "6068.00000", "2013-12-31": "5485.00000", "2012-12-31": "5874.00000", "2011-12-31": "6063.00000", "2010-12-31": "5231.00000", "2009-12-31": "4172.00000", "2008-12-31": "9357.00000", "2007-12-31": "8452.00000", "2006-12-31": "8211.00000", "2005-12-31": "8373.00000"}, "Operating Income": {"2019-12-31": "1921.00000", "2018-12-31": "768.00000", "2017-12-31": "927.00000", "2016-12-31": "689.00000", "2015-12-31": "226.00000", "2014-12-31": "1569.00000", "2013-12-31": "1375.00000", "2012-12-31": "1612.00000", "2011-12-31": "1867.00000", "2010-12-31": "1407.00000", "2009-12-31": "1106.00000", "2008-12-31": "2533.00000", "2007-12-31": "1787.00000", "2006-12-31": "1088.00000", "2005-12-31": "1408.00000"}, "Total Non-Operating Income/Expense": {"2019-12-31": "-857.00000", "2018-12-31": "-437.00000", "2017-12-31": "-392.00000", "2016-12-31": "-1064.00000", "2015-12-31": "-1939.00000", "2014-12-31": "2015.00000", "2013-12-31": "-295.00000", "2012-12-31": "-323.00000", "2011-12-31": "-665.00000", "2010-12-31": "-1022.00000", "2009-12-31": "-556.00000", "2008-12-31": "-389.00000", "2007-12-31": "-387.00000", "2006-12-31": "-530.00000", "2005-12-31": "-634.00000"}, "Pre-Tax Income": {"2019-12-31": "1064.00000", "2018-12-31": "331.00000", "2017-12-31": "535.00000", "2016-12-31": "-375.00000", "2015-12-31": "-1713.00000", "2014-12-31": "3584.00000", "2013-12-31": "1080.00000", "2012-12-31": "1289.00000", "2011-12-31": "1202.00000", "2010-12-31": "385.00000", "2009-12-31": "550.00000", "2008-12-31": "2144.00000", "2007-12-31": "1400.00000", "2006-12-31": "558.00000", "2005-12-31": "774.00000"}, "Income Taxes": {"2019-12-31": "335.00000", "2018-12-31": "138.00000", "2017-12-31": "-1974.00000", "2016-12-31": "-25.00000", "2015-12-31": "-399.00000", "2014-12-31": "1249.00000", "2013-12-31": "401.00000", "2012-12-31": "360.00000", "2011-12-31": "124.00000", "2010-12-31": "114.00000", "2009-12-31": "204.00000", "2008-12-31": "677.00000", "2007-12-31": "490.00000", "2006-12-31": "211.00000", "2005-12-31": "301.00000"}, "Income After Taxes": {"2019-12-31": "729.00000", "2018-12-31": "193.00000", "2017-12-31": "2509.00000", "2016-12-31": "-350.00000", "2015-12-31": "-1314.00000", "2014-12-31": "2335.00000", "2013-12-31": "679.00000", "2012-12-31": "929.00000", "2011-12-31": "1078.00000", "2010-12-31": "271.00000", "2009-12-31": "346.00000", "2008-12-31": "1467.00000", "2007-12-31": "910.00000", "2006-12-31": "347.00000", "2005-12-31": "473.00000"}, "Other Income": {"2019-12-31": "", "2018-12-31": "", "2017-12-31": "", "2016-12-31": "", "2015-12-31": "", "2014-12-31": "", "2013-12-31": "", "2012-12-31": "", "2011-12-31": "", "2010-12-31": "", "2009-12-31": "", "2008-12-31": "", "2007-12-31": "", "2006-12-31": "", "2005-12-31": ""}, "Income From Continuous Operations": {"2019-12-31": "729.00000", "2018-12-31": "193.00000", "2017-12-31": "2509.00000", "2016-12-31": "-350.00000", "2015-12-31": "-1314.00000", "2014-12-31": "2335.00000", "2013-12-31": "679.00000", "2012-12-31": "929.00000", "2011-12-31": "1078.00000", "2010-12-31": "271.00000", "2009-12-31": "346.00000", "2008-12-31": "1467.00000", "2007-12-31": "910.00000", "2006-12-31": "347.00000", "2005-12-31": "473.00000"}, "Income From Discontinued Operations": {"2019-12-31": "-15.00000", "2018-12-31": "", "2017-12-31": "", "2016-12-31": "", "2015-12-31": "", "2014-12-31": "4.00000", "2013-12-31": "-11.00000", "2012-12-31": "136.00000", "2011-12-31": "-417.00000", "2010-12-31": "-1193.00000", "2009-12-31": "15.00000", "2008-12-31": "125.00000", "2007-12-31": "170.00000", "2006-12-31": "-38.00000", "2005-12-31": "-157.00000"}, "Net Income": {"2019-12-31": "847.00000", "2018-12-31": "-156.00000", "2017-12-31": "2174.00000", "2016-12-31": "-424.00000", "2015-12-31": "-571.00000", "2014-12-31": "2114.00000", "2013-12-31": "430.00000", "2012-12-31": "859.00000", "2011-12-31": "376.00000", "2010-12-31": "-1097.00000", "2009-12-31": "285.00000", "2008-12-31": "1418.00000", "2007-12-31": "990.00000", "2006-12-31": "309.00000", "2005-12-31": "314.00000"}, "EBITDA": {"2019-12-31": "3692.00000", "2018-12-31": "2548.00000", "2017-12-31": "2741.00000", "2016-12-31": "2525.00000", "2015-12-31": "3062.00000", "2014-12-31": "2798.00000", "2013-12-31": "2190.00000", "2012-12-31": "2404.00000", "2011-12-31": "3533.00000", "2010-12-31": "2962.00000", "2009-12-31": "2618.00000", "2008-12-31": "3874.00000", "2007-12-31": "2440.00000", "2006-12-31": "1998.00000", "2005-12-31": "2148.00000"}, "EBIT": {"2019-12-31": "1921.00000", "2018-12-31": "768.00000", "2017-12-31": "927.00000", "2016-12-31": "689.00000", "2015-12-31": "226.00000", "2014-12-31": "1569.00000", "2013-12-31": "1375.00000", "2012-12-31": "1612.00000", "2011-12-31": "1867.00000", "2010-12-31": "1407.00000", "2009-12-31": "1106.00000", "2008-12-31": "2533.00000", "2007-12-31": "1787.00000", "2006-12-31": "1088.00000", "2005-12-31": "1408.00000"}, "Basic Shares Outstanding": {"2019-12-31": "1212.03700", "2018-12-31": "973.62600", "2017-12-31": "826.17700", "2016-12-31": "750.67300", "2015-12-31": "749.27100", "2014-12-31": "719.32500", "2013-12-31": "682.94800", "2012-12-31": "619.79200", "2011-12-31": "588.55300", "2010-12-31": "584.55200", "2009-12-31": "581.67400", "2008-12-31": "581.34200", "2007-12-31": "596.17400", "2006-12-31": "595.05300", "2005-12-31": "570.42000"}, "Shares Outstanding": {"2019-12-31": "1214.01100", "2018-12-31": "973.62600", "2017-12-31": "828.51800", "2016-12-31": "750.67300", "2015-12-31": "749.27100", "2014-12-31": "723.64100", "2013-12-31": "687.18500", "2012-12-31": "625.48600", "2011-12-31": "598.17500", "2010-12-31": "590.69900", "2009-12-31": "585.95500", "2008-12-31": "592.71900", "2007-12-31": "609.86600", "2006-12-31": "608.62700", "2005-12-31": "605.84700"}, "Basic EPS": {"2019-12-31": "0.70000", "2018-12-31": "-0.16000", "2017-12-31": "2.63000", "2016-12-31": "-0.57000", "2015-12-31": "-0.76000", "2014-12-31": "2.94000", "2013-12-31": "0.63000", "2012-12-31": "1.39000", "2011-12-31": "0.64000", "2010-12-31": "-1.88000", "2009-12-31": "0.49000", "2008-12-31": "2.44000", "2007-12-31": "1.66000", "2006-12-31": "0.52000", "2005-12-31": "0.55000"}, "EPS - Earnings Per Share": {"2019-12-31": "0.70000", "2018-12-31": "-0.16000", "2017-12-31": "2.62000", "2016-12-31": "-0.57000", "2015-12-31": "-0.76000", "2014-12-31": "2.92000", "2013-12-31": "0.62000", "2012-12-31": "1.37000", "2011-12-31": "0.63000", "2010-12-31": "-3.72000", "2009-12-31": "0.49000", "2008-12-31": "2.40000", "2007-12-31": "1.63000", "2006-12-31": "0.51000", "2005-12-31": "0.53000"}}, "income statement, quarterly": {"Revenue": {"2020-09-30": "1933.00000", "2020-06-30": "1781.00000", "2020-03-31": "1913.00000", "2019-12-31": "2107.00000", "2019-09-30": "1999.00000", "2019-06-30": "2041.00000", "2019-03-31": "2054.00000", "2018-12-31": "2204.00000", "2018-09-30": "2303.00000", "2018-06-30": "2091.00000", "2018-03-31": "2088.00000", "2017-12-31": "2228.00000", "2017-09-30": "1891.00000", "2017-06-30": "1924.00000", "2017-03-31": "1988.00000", "2016-12-31": "2198.00000", "2016-09-30": "1905.00000", "2016-06-30": "1736.00000", "2016-03-31": "1660.00000", "2015-12-31": "2006.00000", "2015-09-30": "1799.00000", "2015-06-30": "1839.00000", "2015-03-31": "1716.00000", "2014-12-31": "2141.00000", "2014-09-30": "2069.00000", "2014-06-30": "1678.00000", "2014-03-31": "1749.00000", "2013-12-31": "1660.00000", "2013-09-30": "1623.00000", "2013-06-30": "1767.00000", "2013-03-31": "1810.00000", "2012-12-31": "1869.00000", "2012-09-30": "1752.00000", "2012-06-30": "1846.00000", "2012-03-31": "2019.00000", "2011-12-31": "2103.00000", "2011-09-30": "1972.00000", "2011-06-30": "1984.00000", "2011-03-31": "1871.00000", "2010-12-31": "1741.00000", "2010-09-30": "2300.00000", "2010-06-30": "2289.00000", "2010-03-31": "2591.00000", "2009-12-31": "2326.00000", "2009-09-30": "2098.00000", "2009-06-30": "1909.00000", "2009-03-31": "1922.00000", "2008-12-31": "2084.00000", "2008-09-30": "3201.00000", "2008-06-30": "3657.00000", "2008-03-31": "3204.00000", "2007-12-31": "2187.00000", "2007-09-30": "2860.00000", "2007-06-30": "2824.00000", "2007-03-31": "2368.00000", "2006-12-31": "1539.80000", "2006-09-30": "2511.80000", "2006-06-30": "2219.90000", "2006-03-31": "3027.50000", "2005-12-31": "873.50020", "2005-09-30": "3082.30000", "2005-06-30": "2871.20000", "2005-03-31": "2954.00000"}, "Cost Of Goods Sold": {"2020-09-30": "380.00000", "2020-06-30": "271.00000", "2020-03-31": "396.00000", "2019-12-31": "519.00000", "2019-09-30": "434.00000", "2019-06-30": "483.00000", "2019-03-31": "525.00000", "2018-12-31": "668.00000", "2018-09-30": "790.00000", "2018-06-30": "636.00000", "2018-03-31": "613.00000", "2017-12-31": "680.00000", "2017-09-30": "504.00000", "2017-06-30": "537.00000", "2017-03-31": "579.00000", "2016-12-31": "545.00000", "2016-09-30": "461.00000", "2016-06-30": "401.00000", "2016-03-31": "318.00000", "2015-12-31": "397.00000", "2015-09-30": "426.00000", "2015-06-30": "494.00000", "2015-03-31": "462.00000", "2014-12-31": "716.00000", "2014-09-30": "807.00000", "2014-06-30": "724.00000", "2014-03-31": "769.00000", "2013-12-31": "726.00000", "2013-09-30": "710.00000", "2013-06-30": "801.00000", "2013-03-31": "790.00000", "2012-12-31": "868.00000", "2012-09-30": "771.00000", "2012-06-30": "900.00000", "2012-03-31": "957.00000", "2011-12-31": "", "2011-09-30": "", "2011-06-30": "", "2011-03-31": "", "2010-12-31": "", "2010-09-30": "", "2010-06-30": "", "2010-03-31": "", "2009-12-31": "", "2009-09-30": "", "2009-06-30": "", "2009-03-31": "", "2008-12-31": "", "2008-09-30": "", "2008-06-30": "", "2008-03-31": "", "2007-12-31": "", "2007-09-30": "", "2007-06-30": "", "2007-03-31": "", "2006-12-31": "", "2006-09-30": "", "2006-06-30": "", "2006-03-31": "", "2005-12-31": "", "2005-09-30": "", "2005-06-30": "", "2005-03-31": ""}, "Gross Profit": {"2020-09-30": "1553.00000", "2020-06-30": "1510.00000", "2020-03-31": "1517.00000", "2019-12-31": "1588.00000", "2019-09-30": "1565.00000", "2019-06-30": "1558.00000", "2019-03-31": "1529.00000", "2018-12-31": "1536.00000", "2018-09-30": "1513.00000", "2018-06-30": "1455.00000", "2018-03-31": "1475.00000", "2017-12-31": "1548.00000", "2017-09-30": "1387.00000", "2017-06-30": "1387.00000", "2017-03-31": "1409.00000", "2016-12-31": "1653.00000", "2016-09-30": "1444.00000", "2016-06-30": "1335.00000", "2016-03-31": "1342.00000", "2015-12-31": "1609.00000", "2015-09-30": "1373.00000", "2015-06-30": "1345.00000", "2015-03-31": "1254.00000", "2014-12-31": "1425.00000", "2014-09-30": "1262.00000", "2014-06-30": "954.00000", "2014-03-31": "980.00000", "2013-12-31": "934.00000", "2013-09-30": "913.00000", "2013-06-30": "966.00000", "2013-03-31": "1020.00000", "2012-12-31": "1001.00000", "2012-09-30": "981.00000", "2012-06-30": "946.00000", "2012-03-31": "1062.00000", "2011-12-31": "2103.00000", "2011-09-30": "1972.00000", "2011-06-30": "1984.00000", "2011-03-31": "1871.00000", "2010-12-31": "1741.00000", "2010-09-30": "2300.00000", "2010-06-30": "2289.00000", "2010-03-31": "2591.00000", "2009-12-31": "2326.00000", "2009-09-30": "2098.00000", "2009-06-30": "1909.00000", "2009-03-31": "1922.00000", "2008-12-31": "2084.00000", "2008-09-30": "3201.00000", "2008-06-30": "3657.00000", "2008-03-31": "3204.00000", "2007-12-31": "2187.00000", "2007-09-30": "2860.00000", "2007-06-30": "2824.00000", "2007-03-31": "2368.00000", "2006-12-31": "1539.80000", "2006-09-30": "2511.80000", "2006-06-30": "2219.90000", "2006-03-31": "3027.50000", "2005-12-31": "873.50020", "2005-09-30": "3082.30000", "2005-06-30": "2871.20000", "2005-03-31": "2954.00000"}, "Research And Development Expenses": {"2020-09-30": "", "2020-06-30": "", "2020-03-31": "", "2019-12-31": "", "2019-09-30": "", "2019-06-30": "", "2019-03-31": "", "2018-12-31": "", "2018-09-30": "", "2018-06-30": "", "2018-03-31": "", "2017-12-31": "", "2017-09-30": "", "2017-06-30": "", "2017-03-31": "", "2016-12-31": "", "2016-09-30": "", "2016-06-30": "", "2016-03-31": "", "2015-12-31": "", "2015-09-30": "", "2015-06-30": "", "2015-03-31": "", "2014-12-31": "", "2014-09-30": "", "2014-06-30": "", "2014-03-31": "", "2013-12-31": "", "2013-09-30": "", "2013-06-30": "", "2013-03-31": "", "2012-12-31": "", "2012-09-30": "", "2012-06-30": "", "2012-03-31": "", "2011-12-31": "", "2011-09-30": "", "2011-06-30": "", "2011-03-31": "", "2010-12-31": "", "2010-09-30": "", "2010-06-30": "", "2010-03-31": "", "2009-12-31": "", "2009-09-30": "", "2009-06-30": "", "2009-03-31": "", "2008-12-31": "", "2008-09-30": "", "2008-06-30": "", "2008-03-31": "", "2007-12-31": "", "2007-09-30": "", "2007-06-30": "", "2007-03-31": "", "2006-12-31": "", "2006-09-30": "", "2006-06-30": "", "2006-03-31": "", "2005-12-31": "", "2005-09-30": "", "2005-06-30": "", "2005-03-31": ""}, "SG&A Expenses": {"2020-09-30": "450.00000", "2020-06-30": "447.00000", "2020-03-31": "450.00000", "2019-12-31": "525.00000", "2019-09-30": "494.00000", "2019-06-30": "539.00000", "2019-03-31": "468.00000", "2018-12-31": "506.00000", "2018-09-30": "563.00000", "2018-06-30": "518.00000", "2018-03-31": "489.00000", "2017-12-31": "552.00000", "2017-09-30": "541.00000", "2017-06-30": "545.00000", "2017-03-31": "532.00000", "2016-12-31": "579.00000", "2016-09-30": "571.00000", "2016-06-30": "552.00000", "2016-03-31": "612.00000", "2015-12-31": "622.00000", "2015-09-30": "580.00000", "2015-06-30": "611.00000", "2015-03-31": "583.00000", "2014-12-31": "678.00000", "2014-09-30": "583.00000", "2014-06-30": "444.00000", "2014-03-31": "448.00000", "2013-12-31": "404.00000", "2013-09-30": "399.00000", "2013-06-30": "414.00000", "2013-03-31": "392.00000", "2012-12-31": "417.00000", "2012-09-30": "398.00000", "2012-06-30": "424.00000", "2012-03-31": "359.00000", "2011-12-31": "-3007.00000", "2011-09-30": "1515.00000", "2011-06-30": "1521.00000", "2011-03-31": "1438.00000", "2010-12-31": "1347.00000", "2010-09-30": "1913.00000", "2010-06-30": "1885.00000", "2010-03-31": "2113.00000", "2009-12-31": "1886.00000", "2009-09-30": "1703.00000", "2009-06-30": "1559.00000", "2009-03-31": "1609.00000", "2008-12-31": "1778.00000", "2008-09-30": "2511.00000", "2008-06-30": "2870.00000", "2008-03-31": "2507.00000", "2007-12-31": "1776.00000", "2007-09-30": "2369.00000", "2007-06-30": "2324.00000", "2007-03-31": "1985.00000", "2006-12-31": "1224.60000", "2006-09-30": "2187.60000", "2006-06-30": "1906.30000", "2006-03-31": "2691.50000", "2005-12-31": "265.79970", "2005-09-30": "2959.60000", "2005-06-30": "2589.80000", "2005-03-31": "2491.80000"}, "Other Operating Income Or Expenses": {"2020-09-30": "-36.00000", "2020-06-30": "-21.00000", "2020-03-31": "-20.00000", "2019-12-31": "-390.00000", "2019-09-30": "-8.00000", "2019-06-30": "-97.00000", "2019-03-31": "-84.00000", "2018-12-31": "-1229.00000", "2018-09-30": "-24.00000", "2018-06-30": "-93.00000", "2018-03-31": "-64.00000", "2017-12-31": "-723.00000", "2017-09-30": "-139.00000", "2017-06-30": "-31.00000", "2017-03-31": "-5.00000", "2016-12-31": "-67.00000", "2016-09-30": "-93.00000", "2016-06-30": "-825.00000", "2016-03-31": "-23.00000", "2015-12-31": "-187.00000", "2015-09-30": "-5.00000", "2015-06-30": "86.00000", "2015-03-31": "-17.00000", "2014-12-31": "163.00000", "2014-09-30": "-3.00000", "2014-06-30": "15.00000", "2014-03-31": "102.00000", "2013-12-31": "-58.00000", "2013-09-30": "29.00000", "2013-06-30": "-4.00000", "2013-03-31": "-1.00000", "2012-12-31": "7.00000", "2012-09-30": "-14.00000", "2012-06-30": "-9.00000", "2012-03-31": "-8.00000", "2011-12-31": "-4.00000", "2011-09-30": "", "2011-06-30": "-3.00000", "2011-03-31": "6.00000", "2010-12-31": "-11.00000", "2010-09-30": "-1677.00000", "2010-06-30": "12.00000", "2010-03-31": "1.00000", "2009-12-31": "16.00000", "2009-09-30": "-1.00000", "2009-06-30": "1.00000", "2009-03-31": "-33.00000", "2008-12-31": "-73.00000", "2008-09-30": "-1.00000", "2008-06-30": "32.00000", "2008-03-31": "118.00000", "2007-12-31": "-36.00000", "2007-09-30": "2.00000", "2007-06-30": "18.00000", "2007-03-31": "18.00000", "2006-12-31": "-0.60000", "2006-09-30": "3.90000", "2006-06-30": "-226.60000", "2006-03-31": "22.30000", "2005-12-31": "-67.30000", "2005-09-30": "21.40000", "2005-06-30": "-21.90000", "2005-03-31": "1.80000"}, "Operating Expenses": {"2020-09-30": "1292.00000", "2020-06-30": "1169.00000", "2020-03-31": "1482.00000", "2019-12-31": "1873.00000", "2019-09-30": "1371.00000", "2019-06-30": "1543.00000", "2019-03-31": "1493.00000", "2018-12-31": "2838.00000", "2018-09-30": "1802.00000", "2018-06-30": "1681.00000", "2018-03-31": "1597.00000", "2017-12-31": "2383.00000", "2017-09-30": "1617.00000", "2017-06-30": "1546.00000", "2017-03-31": "1558.00000", "2016-12-31": "1628.00000", "2016-09-30": "1560.00000", "2016-06-30": "2224.00000", "2016-03-31": "1398.00000", "2015-12-31": "2755.00000", "2015-09-30": "1443.00000", "2015-06-30": "1447.00000", "2015-03-31": "1489.00000", "2014-12-31": "1610.00000", "2014-09-30": "1762.00000", "2014-06-30": "1367.00000", "2014-03-31": "1329.00000", "2013-12-31": "1397.00000", "2013-09-30": "1287.00000", "2013-06-30": "1417.00000", "2013-03-31": "1384.00000", "2012-12-31": "1489.00000", "2012-09-30": "1379.00000", "2012-06-30": "1514.00000", "2012-03-31": "1492.00000", "2011-12-31": "1592.00000", "2011-09-30": "1515.00000", "2011-06-30": "1524.00000", "2011-03-31": "1432.00000", "2010-12-31": "1358.00000", "2010-09-30": "3590.00000", "2010-06-30": "1873.00000", "2010-03-31": "2112.00000", "2009-12-31": "1870.00000", "2009-09-30": "1704.00000", "2009-06-30": "1558.00000", "2009-03-31": "1642.00000", "2008-12-31": "1851.00000", "2008-09-30": "2512.00000", "2008-06-30": "2838.00000", "2008-03-31": "2389.00000", "2007-12-31": "1812.00000", "2007-09-30": "2367.00000", "2007-06-30": "2306.00000", "2007-03-31": "1967.00000", "2006-12-31": "1225.20000", "2006-09-30": "2183.70000", "2006-06-30": "2132.90000", "2006-03-31": "2669.20000", "2005-12-31": "333.09990", "2005-09-30": "2938.20000", "2005-06-30": "2611.70000", "2005-03-31": "2490.00000"}, "Operating Income": {"2020-09-30": "641.00000", "2020-06-30": "612.00000", "2020-03-31": "431.00000", "2019-12-31": "234.00000", "2019-09-30": "628.00000", "2019-06-30": "498.00000", "2019-03-31": "561.00000", "2018-12-31": "-634.00000", "2018-09-30": "501.00000", "2018-06-30": "410.00000", "2018-03-31": "491.00000", "2017-12-31": "-155.00000", "2017-09-30": "274.00000", "2017-06-30": "378.00000", "2017-03-31": "430.00000", "2016-12-31": "570.00000", "2016-09-30": "345.00000", "2016-06-30": "-488.00000", "2016-03-31": "262.00000", "2015-12-31": "-749.00000", "2015-09-30": "356.00000", "2015-06-30": "392.00000", "2015-03-31": "227.00000", "2014-12-31": "531.00000", "2014-09-30": "307.00000", "2014-06-30": "311.00000", "2014-03-31": "420.00000", "2013-12-31": "263.00000", "2013-09-30": "336.00000", "2013-06-30": "350.00000", "2013-03-31": "426.00000", "2012-12-31": "380.00000", "2012-09-30": "373.00000", "2012-06-30": "332.00000", "2012-03-31": "527.00000", "2011-12-31": "511.00000", "2011-09-30": "457.00000", "2011-06-30": "460.00000", "2011-03-31": "439.00000", "2010-12-31": "383.00000", "2010-09-30": "-1290.00000", "2010-06-30": "416.00000", "2010-03-31": "479.00000", "2009-12-31": "456.00000", "2009-09-30": "394.00000", "2009-06-30": "351.00000", "2009-03-31": "280.00000", "2008-12-31": "233.00000", "2008-09-30": "689.00000", "2008-06-30": "819.00000", "2008-03-31": "815.00000", "2007-12-31": "375.00000", "2007-09-30": "493.00000", "2007-06-30": "518.00000", "2007-03-31": "401.00000", "2006-12-31": "314.60060", "2006-09-30": "328.09990", "2006-06-30": "86.99980", "2006-03-31": "358.30000", "2005-12-31": "540.40040", "2005-09-30": "144.10010", "2005-06-30": "259.50000", "2005-03-31": "464.00000"}, "Total Non-Operating Income/Expense": {"2020-09-30": "-207.00000", "2020-06-30": "-180.00000", "2020-03-31": "-1205.00000", "2019-12-31": "-194.00000", "2019-09-30": "-309.00000", "2019-06-30": "-76.00000", "2019-03-31": "-278.00000", "2018-12-31": "-71.00000", "2018-09-30": "-111.00000", "2018-06-30": "-89.00000", "2018-03-31": "-166.00000", "2017-12-31": "-323.00000", "2017-09-30": "-125.00000", "2017-06-30": "-120.00000", "2017-03-31": "176.00000", "2016-12-31": "-484.00000", "2016-09-30": "-145.00000", "2016-06-30": "-162.00000", "2016-03-31": "-273.00000", "2015-12-31": "-1035.00000", "2015-09-30": "-594.00000", "2015-06-30": "-126.00000", "2015-03-31": "-184.00000", "2014-12-31": "-107.00000", "2014-09-30": "2399.00000", "2014-06-30": "-104.00000", "2014-03-31": "-173.00000", "2013-12-31": "-72.00000", "2013-09-30": "-76.00000", "2013-06-30": "-48.00000", "2013-03-31": "-99.00000", "2012-12-31": "-97.00000", "2012-09-30": "-96.00000", "2012-06-30": "-95.00000", "2012-03-31": "-35.00000", "2011-12-31": "-349.00000", "2011-09-30": "-103.00000", "2011-06-30": "-112.00000", "2011-03-31": "-101.00000", "2010-12-31": "-110.00000", "2010-09-30": "-81.00000", "2010-06-30": "-87.00000", "2010-03-31": "-721.00000", "2009-12-31": "-98.00000", "2009-09-30": "-115.00000", "2009-06-30": "-120.00000", "2009-03-31": "-205.00000", "2008-12-31": "-126.00000", "2008-09-30": "-79.00000", "2008-06-30": "-91.00000", "2008-03-31": "-97.00000", "2007-12-31": "-33.00000", "2007-09-30": "-105.00000", "2007-06-30": "-122.00000", "2007-03-31": "-127.00000", "2006-12-31": "-135.00000", "2006-09-30": "-114.60000", "2006-06-30": "-141.50000", "2006-03-31": "-138.90000", "2005-12-31": "-183.60000", "2005-09-30": "-141.00000", "2005-06-30": "-177.10000", "2005-03-31": "-132.30000"}, "Pre-Tax Income": {"2020-09-30": "434.00000", "2020-06-30": "432.00000", "2020-03-31": "-774.00000", "2019-12-31": "40.00000", "2019-09-30": "319.00000", "2019-06-30": "422.00000", "2019-03-31": "283.00000", "2018-12-31": "-705.00000", "2018-09-30": "390.00000", "2018-06-30": "321.00000", "2018-03-31": "325.00000", "2017-12-31": "-478.00000", "2017-09-30": "149.00000", "2017-06-30": "258.00000", "2017-03-31": "606.00000", "2016-12-31": "86.00000", "2016-09-30": "200.00000", "2016-06-30": "-650.00000", "2016-03-31": "-11.00000", "2015-12-31": "-1784.00000", "2015-09-30": "-238.00000", "2015-06-30": "266.00000", "2015-03-31": "43.00000", "2014-12-31": "424.00000", "2014-09-30": "2706.00000", "2014-06-30": "207.00000", "2014-03-31": "247.00000", "2013-12-31": "191.00000", "2013-09-30": "260.00000", "2013-06-30": "302.00000", "2013-03-31": "327.00000", "2012-12-31": "283.00000", "2012-09-30": "277.00000", "2012-06-30": "237.00000", "2012-03-31": "492.00000", "2011-12-31": "162.00000", "2011-09-30": "354.00000", "2011-06-30": "348.00000", "2011-03-31": "338.00000", "2010-12-31": "273.00000", "2010-09-30": "-1371.00000", "2010-06-30": "329.00000", "2010-03-31": "-242.00000", "2009-12-31": "358.00000", "2009-09-30": "279.00000", "2009-06-30": "231.00000", "2009-03-31": "75.00000", "2008-12-31": "107.00000", "2008-09-30": "610.00000", "2008-06-30": "728.00000", "2008-03-31": "718.00000", "2007-12-31": "342.00000", "2007-09-30": "388.00000", "2007-06-30": "396.00000", "2007-03-31": "274.00000", "2006-12-31": "179.60000", "2006-09-30": "213.50000", "2006-06-30": "-54.50000", "2006-03-31": "219.40000", "2005-12-31": "356.80000", "2005-09-30": "3.10000", "2005-06-30": "82.40000", "2005-03-31": "331.70000"}, "Income Taxes": {"2020-09-30": "111.00000", "2020-06-30": "117.00000", "2020-03-31": "-204.00000", "2019-12-31": "91.00000", "2019-09-30": "77.00000", "2019-06-30": "98.00000", "2019-03-31": "69.00000", "2018-12-31": "-159.00000", "2018-09-30": "190.00000", "2018-06-30": "52.00000", "2018-03-31": "55.00000", "2017-12-31": "-2100.00000", "2017-09-30": "24.00000", "2017-06-30": "65.00000", "2017-03-31": "37.00000", "2016-12-31": "49.00000", "2016-09-30": "69.00000", "2016-06-30": "-145.00000", "2016-03-31": "2.00000", "2015-12-31": "-447.00000", "2015-09-30": "-65.00000", "2015-06-30": "83.00000", "2015-03-31": "30.00000", "2014-12-31": "116.00000", "2014-09-30": "998.00000", "2014-06-30": "84.00000", "2014-03-31": "51.00000", "2013-12-31": "141.00000", "2013-09-30": "62.00000", "2013-06-30": "102.00000", "2013-03-31": "96.00000", "2012-12-31": "79.00000", "2012-09-30": "77.00000", "2012-06-30": "71.00000", "2012-03-31": "133.00000", "2011-12-31": "4.00000", "2011-09-30": "33.00000", "2011-06-30": "109.00000", "2011-03-31": "-22.00000", "2010-12-31": "113.00000", "2010-09-30": "-150.00000", "2010-06-30": "104.00000", "2010-03-31": "-94.00000", "2009-12-31": "136.00000", "2009-09-30": "87.00000", "2009-06-30": "80.00000", "2009-03-31": "56.00000", "2008-12-31": "-30.00000", "2008-09-30": "199.00000", "2008-06-30": "257.00000", "2008-03-31": "263.00000", "2007-12-31": "73.00000", "2007-09-30": "160.00000", "2007-06-30": "153.00000", "2007-03-31": "104.00000", "2006-12-31": "17.80000", "2006-09-30": "100.60000", "2006-06-30": "4.30000", "2006-03-31": "88.30000", "2005-12-31": "132.40000", "2005-09-30": "-2.60000", "2005-06-30": "41.70000", "2005-03-31": "129.50000"}, "Income After Taxes": {"2020-09-30": "323.00000", "2020-06-30": "315.00000", "2020-03-31": "-570.00000", "2019-12-31": "-51.00000", "2019-09-30": "242.00000", "2019-06-30": "324.00000", "2019-03-31": "214.00000", "2018-12-31": "-546.00000", "2018-09-30": "200.00000", "2018-06-30": "269.00000", "2018-03-31": "270.00000", "2017-12-31": "1622.00000", "2017-09-30": "125.00000", "2017-06-30": "193.00000", "2017-03-31": "569.00000", "2016-12-31": "37.00000", "2016-09-30": "131.00000", "2016-06-30": "-505.00000", "2016-03-31": "-13.00000", "2015-12-31": "-1337.00000", "2015-09-30": "-173.00000", "2015-06-30": "183.00000", "2015-03-31": "13.00000", "2014-12-31": "308.00000", "2014-09-30": "1708.00000", "2014-06-30": "123.00000", "2014-03-31": "196.00000", "2013-12-31": "50.00000", "2013-09-30": "198.00000", "2013-06-30": "200.00000", "2013-03-31": "231.00000", "2012-12-31": "204.00000", "2012-09-30": "200.00000", "2012-06-30": "166.00000", "2012-03-31": "359.00000", "2011-12-31": "158.00000", "2011-09-30": "321.00000", "2011-06-30": "239.00000", "2011-03-31": "360.00000", "2010-12-31": "160.00000", "2010-09-30": "-1221.00000", "2010-06-30": "225.00000", "2010-03-31": "-148.00000", "2009-12-31": "222.00000", "2009-09-30": "192.00000", "2009-06-30": "151.00000", "2009-03-31": "19.00000", "2008-12-31": "137.00000", "2008-09-30": "411.00000", "2008-06-30": "471.00000", "2008-03-31": "455.00000", "2007-12-31": "269.00000", "2007-09-30": "228.00000", "2007-06-30": "243.00000", "2007-03-31": "170.00000", "2006-12-31": "161.80000", "2006-09-30": "112.90000", "2006-06-30": "-58.80000", "2006-03-31": "131.10000", "2005-12-31": "224.40000", "2005-09-30": "5.70000", "2005-06-30": "40.70000", "2005-03-31": "202.20000"}, "Other Income": {"2020-09-30": "", "2020-06-30": "", "2020-03-31": "", "2019-12-31": "", "2019-09-30": "", "2019-06-30": "", "2019-03-31": "", "2018-12-31": "", "2018-09-30": "", "2018-06-30": "", "2018-03-31": "", "2017-12-31": "", "2017-09-30": "", "2017-06-30": "", "2017-03-31": "", "2016-12-31": "", "2016-09-30": "", "2016-06-30": "", "2016-03-31": "", "2015-12-31": "", "2015-09-30": "", "2015-06-30": "", "2015-03-31": "", "2014-12-31": "", "2014-09-30": "", "2014-06-30": "", "2014-03-31": "", "2013-12-31": "", "2013-09-30": "", "2013-06-30": "", "2013-03-31": "", "2012-12-31": "", "2012-09-30": "", "2012-06-30": "", "2012-03-31": "", "2011-12-31": "", "2011-09-30": "", "2011-06-30": "", "2011-03-31": "", "2010-12-31": "", "2010-09-30": "", "2010-06-30": "", "2010-03-31": "", "2009-12-31": "", "2009-09-30": "", "2009-06-30": "", "2009-03-31": "", "2008-12-31": "", "2008-09-30": "", "2008-06-30": "", "2008-03-31": "", "2007-12-31": "", "2007-09-30": "", "2007-06-30": "", "2007-03-31": "", "2006-12-31": "", "2006-09-30": "", "2006-06-30": "", "2006-03-31": "", "2005-12-31": "", "2005-09-30": "", "2005-06-30": "", "2005-03-31": ""}, "Income From Continuous Operations": {"2020-09-30": "323.00000", "2020-06-30": "315.00000", "2020-03-31": "-570.00000", "2019-12-31": "-51.00000", "2019-09-30": "242.00000", "2019-06-30": "324.00000", "2019-03-31": "214.00000", "2018-12-31": "-546.00000", "2018-09-30": "200.00000", "2018-06-30": "269.00000", "2018-03-31": "270.00000", "2017-12-31": "1622.00000", "2017-09-30": "125.00000", "2017-06-30": "193.00000", "2017-03-31": "569.00000", "2016-12-31": "37.00000", "2016-09-30": "131.00000", "2016-06-30": "-505.00000", "2016-03-31": "-13.00000", "2015-12-31": "-1337.00000", "2015-09-30": "-173.00000", "2015-06-30": "183.00000", "2015-03-31": "13.00000", "2014-12-31": "308.00000", "2014-09-30": "1708.00000", "2014-06-30": "123.00000", "2014-03-31": "196.00000", "2013-12-31": "50.00000", "2013-09-30": "198.00000", "2013-06-30": "200.00000", "2013-03-31": "231.00000", "2012-12-31": "204.00000", "2012-09-30": "200.00000", "2012-06-30": "166.00000", "2012-03-31": "359.00000", "2011-12-31": "158.00000", "2011-09-30": "321.00000", "2011-06-30": "239.00000", "2011-03-31": "360.00000", "2010-12-31": "160.00000", "2010-09-30": "-1221.00000", "2010-06-30": "225.00000", "2010-03-31": "-148.00000", "2009-12-31": "222.00000", "2009-09-30": "192.00000", "2009-06-30": "151.00000", "2009-03-31": "19.00000", "2008-12-31": "137.00000", "2008-09-30": "411.00000", "2008-06-30": "471.00000", "2008-03-31": "455.00000", "2007-12-31": "269.00000", "2007-09-30": "228.00000", "2007-06-30": "243.00000", "2007-03-31": "170.00000", "2006-12-31": "161.80000", "2006-09-30": "112.90000", "2006-06-30": "-58.80000", "2006-03-31": "131.10000", "2005-12-31": "224.40000", "2005-09-30": "5.70000", "2005-06-30": "40.70000", "2005-03-31": "202.20000"}, "Income From Discontinued Operations": {"2020-09-30": "", "2020-06-30": "", "2020-03-31": "", "2019-12-31": "", "2019-09-30": "", "2019-06-30": "", "2019-03-31": "", "2018-12-31": "", "2018-09-30": "", "2018-06-30": "", "2018-03-31": "", "2017-12-31": "", "2017-09-30": "", "2017-06-30": "", "2017-03-31": "", "2016-12-31": "", "2016-09-30": "", "2016-06-30": "", "2016-03-31": "", "2015-12-31": "", "2015-09-30": "", "2015-06-30": "", "2015-03-31": "", "2014-12-31": "", "2014-09-30": "", "2014-06-30": "4.00000", "2014-03-31": "", "2013-12-31": "-1.00000", "2013-09-30": "-1.00000", "2013-06-30": "-8.00000", "2013-03-31": "-1.00000", "2012-12-31": "-2.00000", "2012-09-30": "3.00000", "2012-06-30": "-1.00000", "2012-03-31": "136.00000", "2011-12-31": "-520.00000", "2011-09-30": "21.00000", "2011-06-30": "58.00000", "2011-03-31": "24.00000", "2010-12-31": "68.00000", "2010-09-30": "-5.00000", "2010-06-30": "-3.00000", "2010-03-31": "2.00000", "2009-12-31": "238.00000", "2009-09-30": "2.00000", "2009-06-30": "18.00000", "2009-03-31": "-243.00000", "2008-12-31": "-5.00000", "2008-09-30": "10.00000", "2008-06-30": "29.00000", "2008-03-31": "84.00000", "2007-12-31": "16.00000", "2007-09-30": "", "2007-06-30": "190.00000", "2007-03-31": "-36.00000", "2006-12-31": "-14.90000", "2006-09-30": "-6.70000", "2006-06-30": "-17.20000", "2006-03-31": "0.80000", "2005-12-31": "-155.20000", "2005-09-30": "-1.30000", "2005-06-30": "0.60000", "2005-03-31": "-1.10000"}, "Net Income": {"2020-09-30": "308.00000", "2020-06-30": "303.00000", "2020-03-31": "-518.00000", "2019-12-31": "123.00000", "2019-09-30": "220.00000", "2019-06-30": "310.00000", "2019-03-31": "194.00000", "2018-12-31": "-572.00000", "2018-09-30": "129.00000", "2018-06-30": "135.00000", "2018-03-31": "152.00000", "2017-12-31": "1687.00000", "2017-09-30": "33.00000", "2017-06-30": "81.00000", "2017-03-31": "373.00000", "2016-12-31": "-15.00000", "2016-09-30": "61.00000", "2016-06-30": "-405.00000", "2016-03-31": "-65.00000", "2015-12-31": "-715.00000", "2015-09-30": "-40.00000", "2015-06-30": "114.00000", "2015-03-31": "70.00000", "2014-12-31": "193.00000", "2014-09-30": "1678.00000", "2014-06-30": "103.00000", "2014-03-31": "140.00000", "2013-12-31": "-14.00000", "2013-09-30": "141.00000", "2013-06-30": "142.00000", "2013-03-31": "161.00000", "2012-12-31": "149.00000", "2012-09-30": "155.00000", "2012-06-30": "132.00000", "2012-03-31": "423.00000", "2011-12-31": "-444.00000", "2011-09-30": "272.00000", "2011-06-30": "227.00000", "2011-03-31": "321.00000", "2010-12-31": "174.00000", "2010-09-30": "-1263.00000", "2010-06-30": "185.00000", "2010-03-31": "-193.00000", "2009-12-31": "172.00000", "2009-09-30": "143.00000", "2009-06-30": "142.00000", "2009-03-31": "-172.00000", "2008-12-31": "115.00000", "2008-09-30": "366.00000", "2008-06-30": "437.00000", "2008-03-31": "539.00000", "2007-12-31": "225.00000", "2007-09-30": "198.00000", "2007-06-30": "433.00000", "2007-03-31": "134.00000", "2006-12-31": "146.90000", "2006-09-30": "106.20000", "2006-06-30": "-76.00000", "2006-03-31": "131.90000", "2005-12-31": "67.20000", "2005-09-30": "4.40000", "2005-06-30": "41.30000", "2005-03-31": "201.10000"}, "EBITDA": {"2020-09-30": "856.00000", "2020-06-30": "1057.00000", "2020-03-31": "1056.00000", "2019-12-31": "730.00000", "2019-09-30": "1033.00000", "2019-06-30": "938.00000", "2019-03-31": "991.00000", "2018-12-31": "-187.00000", "2018-09-30": "969.00000", "2018-06-30": "830.00000", "2018-03-31": "936.00000", "2017-12-31": "290.00000", "2017-09-30": "724.00000", "2017-06-30": "834.00000", "2017-03-31": "893.00000", "2016-12-31": "1025.00000", "2016-09-30": "801.00000", "2016-06-30": "-29.00000", "2016-03-31": "728.00000", "2015-12-31": "735.00000", "2015-09-30": "807.00000", "2015-06-30": "843.00000", "2015-03-31": "677.00000", "2014-12-31": "927.00000", "2014-09-30": "689.00000", "2014-06-30": "537.00000", "2014-03-31": "645.00000", "2013-12-31": "444.00000", "2013-09-30": "551.00000", "2013-06-30": "559.00000", "2013-03-31": "636.00000", "2012-12-31": "600.00000", "2012-09-30": "578.00000", "2012-06-30": "522.00000", "2012-03-31": "704.00000", "2011-12-31": "939.00000", "2011-09-30": "886.00000", "2011-06-30": "874.00000", "2011-03-31": "834.00000", "2010-12-31": "800.00000", "2010-09-30": "-905.00000", "2010-06-30": "794.00000", "2010-03-31": "854.00000", "2009-12-31": "845.00000", "2009-09-30": "766.00000", "2009-06-30": "735.00000", "2009-03-31": "647.00000", "2008-12-31": "588.00000", "2008-09-30": "1021.00000", "2008-06-30": "1171.00000", "2008-03-31": "1117.00000", "2007-12-31": "178.00000", "2007-09-30": "793.00000", "2007-06-30": "803.00000", "2007-03-31": "666.00000", "2006-12-31": "564.20060", "2006-09-30": "559.59990", "2006-06-30": "308.39970", "2006-03-31": "565.80000", "2005-12-31": "724.60030", "2005-09-30": "336.80020", "2005-06-30": "441.60000", "2005-03-31": "645.00000"}, "EBIT": {"2020-09-30": "641.00000", "2020-06-30": "612.00000", "2020-03-31": "431.00000", "2019-12-31": "234.00000", "2019-09-30": "628.00000", "2019-06-30": "498.00000", "2019-03-31": "561.00000", "2018-12-31": "-634.00000", "2018-09-30": "501.00000", "2018-06-30": "410.00000", "2018-03-31": "491.00000", "2017-12-31": "-155.00000", "2017-09-30": "274.00000", "2017-06-30": "378.00000", "2017-03-31": "430.00000", "2016-12-31": "570.00000", "2016-09-30": "345.00000", "2016-06-30": "-488.00000", "2016-03-31": "262.00000", "2015-12-31": "-749.00000", "2015-09-30": "356.00000", "2015-06-30": "392.00000", "2015-03-31": "227.00000", "2014-12-31": "531.00000", "2014-09-30": "307.00000", "2014-06-30": "311.00000", "2014-03-31": "420.00000", "2013-12-31": "263.00000", "2013-09-30": "336.00000", "2013-06-30": "350.00000", "2013-03-31": "426.00000", "2012-12-31": "380.00000", "2012-09-30": "373.00000", "2012-06-30": "332.00000", "2012-03-31": "527.00000", "2011-12-31": "511.00000", "2011-09-30": "457.00000", "2011-06-30": "460.00000", "2011-03-31": "439.00000", "2010-12-31": "383.00000", "2010-09-30": "-1290.00000", "2010-06-30": "416.00000", "2010-03-31": "479.00000", "2009-12-31": "456.00000", "2009-09-30": "394.00000", "2009-06-30": "351.00000", "2009-03-31": "280.00000", "2008-12-31": "233.00000", "2008-09-30": "689.00000", "2008-06-30": "819.00000", "2008-03-31": "815.00000", "2007-12-31": "375.00000", "2007-09-30": "493.00000", "2007-06-30": "518.00000", "2007-03-31": "401.00000", "2006-12-31": "314.60030", "2006-09-30": "328.09990", "2006-06-30": "86.99980", "2006-03-31": "358.30000", "2005-12-31": "540.39990", "2005-09-30": "144.10010", "2005-06-30": "259.50000", "2005-03-31": "464.00000"}, "Basic Shares Outstanding": {"2020-09-30": "1213.91200", "2020-06-30": "1213.60100", "2020-03-31": "1213.01900", "2019-12-31": "1212.03700", "2019-09-30": "1212.27000", "2019-06-30": "1212.04500", "2019-03-31": "1211.48900", "2018-12-31": "973.62600", "2018-09-30": "1023.58700", "2018-06-30": "827.86800", "2018-03-31": "827.50900", "2017-12-31": "826.17700", "2017-09-30": "826.77900", "2017-06-30": "826.42600", "2017-03-31": "824.54800", "2016-12-31": "750.67300", "2016-09-30": "750.75400", "2016-06-30": "750.64900", "2016-03-31": "750.33200", "2015-12-31": "749.27100", "2015-09-30": "749.82400", "2015-06-30": "749.25300", "2015-03-31": "748.07900", "2014-12-31": "719.32500", "2014-09-30": "747.41200", "2014-06-30": "696.55300", "2014-03-31": "684.77300", "2013-12-31": "682.94800", "2013-09-30": "683.27400", "2013-06-30": "682.89300", "2013-03-31": "682.05200", "2012-12-31": "619.79200", "2012-09-30": "626.80900", "2012-06-30": "621.48300", "2012-03-31": "593.23100", "2011-12-31": "588.55300", "2011-09-30": "588.95000", "2011-06-30": "588.31000", "2011-03-31": "586.97700", "2010-12-31": "584.55200", "2010-09-30": "584.74400", "2010-06-30": "584.41400", "2010-03-31": "583.92900", "2009-12-31": "581.67400", "2009-09-30": "583.10300", "2009-06-30": "580.72600", "2009-03-31": "579.49500", "2008-12-31": "581.34200", "2008-09-30": "577.44800", "2008-06-30": "583.40000", "2008-03-31": "585.51800", "2007-12-31": "596.17400", "2007-09-30": "596.83600", "2007-06-30": "599.51800", "2007-03-31": "598.03100", "2006-12-31": "595.05300", "2006-09-30": "596.19900", "2006-06-30": "595.56100", "2006-03-31": "591.40700", "2005-12-31": "570.42000", "2005-09-30": "572.54300", "2005-06-30": "571.20800", "2005-03-31": "564.43700"}, "Shares Outstanding": {"2020-09-30": "1215.33500", "2020-06-30": "1214.58100", "2020-03-31": "1213.01900", "2019-12-31": "1214.01100", "2019-09-30": "1214.16500", "2019-06-30": "1214.06500", "2019-03-31": "1213.59200", "2018-12-31": "973.62600", "2018-09-30": "1026.50400", "2018-06-30": "830.10700", "2018-03-31": "830.19700", "2017-12-31": "828.51800", "2017-09-30": "829.36800", "2017-06-30": "828.57500", "2017-03-31": "826.47600", "2016-12-31": "750.67300", "2016-09-30": "751.85800", "2016-06-30": "750.64900", "2016-03-31": "750.33200", "2015-12-31": "749.27100", "2015-09-30": "749.82400", "2015-06-30": "752.77500", "2015-03-31": "752.02800", "2014-12-31": "723.64100", "2014-09-30": "752.06400", "2014-06-30": "700.69600", "2014-03-31": "688.90400", "2013-12-31": "687.18500", "2013-09-30": "687.30600", "2013-06-30": "686.92400", "2013-03-31": "687.14300", "2012-12-31": "625.48600", "2012-09-30": "632.01900", "2012-06-30": "626.62000", "2012-03-31": "600.52000", "2011-12-31": "598.17500", "2011-09-30": "597.55000", "2011-06-30": "597.63300", "2011-03-31": "596.56700", "2010-12-31": "594.15700", "2010-09-30": "584.74400", "2010-06-30": "592.49800", "2010-03-31": "583.92900", "2009-12-31": "591.43900", "2009-09-30": "590.05900", "2009-06-30": "588.78000", "2009-03-31": "582.36100", "2008-12-31": "587.05700", "2008-09-30": "589.13800", "2008-06-30": "596.18700", "2008-03-31": "598.62700", "2007-12-31": "609.86600", "2007-09-30": "610.65100", "2007-06-30": "613.17200", "2007-03-31": "611.47000", "2006-12-31": "608.62700", "2006-09-30": "609.06200", "2006-06-30": "595.56100", "2006-03-31": "607.07300", "2005-12-31": "605.84700", "2005-09-30": "580.73500", "2005-06-30": "578.90200", "2005-03-31": "599.42200"}, "Basic EPS": {"2020-09-30": "0.25000", "2020-06-30": "0.25000", "2020-03-31": "-0.43000", "2019-12-31": "0.10000", "2019-09-30": "0.18000", "2019-06-30": "0.26000", "2019-03-31": "0.16000", "2018-12-31": "-0.63000", "2018-09-30": "0.13000", "2018-06-30": "0.16000", "2018-03-31": "0.18000", "2017-12-31": "2.04000", "2017-09-30": "0.04000", "2017-06-30": "0.10000", "2017-03-31": "0.45000", "2016-12-31": "-0.02000", "2016-09-30": "0.08000", "2016-06-30": "-0.54000", "2016-03-31": "-0.09000", "2015-12-31": "-0.95000", "2015-09-30": "-0.05000", "2015-06-30": "0.15000", "2015-03-31": "0.09000", "2014-12-31": "0.35000", "2014-09-30": "2.24000", "2014-06-30": "0.15000", "2014-03-31": "0.20000", "2013-12-31": "-0.03000", "2013-09-30": "0.21000", "2013-06-30": "0.21000", "2013-03-31": "0.24000", "2012-12-31": "0.22000", "2012-09-30": "0.25000", "2012-06-30": "0.21000", "2012-03-31": "0.71000", "2011-12-31": "-0.76000", "2011-09-30": "0.46000", "2011-06-30": "0.39000", "2011-03-31": "0.55000", "2010-12-31": "0.29000", "2010-09-30": "-2.16000", "2010-06-30": "0.32000", "2010-03-31": "-0.33000", "2009-12-31": "0.31000", "2009-09-30": "0.24000", "2009-06-30": "0.24000", "2009-03-31": "-0.30000", "2008-12-31": "0.21000", "2008-09-30": "0.63000", "2008-06-30": "0.75000", "2008-03-31": "0.85000", "2007-12-31": "0.39000", "2007-09-30": "0.33000", "2007-06-30": "0.72000", "2007-03-31": "0.22000", "2006-12-31": "0.25000", "2006-09-30": "0.18000", "2006-06-30": "-0.13000", "2006-03-31": "0.22000", "2005-12-31": "0.11000", "2005-09-30": "0.01000", "2005-06-30": "0.07000", "2005-03-31": "0.36000"}, "EPS - Earnings Per Share": {"2020-09-30": "0.25000", "2020-06-30": "0.25000", "2020-03-31": "-0.43000", "2019-12-31": "0.10000", "2019-09-30": "0.18000", "2019-06-30": "0.26000", "2019-03-31": "0.16000", "2018-12-31": "-0.63000", "2018-09-30": "0.13000", "2018-06-30": "0.16000", "2018-03-31": "0.18000", "2017-12-31": "2.03000", "2017-09-30": "0.04000", "2017-06-30": "0.10000", "2017-03-31": "0.45000", "2016-12-31": "-0.02000", "2016-09-30": "0.08000", "2016-06-30": "-0.54000", "2016-03-31": "-0.09000", "2015-12-31": "-0.95000", "2015-09-30": "-0.05000", "2015-06-30": "0.15000", "2015-03-31": "0.09000", "2014-12-31": "0.35000", "2014-09-30": "2.22000", "2014-06-30": "0.15000", "2014-03-31": "0.20000", "2013-12-31": "-0.02000", "2013-09-30": "0.20000", "2013-06-30": "0.21000", "2013-03-31": "0.23000", "2012-12-31": "0.21000", "2012-09-30": "0.25000", "2012-06-30": "0.21000", "2012-03-31": "0.70000", "2011-12-31": "-0.75000", "2011-09-30": "0.46000", "2011-06-30": "0.38000", "2011-03-31": "0.54000", "2010-12-31": "0.29000", "2010-09-30": "-2.16000", "2010-06-30": "0.31000", "2010-03-31": "-0.33000", "2009-12-31": "0.29000", "2009-09-30": "0.24000", "2009-06-30": "0.24000", "2009-03-31": "-0.29000", "2008-12-31": "0.20000", "2008-09-30": "0.62000", "2008-06-30": "0.73000", "2008-03-31": "0.84000", "2007-12-31": "0.37000", "2007-09-30": "0.33000", "2007-06-30": "0.71000", "2007-03-31": "0.22000", "2006-12-31": "0.24000", "2006-09-30": "0.18000", "2006-06-30": "-0.13000", "2006-03-31": "0.22000", "2005-12-31": "0.11000", "2005-09-30": "0.01000", "2005-06-30": "0.07000", "2005-03-31": "0.34000"}}, "balance sheet": {"Cash On Hand": {"2019-12-31": "289.00000", "2018-12-31": "168.00000", "2017-12-31": "899.00000", "2016-12-31": "170.00000", "2015-12-31": "100.00000", "2014-12-31": "240.00000", "2013-12-31": "681.00000", "2012-12-31": "839.00000", "2011-12-31": "889.00000", "2010-12-31": "758.00000", "2009-12-31": "1867.00000", "2008-12-31": "1438.00000", "2007-12-31": "1699.00000", "2006-12-31": "2269.00000", "2005-12-31": "1690.10000"}, "Receivables": {"2019-12-31": "996.00000", "2018-12-31": "992.00000", "2017-12-31": "976.00000", "2016-12-31": "938.00000", "2015-12-31": "1041.00000", "2014-12-31": "1139.00000", "2013-12-31": "674.00000", "2012-12-31": "688.00000", "2011-12-31": "637.00000", "2010-12-31": "497.00000", "2009-12-31": "816.00000", "2008-12-31": "884.00000", "2007-12-31": "1192.00000", "2006-12-31": "981.00000", "2005-12-31": "1613.80000"}, "Inventory": {"2019-12-31": "125.00000", "2018-12-31": "130.00000", "2017-12-31": "113.00000", "2016-12-31": "138.00000", "2015-12-31": "127.00000", "2014-12-31": "231.00000", "2013-12-31": "194.00000", "2012-12-31": "175.00000", "2011-12-31": "169.00000", "2010-12-31": "225.00000", "2009-12-31": "222.00000", "2008-12-31": "260.00000", "2007-12-31": "209.00000", "2006-12-31": "238.00000", "2005-12-31": "272.60000"}, "Pre-Paid Expenses": {"2019-12-31": "", "2018-12-31": "", "2017-12-31": "", "2016-12-31": "", "2015-12-31": "", "2014-12-31": "", "2013-12-31": "", "2012-12-31": "", "2011-12-31": "", "2010-12-31": "", "2009-12-31": "", "2008-12-31": "", "2007-12-31": "", "2006-12-31": "", "2005-12-31": ""}, "Other Current Assets": {"2019-12-31": "170.00000", "2018-12-31": "174.00000", "2017-12-31": "191.00000", "2016-12-31": "216.00000", "2015-12-31": "259.00000", "2014-12-31": "213.00000", "2013-12-31": "107.00000", "2012-12-31": "105.00000", "2011-12-31": "147.00000", "2010-12-31": "153.00000", "2009-12-31": "888.00000", "2008-12-31": "1687.00000", "2007-12-31": "2054.00000", "2006-12-31": "1660.00000", "2005-12-31": "5879.80000"}, "Total Current Assets": {"2019-12-31": "1580.00000", "2018-12-31": "1464.00000", "2017-12-31": "2179.00000", "2016-12-31": "1462.00000", "2015-12-31": "1527.00000", "2014-12-31": "1890.00000", "2013-12-31": "1683.00000", "2012-12-31": "1924.00000", "2011-12-31": "1894.00000", "2010-12-31": "2530.00000", "2009-12-31": "3793.00000", "2008-12-31": "4411.00000", "2007-12-31": "5538.00000", "2006-12-31": "6322.00000", "2005-12-31": "9697.30000"}, "Property, Plant, And Equipment": {"2019-12-31": "29200.00000", "2018-12-31": "27504.00000", "2017-12-31": "28211.00000", "2016-12-31": "28428.00000", "2015-12-31": "29579.00000", "2014-12-31": "28081.00000", "2013-12-31": "18210.00000", "2012-12-31": "15467.00000", "2011-12-31": "12580.00000", "2010-12-31": "11754.00000", "2009-12-31": "18644.00000", "2008-12-31": "17741.00000", "2007-12-31": "15981.00000", "2006-12-31": "14158.00000", "2005-12-31": "12409.20000"}, "Long-Term Investments": {"2019-12-31": "6235.00000", "2018-12-31": "7821.00000", "2017-12-31": "6552.00000", "2016-12-31": "6701.00000", "2015-12-31": "7336.00000", "2014-12-31": "8400.00000", "2013-12-31": "4360.00000", "2012-12-31": "3987.00000", "2011-12-31": "1391.00000", "2010-12-31": "1240.00000", "2009-12-31": "886.00000", "2008-12-31": "971.00000", "2007-12-31": "901.00000", "2006-12-31": "866.00000", "2005-12-31": "924.30000"}, "Goodwill And Intangible Assets": {"2019-12-31": "7959.00000", "2018-12-31": "7767.00000", "2017-12-31": "8791.00000", "2016-12-31": "9663.00000", "2015-12-31": "10017.00000", "2014-12-31": "11573.00000", "2013-12-31": "2290.00000", "2012-12-31": "2353.00000", "2011-12-31": "44.00000", "2010-12-31": "", "2009-12-31": "1011.00000", "2008-12-31": "1011.00000", "2007-12-31": "1011.00000", "2006-12-31": "1011.00000", "2005-12-31": "1014.50000"}, "Other Long-Term Assets": {"2019-12-31": "", "2018-12-31": "", "2017-12-31": "619.00000", "2016-12-31": "", "2015-12-31": "", "2014-12-31": "", "2013-12-31": "", "2012-12-31": "596.00000", "2011-12-31": "593.00000", "2010-12-31": "620.00000", "2009-12-31": "946.00000", "2008-12-31": "1485.00000", "2007-12-31": "1630.00000", "2006-12-31": "2480.00000", "2005-12-31": "5397.30000"}, "Total Long-Term Assets": {"2019-12-31": "44460.00000", "2018-12-31": "43838.00000", "2017-12-31": "44173.00000", "2016-12-31": "45373.00000", "2015-12-31": "47493.00000", "2014-12-31": "48565.00000", "2013-12-31": "25459.00000", "2012-12-31": "22403.00000", "2011-12-31": "14608.00000", "2010-12-31": "22442.00000", "2009-12-31": "21487.00000", "2008-12-31": "21595.00000", "2007-12-31": "19523.00000", "2006-12-31": "19080.00000", "2005-12-31": "19745.30000"}, "Total Assets": {"2019-12-31": "46040.00000", "2018-12-31": "45302.00000", "2017-12-31": "46352.00000", "2016-12-31": "46835.00000", "2015-12-31": "49020.00000", "2014-12-31": "50455.00000", "2013-12-31": "27142.00000", "2012-12-31": "24327.00000", "2011-12-31": "16502.00000", "2010-12-31": "24972.00000", "2009-12-31": "25280.00000", "2008-12-31": "26006.00000", "2007-12-31": "25061.00000", "2006-12-31": "25402.00000", "2005-12-31": "29442.60000"}, "Total Current Liabilities": {"2019-12-31": "3968.00000", "2018-12-31": "1811.00000", "2017-12-31": "2646.00000", "2016-12-31": "2949.00000", "2015-12-31": "2497.00000", "2014-12-31": "2567.00000", "2013-12-31": "1983.00000", "2012-12-31": "1549.00000", "2011-12-31": "1675.00000", "2010-12-31": "2574.00000", "2009-12-31": "2477.00000", "2008-12-31": "3519.00000", "2007-12-31": "4431.00000", "2006-12-31": "4694.00000", "2005-12-31": "8450.20000"}, "Long Term Debt": {"2019-12-31": "20148.00000", "2018-12-31": "22367.00000", "2017-12-31": "20434.00000", "2016-12-31": "22624.00000", "2015-12-31": "23812.00000", "2014-12-31": "20780.00000", "2013-12-31": "11353.00000", "2012-12-31": "10735.00000", "2011-12-31": "8369.00000", "2010-12-31": "8600.00000", "2009-12-31": "8259.00000", "2008-12-31": "7683.00000", "2007-12-31": "7757.00000", "2006-12-31": "7622.00000", "2005-12-31": "7590.50000"}, "Other Non-Current Liabilities": {"2019-12-31": "5560.00000", "2018-12-31": "5127.00000", "2017-12-31": "3950.00000", "2016-12-31": "2978.00000", "2015-12-31": "2268.00000", "2014-12-31": "2224.00000", "2013-12-31": "1356.00000", "2012-12-31": "1775.00000", "2011-12-31": "1715.00000", "2010-12-31": "1262.00000", "2009-12-31": "1869.00000", "2008-12-31": "2435.00000", "2007-12-31": "2072.00000", "2006-12-31": "3052.00000", "2005-12-31": "5251.40000"}, "Total Long Term Liabilities": {"2019-12-31": "25708.00000", "2018-12-31": "27494.00000", "2017-12-31": "27531.00000", "2016-12-31": "29840.00000", "2015-12-31": "30298.00000", "2014-12-31": "27716.00000", "2013-12-31": "16238.00000", "2012-12-31": "15351.00000", "2011-12-31": "12241.00000", "2010-12-31": "14264.00000", "2009-12-31": "13784.00000", "2008-12-31": "13433.00000", "2007-12-31": "14255.00000", "2006-12-31": "14635.00000", "2005-12-31": "15564.90000"}, "Total Liabilities": {"2019-12-31": "29676.00000", "2018-12-31": "29305.00000", "2017-12-31": "30177.00000", "2016-12-31": "32789.00000", "2015-12-31": "32795.00000", "2014-12-31": "30283.00000", "2013-12-31": "18221.00000", "2012-12-31": "16900.00000", "2011-12-31": "13916.00000", "2010-12-31": "16838.00000", "2009-12-31": "16261.00000", "2008-12-31": "16952.00000", "2007-12-31": "18686.00000", "2006-12-31": "19329.00000", "2005-12-31": "24015.10000"}, "Common Stock Net": {"2019-12-31": "1247.00000", "2018-12-31": "1245.00000", "2017-12-31": "861.00000", "2016-12-31": "785.00000", "2015-12-31": "784.00000", "2014-12-31": "782.00000", "2013-12-31": "718.00000", "2012-12-31": "716.00000", "2011-12-31": "626.00000", "2010-12-31": "620.00000", "2009-12-31": "618.00000", "2008-12-31": "613.00000", "2007-12-31": "608.00000", "2006-12-31": "603.00000", "2005-12-31": "579.10000"}, "Retained Earnings (Accumulated Deficit)": {"2019-12-31": "-11002.00000", "2018-12-31": "-10002.00000", "2017-12-31": "-8434.00000", "2016-12-31": "-9649.00000", "2015-12-31": "-7960.00000", "2014-12-31": "-5548.00000", "2013-12-31": "-6248.00000", "2012-12-31": "-5695.00000", "2011-12-31": "-5820.00000", "2010-12-31": "-478.00000", "2009-12-31": "903.00000", "2008-12-31": "874.00000", "2007-12-31": "-293.00000", "2006-12-31": "-1034.00000", "2005-12-31": "-1135.90000"}, "Comprehensive Income": {"2019-12-31": "-199.00000", "2018-12-31": "-270.00000", "2017-12-31": "-238.00000", "2016-12-31": "-339.00000", "2015-12-31": "-442.00000", "2014-12-31": "-341.00000", "2013-12-31": "-164.00000", "2012-12-31": "-362.00000", "2011-12-31": "-389.00000", "2010-12-31": "-82.00000", "2009-12-31": "-168.00000", "2008-12-31": "-80.00000", "2007-12-31": "-121.00000", "2006-12-31": "-60.00000", "2005-12-31": "-302.30000"}, "Other Share Holders Equity": {"2019-12-31": "", "2018-12-31": "", "2017-12-31": "", "2016-12-31": "", "2015-12-31": "", "2014-12-31": "", "2013-12-31": "", "2012-12-31": "", "2011-12-31": "", "2010-12-31": "", "2009-12-31": "", "2008-12-31": "", "2007-12-31": "", "2006-12-31": "", "2005-12-31": ""}, "Share Holder Equity": {"2019-12-31": "16364.00000", "2018-12-31": "15997.00000", "2017-12-31": "16175.00000", "2016-12-31": "14046.00000", "2015-12-31": "16225.00000", "2014-12-31": "20172.00000", "2013-12-31": "8921.00000", "2012-12-31": "7427.00000", "2011-12-31": "2586.00000", "2010-12-31": "8134.00000", "2009-12-31": "9019.00000", "2008-12-31": "9054.00000", "2007-12-31": "6375.00000", "2006-12-31": "6073.00000", "2005-12-31": "5427.50000"}, "Total Liabilities And Share Holders Equity": {"2019-12-31": "46040.00000", "2018-12-31": "45302.00000", "2017-12-31": "46352.00000", "2016-12-31": "46835.00000", "2015-12-31": "49020.00000", "2014-12-31": "50455.00000", "2013-12-31": "27142.00000", "2012-12-31": "24327.00000", "2011-12-31": "16502.00000", "2010-12-31": "24972.00000", "2009-12-31": "25280.00000", "2008-12-31": "26006.00000", "2007-12-31": "25061.00000", "2006-12-31": "25402.00000", "2005-12-31": "29442.60000"}}, "balance sheet, quarterly": {"Cash On Hand": {"2020-09-30": "70.00000", "2020-06-30": "1133.00000", "2020-03-31": "400.00000", "2019-12-31": "289.00000", "2019-09-30": "247.00000", "2019-06-30": "806.00000", "2019-03-31": "43.00000", "2018-12-31": "168.00000", "2018-09-30": "42.00000", "2018-06-30": "275.00000", "2018-03-31": "1292.00000", "2017-12-31": "899.00000", "2017-09-30": "1172.00000", "2017-06-30": "1918.00000", "2017-03-31": "639.00000", "2016-12-31": "170.00000", "2016-09-30": "77.00000", "2016-06-30": "135.00000", "2016-03-31": "164.00000", "2015-12-31": "100.00000", "2015-09-30": "125.00000", "2015-06-30": "204.00000", "2015-03-31": "341.00000", "2014-12-31": "240.00000", "2014-09-30": "302.00000", "2014-06-30": "860.00000", "2014-03-31": "1064.00000", "2013-12-31": "681.00000", "2013-09-30": "732.00000", "2013-06-30": "824.00000", "2013-03-31": "702.00000", "2012-12-31": "839.00000", "2012-09-30": "996.00000", "2012-06-30": "679.00000", "2012-03-31": "1100.00000", "2011-12-31": "889.00000", "2011-09-30": "996.00000", "2011-06-30": "1166.00000", "2011-03-31": "923.00000", "2010-12-31": "758.00000", "2010-09-30": "1015.00000", "2010-06-30": "1601.00000", "2010-03-31": "1644.00000", "2009-12-31": "1867.00000", "2009-09-30": "1640.00000", "2009-06-30": "1853.00000", "2009-03-31": "1786.00000", "2008-12-31": "1438.00000", "2008-09-30": "1524.00000", "2008-06-30": "1937.00000", "2008-03-31": "2240.00000", "2007-12-31": "1699.00000", "2007-09-30": "1551.50000", "2007-06-30": "1833.80000", "2007-03-31": "1868.30000", "2006-12-31": "2269.00000", "2006-09-30": "1153.90000", "2006-06-30": "1060.10000", "2006-03-31": "1195.20000", "2005-12-31": "1690.10000", "2005-09-30": "1408.90000", "2005-06-30": "1362.50000", "2005-03-31": "1257.10000"}, "Receivables": {"2020-09-30": "1011.00000", "2020-06-30": "907.00000", "2020-03-31": "930.00000", "2019-12-31": "996.00000", "2019-09-30": "875.00000", "2019-06-30": "879.00000", "2019-03-31": "929.00000", "2018-12-31": "992.00000", "2018-09-30": "883.00000", "2018-06-30": "844.00000", "2018-03-31": "743.00000", "2017-12-31": "976.00000", "2017-09-30": "783.00000", "2017-06-30": "693.00000", "2017-03-31": "867.00000", "2016-12-31": "938.00000", "2016-09-30": "854.00000", "2016-06-30": "738.00000", "2016-03-31": "739.00000", "2015-12-31": "1041.00000", "2015-09-30": "710.00000", "2015-06-30": "751.00000", "2015-03-31": "808.00000", "2014-12-31": "1139.00000", "2014-09-30": "962.00000", "2014-06-30": "658.00000", "2014-03-31": "658.00000", "2013-12-31": "674.00000", "2013-09-30": "590.00000", "2013-06-30": "698.00000", "2013-03-31": "760.00000", "2012-12-31": "688.00000", "2012-09-30": "624.00000", "2012-06-30": "636.00000", "2012-03-31": "641.00000", "2011-12-31": "637.00000", "2011-09-30": "1039.00000", "2011-06-30": "913.00000", "2011-03-31": "850.00000", "2010-12-31": "497.00000", "2010-09-30": "744.00000", "2010-06-30": "722.00000", "2010-03-31": "831.00000", "2009-12-31": "816.00000", "2009-09-30": "705.00000", "2009-06-30": "677.00000", "2009-03-31": "683.00000", "2008-12-31": "884.00000", "2008-09-30": "1089.00000", "2008-06-30": "1642.00000", "2008-03-31": "1334.00000", "2007-12-31": "1192.00000", "2007-09-30": "955.10000", "2007-06-30": "1030.60000", "2007-03-31": "1271.80000", "2006-12-31": "981.00000", "2006-09-30": "1232.90000", "2006-06-30": "1164.90000", "2006-03-31": "1173.70000", "2005-12-31": "1613.80000", "2005-09-30": "1490.10000", "2005-06-30": "1227.30000", "2005-03-31": "1243.40000"}, "Inventory": {"2020-09-30": "157.00000", "2020-06-30": "134.00000", "2020-03-31": "105.00000", "2019-12-31": "125.00000", "2019-09-30": "129.00000", "2019-06-30": "134.00000", "2019-03-31": "129.00000", "2018-12-31": "130.00000", "2018-09-30": "153.00000", "2018-06-30": "153.00000", "2018-03-31": "160.00000", "2017-12-31": "113.00000", "2017-09-30": "144.00000", "2017-06-30": "150.00000", "2017-03-31": "148.00000", "2016-12-31": "138.00000", "2016-09-30": "120.00000", "2016-06-30": "122.00000", "2016-03-31": "142.00000", "2015-12-31": "127.00000", "2015-09-30": "156.00000", "2015-06-30": "168.00000", "2015-03-31": "200.00000", "2014-12-31": "231.00000", "2014-09-30": "284.00000", "2014-06-30": "276.00000", "2014-03-31": "222.00000", "2013-12-31": "194.00000", "2013-09-30": "230.00000", "2013-06-30": "174.00000", "2013-03-31": "190.00000", "2012-12-31": "175.00000", "2012-09-30": "161.00000", "2012-06-30": "159.00000", "2012-03-31": "186.00000", "2011-12-31": "169.00000", "2011-09-30": "287.00000", "2011-06-30": "282.00000", "2011-03-31": "264.00000", "2010-12-31": "225.00000", "2010-09-30": "270.00000", "2010-06-30": "279.00000", "2010-03-31": "221.00000", "2009-12-31": "222.00000", "2009-09-30": "232.00000", "2009-06-30": "249.00000", "2009-03-31": "242.00000", "2008-12-31": "260.00000", "2008-09-30": "324.00000", "2008-06-30": "341.00000", "2008-03-31": "289.00000", "2007-12-31": "209.00000", "2007-09-30": "214.50000", "2007-06-30": "223.50000", "2007-03-31": "266.10000", "2006-12-31": "238.00000", "2006-09-30": "260.20000", "2006-06-30": "307.70000", "2006-03-31": "277.80000", "2005-12-31": "272.60000", "2005-09-30": "302.80000", "2005-06-30": "259.50000", "2005-03-31": "222.80000"}, "Pre-Paid Expenses": {"2020-09-30": "", "2020-06-30": "", "2020-03-31": "", "2019-12-31": "", "2019-09-30": "", "2019-06-30": "", "2019-03-31": "", "2018-12-31": "", "2018-09-30": "", "2018-06-30": "", "2018-03-31": "", "2017-12-31": "", "2017-09-30": "", "2017-06-30": "", "2017-03-31": "", "2016-12-31": "", "2016-09-30": "", "2016-06-30": "", "2016-03-31": "", "2015-12-31": "", "2015-09-30": "", "2015-06-30": "", "2015-03-31": "", "2014-12-31": "", "2014-09-30": "", "2014-06-30": "", "2014-03-31": "", "2013-12-31": "", "2013-09-30": "", "2013-06-30": "", "2013-03-31": "", "2012-12-31": "", "2012-09-30": "", "2012-06-30": "", "2012-03-31": "", "2011-12-31": "", "2011-09-30": "", "2011-06-30": "", "2011-03-31": "", "2010-12-31": "", "2010-09-30": "", "2010-06-30": "", "2010-03-31": "", "2009-12-31": "", "2009-09-30": "", "2009-06-30": "", "2009-03-31": "", "2008-12-31": "", "2008-09-30": "", "2008-06-30": "", "2008-03-31": "", "2007-12-31": "", "2007-09-30": "", "2007-06-30": "", "2007-03-31": "", "2006-12-31": "", "2006-09-30": "", "2006-06-30": "", "2006-03-31": "", "2005-12-31": "", "2005-09-30": "", "2005-06-30": "", "2005-03-31": ""}, "Other Current Assets": {"2020-09-30": "165.00000", "2020-06-30": "164.00000", "2020-03-31": "130.00000", "2019-12-31": "170.00000", "2019-09-30": "183.00000", "2019-06-30": "209.00000", "2019-03-31": "186.00000", "2018-12-31": "174.00000", "2018-09-30": "906.00000", "2018-06-30": "269.00000", "2018-03-31": "204.00000", "2017-12-31": "191.00000", "2017-09-30": "194.00000", "2017-06-30": "1208.00000", "2017-03-31": "1191.00000", "2016-12-31": "216.00000", "2016-09-30": "538.00000", "2016-06-30": "182.00000", "2016-03-31": "174.00000", "2015-12-31": "259.00000", "2015-09-30": "200.00000", "2015-06-30": "235.00000", "2015-03-31": "206.00000", "2014-12-31": "213.00000", "2014-09-30": "224.00000", "2014-06-30": "193.00000", "2014-03-31": "93.00000", "2013-12-31": "107.00000", "2013-09-30": "113.00000", "2013-06-30": "128.00000", "2013-03-31": "95.00000", "2012-12-31": "105.00000", "2012-09-30": "180.00000", "2012-06-30": "208.00000", "2012-03-31": "192.00000", "2011-12-31": "147.00000", "2011-09-30": "567.00000", "2011-06-30": "469.00000", "2011-03-31": "468.00000", "2010-12-31": "153.00000", "2010-09-30": "774.00000", "2010-06-30": "757.00000", "2010-03-31": "893.00000", "2009-12-31": "888.00000", "2009-09-30": "912.00000", "2009-06-30": "1119.00000", "2009-03-31": "1348.00000", "2008-12-31": "1687.00000", "2008-09-30": "2456.00000", "2008-06-30": "5770.00000", "2008-03-31": "3068.00000", "2007-12-31": "2054.00000", "2007-09-30": "1350.60000", "2007-06-30": "1500.90000", "2007-03-31": "2650.70000", "2006-12-31": "1660.00000", "2006-09-30": "2744.60000", "2006-06-30": "3564.10000", "2006-03-31": "3896.60000", "2005-12-31": "5879.80000", "2005-09-30": "9267.90000", "2005-06-30": "3899.20000", "2005-03-31": "4573.70000"}, "Total Current Assets": {"2020-09-30": "1403.00000", "2020-06-30": "2338.00000", "2020-03-31": "1565.00000", "2019-12-31": "1580.00000", "2019-09-30": "1434.00000", "2019-06-30": "2028.00000", "2019-03-31": "1287.00000", "2018-12-31": "1464.00000", "2018-09-30": "1984.00000", "2018-06-30": "1541.00000", "2018-03-31": "2399.00000", "2017-12-31": "2179.00000", "2017-09-30": "2293.00000", "2017-06-30": "3969.00000", "2017-03-31": "2845.00000", "2016-12-31": "1462.00000", "2016-09-30": "1627.00000", "2016-06-30": "2357.00000", "2016-03-31": "1261.00000", "2015-12-31": "1527.00000", "2015-09-30": "1264.00000", "2015-06-30": "1426.00000", "2015-03-31": "1622.00000", "2014-12-31": "1890.00000", "2014-09-30": "1898.00000", "2014-06-30": "2119.00000", "2014-03-31": "2178.00000", "2013-12-31": "1683.00000", "2013-09-30": "1782.00000", "2013-06-30": "1946.00000", "2013-03-31": "1864.00000", "2012-12-31": "1924.00000", "2012-09-30": "1961.00000", "2012-06-30": "1682.00000", "2012-03-31": "2119.00000", "2011-12-31": "1894.00000", "2011-09-30": "2889.00000", "2011-06-30": "2830.00000", "2011-03-31": "2505.00000", "2010-12-31": "2530.00000", "2010-09-30": "2803.00000", "2010-06-30": "3359.00000", "2010-03-31": "3589.00000", "2009-12-31": "3793.00000", "2009-09-30": "3490.00000", "2009-06-30": "3899.00000", "2009-03-31": "4059.00000", "2008-12-31": "4411.00000", "2008-09-30": "5481.00000", "2008-06-30": "9936.00000", "2008-03-31": "7152.00000", "2007-12-31": "5538.00000", "2007-09-30": "6286.20000", "2007-06-30": "7208.00000", "2007-03-31": "6420.70000", "2006-12-31": "6322.00000", "2006-09-30": "5690.00000", "2006-06-30": "6423.70000", "2006-03-31": "6764.80000", "2005-12-31": "9697.30000", "2005-09-30": "12628.80000", "2005-06-30": "6772.60000", "2005-03-31": "7431.00000"}, "Property, Plant, And Equipment": {"2020-09-30": "29107.00000", "2020-06-30": "29137.00000", "2020-03-31": "29141.00000", "2019-12-31": "29200.00000", "2019-09-30": "29613.00000", "2019-06-30": "29131.00000", "2019-03-31": "29081.00000", "2018-12-31": "27504.00000", "2018-09-30": "28674.00000", "2018-06-30": "28953.00000", "2018-03-31": "28847.00000", "2017-12-31": "28211.00000", "2017-09-30": "27709.00000", "2017-06-30": "28042.00000", "2017-03-31": "27762.00000", "2016-12-31": "28428.00000", "2016-09-30": "28263.00000", "2016-06-30": "28249.00000", "2016-03-31": "29823.00000", "2015-12-31": "29579.00000", "2015-09-30": "29476.00000", "2015-06-30": "29089.00000", "2015-03-31": "28536.00000", "2014-12-31": "28081.00000", "2014-09-30": "27398.00000", "2014-06-30": "19442.00000", "2014-03-31": "18711.00000", "2013-12-31": "18210.00000", "2013-09-30": "17467.00000", "2013-06-30": "16599.00000", "2013-03-31": "15995.00000", "2012-12-31": "15467.00000", "2012-09-30": "14684.00000", "2012-06-30": "14056.00000", "2012-03-31": "12964.00000", "2011-12-31": "12580.00000", "2011-09-30": "20973.00000", "2011-06-30": "20600.00000", "2011-03-31": "20341.00000", "2010-12-31": "11754.00000", "2010-09-30": "18909.00000", "2010-06-30": "18831.00000", "2010-03-31": "18714.00000", "2009-12-31": "18644.00000", "2009-09-30": "18464.00000", "2009-06-30": "17966.00000", "2009-03-31": "17994.00000", "2008-12-31": "17741.00000", "2008-09-30": "17649.00000", "2008-06-30": "16933.00000", "2008-03-31": "16257.00000", "2007-12-31": "15981.00000", "2007-09-30": "15599.90000", "2007-06-30": "14928.10000", "2007-03-31": "14451.00000", "2006-12-31": "14158.00000", "2006-09-30": "13651.80000", "2006-06-30": "13004.00000", "2006-03-31": "12682.50000", "2005-12-31": "12409.20000", "2005-09-30": "12203.00000", "2005-06-30": "11979.10000", "2005-03-31": "11852.30000"}, "Long-Term Investments": {"2020-09-30": "5176.00000", "2020-06-30": "5155.00000", "2020-03-31": "5179.00000", "2019-12-31": "6235.00000", "2019-09-30": "6228.00000", "2019-06-30": "6261.00000", "2019-03-31": "6544.00000", "2018-12-31": "7821.00000", "2018-09-30": "7427.00000", "2018-06-30": "6810.00000", "2018-03-31": "6513.00000", "2017-12-31": "6552.00000", "2017-09-30": "6615.00000", "2017-06-30": "6675.00000", "2017-03-31": "6738.00000", "2016-12-31": "6701.00000", "2016-09-30": "7084.00000", "2016-06-30": "7125.00000", "2016-03-31": "7181.00000", "2015-12-31": "7336.00000", "2015-09-30": "8198.00000", "2015-06-30": "8712.00000", "2015-03-31": "8319.00000", "2014-12-31": "8400.00000", "2014-09-30": "7085.00000", "2014-06-30": "4489.00000", "2014-03-31": "4520.00000", "2013-12-31": "4360.00000", "2013-09-30": "4278.00000", "2013-06-30": "4135.00000", "2013-03-31": "4039.00000", "2012-12-31": "3987.00000", "2012-09-30": "1626.00000", "2012-06-30": "1533.00000", "2012-03-31": "1418.00000", "2011-12-31": "1391.00000", "2011-09-30": "1492.00000", "2011-06-30": "1463.00000", "2011-03-31": "1381.00000", "2010-12-31": "1240.00000", "2010-09-30": "1317.00000", "2010-06-30": "881.00000", "2010-03-31": "888.00000", "2009-12-31": "886.00000", "2009-09-30": "894.00000", "2009-06-30": "894.00000", "2009-03-31": "902.00000", "2008-12-31": "971.00000", "2008-09-30": "990.00000", "2008-06-30": "942.00000", "2008-03-31": "917.00000", "2007-12-31": "901.00000", "2007-09-30": "919.20000", "2007-06-30": "895.10000", "2007-03-31": "903.20000", "2006-12-31": "866.00000", "2006-09-30": "970.40000", "2006-06-30": "971.90000", "2006-03-31": "917.30000", "2005-12-31": "924.30000", "2005-09-30": "1315.00000", "2005-06-30": "1320.40000", "2005-03-31": "1358.00000"}, "Goodwill And Intangible Assets": {"2020-09-30": "7531.00000", "2020-06-30": "7609.00000", "2020-03-31": "7688.00000", "2019-12-31": "7959.00000", "2019-09-30": "8041.00000", "2019-06-30": "8123.00000", "2019-03-31": "8096.00000", "2018-12-31": "7767.00000", "2018-09-30": "8324.00000", "2018-06-30": "8406.00000", "2018-03-31": "8644.00000", "2017-12-31": "8791.00000", "2017-09-30": "8873.00000", "2017-06-30": "9481.00000", "2017-03-31": "9570.00000", "2016-12-31": "9663.00000", "2016-09-30": "9752.00000", "2016-06-30": "9839.00000", "2016-03-31": "9928.00000", "2015-12-31": "10017.00000", "2015-09-30": "11198.00000", "2015-06-30": "11303.00000", "2015-03-31": "11336.00000", "2014-12-31": "11573.00000", "2014-09-30": "12794.00000", "2014-06-30": "2262.00000", "2014-03-31": "2278.00000", "2013-12-31": "2290.00000", "2013-09-30": "2305.00000", "2013-06-30": "2320.00000", "2013-03-31": "2335.00000", "2012-12-31": "2353.00000", "2012-09-30": "2376.00000", "2012-06-30": "2386.00000", "2012-03-31": "668.00000", "2011-12-31": "44.00000", "2011-09-30": "", "2011-06-30": "", "2011-03-31": "", "2010-12-31": "", "2010-09-30": "8.00000", "2010-06-30": "1011.00000", "2010-03-31": "1011.00000", "2009-12-31": "1011.00000", "2009-09-30": "1011.00000", "2009-06-30": "1011.00000", "2009-03-31": "1011.00000", "2008-12-31": "1011.00000", "2008-09-30": "1011.00000", "2008-06-30": "1011.00000", "2008-03-31": "1011.00000", "2007-12-31": "1011.00000", "2007-09-30": "1011.40000", "2007-06-30": "1011.40000", "2007-03-31": "1011.40000", "2006-12-31": "1011.00000", "2006-09-30": "1011.40000", "2006-06-30": "1014.50000", "2006-03-31": "1014.50000", "2005-12-31": "1014.50000", "2005-09-30": "1014.50000", "2005-06-30": "1014.50000", "2005-03-31": "1014.50000"}, "Other Long-Term Assets": {"2020-09-30": "", "2020-06-30": "", "2020-03-31": "", "2019-12-31": "", "2019-09-30": "", "2019-06-30": "", "2019-03-31": "", "2018-12-31": "", "2018-09-30": "", "2018-06-30": "", "2018-03-31": "", "2017-12-31": "619.00000", "2017-09-30": "", "2017-06-30": "", "2017-03-31": "", "2016-12-31": "", "2016-09-30": "", "2016-06-30": "", "2016-03-31": "", "2015-12-31": "", "2015-09-30": "", "2015-06-30": "", "2015-03-31": "", "2014-12-31": "", "2014-09-30": "", "2014-06-30": "5995.00000", "2014-03-31": "", "2013-12-31": "", "2013-09-30": "623.00000", "2013-06-30": "657.00000", "2013-03-31": "", "2012-12-31": "596.00000", "2012-09-30": "616.00000", "2012-06-30": "610.00000", "2012-03-31": "621.00000", "2011-12-31": "593.00000", "2011-09-30": "792.00000", "2011-06-30": "812.00000", "2011-03-31": "856.00000", "2010-12-31": "620.00000", "2010-09-30": "811.00000", "2010-06-30": "865.00000", "2010-03-31": "927.00000", "2009-12-31": "946.00000", "2009-09-30": "1093.00000", "2009-06-30": "1256.00000", "2009-03-31": "1402.00000", "2008-12-31": "1485.00000", "2008-09-30": "1762.00000", "2008-06-30": "2394.00000", "2008-03-31": "1835.00000", "2007-12-31": "1630.00000", "2007-09-30": "2020.00000", "2007-06-30": "2003.50000", "2007-03-31": "3149.70000", "2006-12-31": "2480.00000", "2006-09-30": "3497.90000", "2006-06-30": "4203.10000", "2006-03-31": "4649.90000", "2005-12-31": "5397.30000", "2005-09-30": "6494.50000", "2005-06-30": "5313.10000", "2005-03-31": "4778.30000"}, "Total Long-Term Assets": {"2020-09-30": "42917.00000", "2020-06-30": "43005.00000", "2020-03-31": "43064.00000", "2019-12-31": "44460.00000", "2019-09-30": "44847.00000", "2019-06-30": "44481.00000", "2019-03-31": "44683.00000", "2018-12-31": "43838.00000", "2018-09-30": "45169.00000", "2018-06-30": "44833.00000", "2018-03-31": "44653.00000", "2017-12-31": "44173.00000", "2017-09-30": "43827.00000", "2017-06-30": "44801.00000", "2017-03-31": "44667.00000", "2016-12-31": "45373.00000", "2016-09-30": "45661.00000", "2016-06-30": "45767.00000", "2016-03-31": "47546.00000", "2015-12-31": "47493.00000", "2015-09-30": "49555.00000", "2015-06-30": "49737.00000", "2015-03-31": "48835.00000", "2014-12-31": "48565.00000", "2014-09-30": "47909.00000", "2014-06-30": "32830.00000", "2014-03-31": "26128.00000", "2013-12-31": "25459.00000", "2013-09-30": "24673.00000", "2013-06-30": "23711.00000", "2013-03-31": "22952.00000", "2012-12-31": "22403.00000", "2012-09-30": "19302.00000", "2012-06-30": "18585.00000", "2012-03-31": "15671.00000", "2011-12-31": "14608.00000", "2011-09-30": "23257.00000", "2011-06-30": "22875.00000", "2011-03-31": "22578.00000", "2010-12-31": "22442.00000", "2010-09-30": "21045.00000", "2010-06-30": "21588.00000", "2010-03-31": "21540.00000", "2009-12-31": "21487.00000", "2009-09-30": "21462.00000", "2009-06-30": "21127.00000", "2009-03-31": "21309.00000", "2008-12-31": "21595.00000", "2008-09-30": "21412.00000", "2008-06-30": "21280.00000", "2008-03-31": "20020.00000", "2007-12-31": "19523.00000", "2007-09-30": "19550.50000", "2007-06-30": "18838.10000", "2007-03-31": "19515.30000", "2006-12-31": "19080.00000", "2006-09-30": "19131.50000", "2006-06-30": "19193.50000", "2006-03-31": "19264.20000", "2005-12-31": "19745.30000", "2005-09-30": "21027.00000", "2005-06-30": "19627.10000", "2005-03-31": "19003.10000"}, "Total Assets": {"2020-09-30": "44320.00000", "2020-06-30": "45343.00000", "2020-03-31": "44629.00000", "2019-12-31": "46040.00000", "2019-09-30": "46281.00000", "2019-06-30": "46509.00000", "2019-03-31": "45970.00000", "2018-12-31": "45302.00000", "2018-09-30": "47153.00000", "2018-06-30": "46374.00000", "2018-03-31": "47052.00000", "2017-12-31": "46352.00000", "2017-09-30": "46120.00000", "2017-06-30": "48770.00000", "2017-03-31": "47512.00000", "2016-12-31": "46835.00000", "2016-09-30": "47288.00000", "2016-06-30": "48124.00000", "2016-03-31": "48807.00000", "2015-12-31": "49020.00000", "2015-09-30": "50819.00000", "2015-06-30": "51163.00000", "2015-03-31": "50457.00000", "2014-12-31": "50455.00000", "2014-09-30": "49807.00000", "2014-06-30": "34949.00000", "2014-03-31": "28306.00000", "2013-12-31": "27142.00000", "2013-09-30": "26455.00000", "2013-06-30": "25657.00000", "2013-03-31": "24816.00000", "2012-12-31": "24327.00000", "2012-09-30": "21263.00000", "2012-06-30": "20267.00000", "2012-03-31": "17790.00000", "2011-12-31": "16502.00000", "2011-09-30": "26146.00000", "2011-06-30": "25705.00000", "2011-03-31": "25083.00000", "2010-12-31": "24972.00000", "2010-09-30": "23848.00000", "2010-06-30": "24947.00000", "2010-03-31": "25129.00000", "2009-12-31": "25280.00000", "2009-09-30": "24952.00000", "2009-06-30": "25026.00000", "2009-03-31": "25368.00000", "2008-12-31": "26006.00000", "2008-09-30": "26893.00000", "2008-06-30": "31216.00000", "2008-03-31": "27172.00000", "2007-12-31": "25061.00000", "2007-09-30": "25836.70000", "2007-06-30": "26046.10000", "2007-03-31": "25936.00000", "2006-12-31": "25402.00000", "2006-09-30": "24821.50000", "2006-06-30": "25617.20000", "2006-03-31": "26029.00000", "2005-12-31": "29442.60000", "2005-09-30": "33655.80000", "2005-06-30": "26399.70000", "2005-03-31": "26434.10000"}, "Total Current Liabilities": {"2020-09-30": "1861.00000", "2020-06-30": "2438.00000", "2020-03-31": "2116.00000", "2019-12-31": "3968.00000", "2019-09-30": "3324.00000", "2019-06-30": "3389.00000", "2019-03-31": "4169.00000", "2018-12-31": "1811.00000", "2018-09-30": "2761.00000", "2018-06-30": "1958.00000", "2018-03-31": "2164.00000", "2017-12-31": "2646.00000", "2017-09-30": "2354.00000", "2017-06-30": "3996.00000", "2017-03-31": "2045.00000", "2016-12-31": "2949.00000", "2016-09-30": "2465.00000", "2016-06-30": "2752.00000", "2016-03-31": "2789.00000", "2015-12-31": "2497.00000", "2015-09-30": "3858.00000", "2015-06-30": "3768.00000", "2015-03-31": "2330.00000", "2014-12-31": "2567.00000", "2014-09-30": "2931.00000", "2014-06-30": "2396.00000", "2014-03-31": "2549.00000", "2013-12-31": "1983.00000", "2013-09-30": "2086.00000", "2013-06-30": "2371.00000", "2013-03-31": "1560.00000", "2012-12-31": "1549.00000", "2012-09-30": "1379.00000", "2012-06-30": "1298.00000", "2012-03-31": "1534.00000", "2011-12-31": "1675.00000", "2011-09-30": "2439.00000", "2011-06-30": "2390.00000", "2011-03-31": "2458.00000", "2010-12-31": "2574.00000", "2010-09-30": "2549.00000", "2010-06-30": "2119.00000", "2010-03-31": "2097.00000", "2009-12-31": "2477.00000", "2009-09-30": "2217.00000", "2009-06-30": "2315.00000", "2009-03-31": "2617.00000", "2008-12-31": "3519.00000", "2008-09-30": "4281.00000", "2008-06-30": "9084.00000", "2008-03-31": "5664.00000", "2007-12-31": "4431.00000", "2007-09-30": "5302.70000", "2007-06-30": "5663.40000", "2007-03-31": "5032.50000", "2006-12-31": "4694.00000", "2006-09-30": "4751.50000", "2006-06-30": "5239.60000", "2006-03-31": "5555.50000", "2005-12-31": "8450.20000", "2005-09-30": "11834.30000", "2005-06-30": "5722.50000", "2005-03-31": "6255.20000"}, "Long Term Debt": {"2020-09-30": "21951.00000", "2020-06-30": "22323.00000", "2020-03-31": "21848.00000", "2019-12-31": "20148.00000", "2019-09-30": "20719.00000", "2019-06-30": "20711.00000", "2019-03-31": "20703.00000", "2018-12-31": "22367.00000", "2018-09-30": "21409.00000", "2018-06-30": "21313.00000", "2018-03-31": "21379.00000", "2017-12-31": "20434.00000", "2017-09-30": "20567.00000", "2017-06-30": "21325.00000", "2017-03-31": "21825.00000", "2016-12-31": "22624.00000", "2016-09-30": "23932.00000", "2016-06-30": "24394.00000", "2016-03-31": "23701.00000", "2015-12-31": "23812.00000", "2015-09-30": "21805.00000", "2015-06-30": "21285.00000", "2015-03-31": "21690.00000", "2014-12-31": "20780.00000", "2014-09-30": "19922.00000", "2014-06-30": "15539.00000", "2014-03-31": "12099.00000", "2013-12-31": "11353.00000", "2013-09-30": "10359.00000", "2013-06-30": "10359.00000", "2013-03-31": "10610.00000", "2012-12-31": "10735.00000", "2012-09-30": "9512.00000", "2012-06-30": "9033.00000", "2012-03-31": "8366.00000", "2011-12-31": "8369.00000", "2011-09-30": "9024.00000", "2011-06-30": "8927.00000", "2011-03-31": "8577.00000", "2010-12-31": "8600.00000", "2010-09-30": "8002.00000", "2010-06-30": "8358.00000", "2010-03-31": "8615.00000", "2009-12-31": "8259.00000", "2009-09-30": "8258.00000", "2009-06-30": "8265.00000", "2009-03-31": "8278.00000", "2008-12-31": "7683.00000", "2008-09-30": "7827.00000", "2008-06-30": "7869.00000", "2008-03-31": "7799.00000", "2007-12-31": "7757.00000", "2007-09-30": "7424.60000", "2007-06-30": "7443.20000", "2007-03-31": "7507.50000", "2006-12-31": "7622.00000", "2006-09-30": "7275.20000", "2006-06-30": "7292.60000", "2006-03-31": "7252.80000", "2005-12-31": "7590.50000", "2005-09-30": "7598.70000", "2005-06-30": "7645.70000", "2005-03-31": "7650.40000"}, "Other Non-Current Liabilities": {"2020-09-30": "3764.00000", "2020-06-30": "3773.00000", "2020-03-31": "3804.00000", "2019-12-31": "3778.00000", "2019-09-30": "3728.00000", "2019-06-30": "3761.00000", "2019-03-31": "3772.00000", "2018-12-31": "5127.00000", "2018-09-30": "4376.00000", "2018-06-30": "4389.00000", "2018-03-31": "4410.00000", "2017-12-31": "3950.00000", "2017-09-30": "3106.00000", "2017-06-30": "3068.00000", "2017-03-31": "3100.00000", "2016-12-31": "2978.00000", "2016-09-30": "2396.00000", "2016-06-30": "2477.00000", "2016-03-31": "2445.00000", "2015-12-31": "2268.00000", "2015-09-30": "2314.00000", "2015-06-30": "2274.00000", "2015-03-31": "2279.00000", "2014-12-31": "2224.00000", "2014-09-30": "1616.00000", "2014-06-30": "1434.00000", "2014-03-31": "1413.00000", "2013-12-31": "1356.00000", "2013-09-30": "1650.00000", "2013-06-30": "1774.00000", "2013-03-31": "1761.00000", "2012-12-31": "1775.00000", "2012-09-30": "1733.00000", "2012-06-30": "1754.00000", "2012-03-31": "1731.00000", "2011-12-31": "1715.00000", "2011-09-30": "1821.00000", "2011-06-30": "1771.00000", "2011-03-31": "1721.00000", "2010-12-31": "1262.00000", "2010-09-30": "1625.00000", "2010-06-30": "1720.00000", "2010-03-31": "1747.00000", "2009-12-31": "1869.00000", "2009-09-30": "2156.00000", "2009-06-30": "2215.00000", "2009-03-31": "2243.00000", "2008-12-31": "2435.00000", "2008-09-30": "2047.00000", "2008-06-30": "2978.00000", "2008-03-31": "2286.00000", "2007-12-31": "2072.00000", "2007-09-30": "2383.20000", "2007-06-30": "2346.70000", "2007-03-31": "3165.50000", "2006-12-31": "3052.00000", "2006-09-30": "3387.50000", "2006-06-30": "4011.90000", "2006-03-31": "4418.80000", "2005-12-31": "5251.40000", "2005-09-30": "6593.90000", "2005-06-30": "5205.10000", "2005-03-31": "4659.80000"}, "Total Long Term Liabilities": {"2020-09-30": "27561.00000", "2020-06-30": "27825.00000", "2020-03-31": "27254.00000", "2019-12-31": "25708.00000", "2019-09-30": "26098.00000", "2019-06-30": "26039.00000", "2019-03-31": "26076.00000", "2018-12-31": "27494.00000", "2018-09-30": "27433.00000", "2018-06-30": "28969.00000", "2018-03-31": "28985.00000", "2017-12-31": "27531.00000", "2017-09-30": "28884.00000", "2017-06-30": "29593.00000", "2017-03-31": "30058.00000", "2016-12-31": "29840.00000", "2016-09-30": "30599.00000", "2016-06-30": "30950.00000", "2016-03-31": "30394.00000", "2015-12-31": "30298.00000", "2015-09-30": "28701.00000", "2015-06-30": "28224.00000", "2015-03-31": "28546.00000", "2014-12-31": "27716.00000", "2014-09-30": "26195.00000", "2014-06-30": "20631.00000", "2014-03-31": "17040.00000", "2013-12-31": "16238.00000", "2013-09-30": "15423.00000", "2013-06-30": "15315.00000", "2013-03-31": "15386.00000", "2012-12-31": "15351.00000", "2012-09-30": "13893.00000", "2012-06-30": "13342.00000", "2012-03-31": "12532.00000", "2011-12-31": "12241.00000", "2011-09-30": "14454.00000", "2011-06-30": "14270.00000", "2011-03-31": "13746.00000", "2010-12-31": "14264.00000", "2010-09-30": "13123.00000", "2010-06-30": "13802.00000", "2010-03-31": "14070.00000", "2009-12-31": "13784.00000", "2009-09-30": "13880.00000", "2009-06-30": "13858.00000", "2009-03-31": "13895.00000", "2008-12-31": "13433.00000", "2008-09-30": "14038.00000", "2008-06-30": "14480.00000", "2008-03-31": "13707.00000", "2007-12-31": "14255.00000", "2007-09-30": "14078.40000", "2007-06-30": "13959.40000", "2007-03-31": "14711.80000", "2006-12-31": "14635.00000", "2006-09-30": "13998.80000", "2006-06-30": "14495.30000", "2006-03-31": "14548.00000", "2005-12-31": "15564.90000", "2005-09-30": "16667.10000", "2005-06-30": "15323.60000", "2005-03-31": "14917.80000"}, "Total Liabilities": {"2020-09-30": "29422.00000", "2020-06-30": "30263.00000", "2020-03-31": "29370.00000", "2019-12-31": "29676.00000", "2019-09-30": "29422.00000", "2019-06-30": "29428.00000", "2019-03-31": "30245.00000", "2018-12-31": "29305.00000", "2018-09-30": "30194.00000", "2018-06-30": "30927.00000", "2018-03-31": "31149.00000", "2017-12-31": "30177.00000", "2017-09-30": "31238.00000", "2017-06-30": "33589.00000", "2017-03-31": "32103.00000", "2016-12-31": "32789.00000", "2016-09-30": "33064.00000", "2016-06-30": "33702.00000", "2016-03-31": "33183.00000", "2015-12-31": "32795.00000", "2015-09-30": "32559.00000", "2015-06-30": "31992.00000", "2015-03-31": "30876.00000", "2014-12-31": "30283.00000", "2014-09-30": "29126.00000", "2014-06-30": "23027.00000", "2014-03-31": "19589.00000", "2013-12-31": "18221.00000", "2013-09-30": "17509.00000", "2013-06-30": "17686.00000", "2013-03-31": "16946.00000", "2012-12-31": "16900.00000", "2012-09-30": "15272.00000", "2012-06-30": "14640.00000", "2012-03-31": "14066.00000", "2011-12-31": "13916.00000", "2011-09-30": "16893.00000", "2011-06-30": "16660.00000", "2011-03-31": "16204.00000", "2010-12-31": "16838.00000", "2010-09-30": "15672.00000", "2010-06-30": "15921.00000", "2010-03-31": "16167.00000", "2009-12-31": "16261.00000", "2009-09-30": "16097.00000", "2009-06-30": "16173.00000", "2009-03-31": "16512.00000", "2008-12-31": "16952.00000", "2008-09-30": "18319.00000", "2008-06-30": "23564.00000", "2008-03-31": "19371.00000", "2007-12-31": "18686.00000", "2007-09-30": "19381.10000", "2007-06-30": "19622.80000", "2007-03-31": "19744.30000", "2006-12-31": "19329.00000", "2006-09-30": "18750.30000", "2006-06-30": "19734.90000", "2006-03-31": "20103.50000", "2005-12-31": "24015.10000", "2005-09-30": "28501.40000", "2005-06-30": "21046.10000", "2005-03-31": "21173.00000"}, "Common Stock Net": {"2020-09-30": "1248.00000", "2020-06-30": "1248.00000", "2020-03-31": "1248.00000", "2019-12-31": "1247.00000", "2019-09-30": "1247.00000", "2019-06-30": "1246.00000", "2019-03-31": "1246.00000", "2018-12-31": "1245.00000", "2018-09-30": "1245.00000", "2018-06-30": "862.00000", "2018-03-31": "862.00000", "2017-12-31": "861.00000", "2017-09-30": "861.00000", "2017-06-30": "861.00000", "2017-03-31": "861.00000", "2016-12-31": "785.00000", "2016-09-30": "785.00000", "2016-06-30": "785.00000", "2016-03-31": "785.00000", "2015-12-31": "784.00000", "2015-09-30": "784.00000", "2015-06-30": "784.00000", "2015-03-31": "783.00000", "2014-12-31": "782.00000", "2014-09-30": "782.00000", "2014-06-30": "782.00000", "2014-03-31": "720.00000", "2013-12-31": "718.00000", "2013-09-30": "718.00000", "2013-06-30": "718.00000", "2013-03-31": "717.00000", "2012-12-31": "716.00000", "2012-09-30": "662.00000", "2012-06-30": "661.00000", "2012-03-31": "630.00000", "2011-12-31": "626.00000", "2011-09-30": "623.00000", "2011-06-30": "623.00000", "2011-03-31": "622.00000", "2010-12-31": "620.00000", "2010-09-30": "619.00000", "2010-06-30": "619.00000", "2010-03-31": "619.00000", "2009-12-31": "618.00000", "2009-09-30": "618.00000", "2009-06-30": "617.00000", "2009-03-31": "615.00000", "2008-12-31": "613.00000", "2008-09-30": "613.00000", "2008-06-30": "611.00000", "2008-03-31": "609.00000", "2007-12-31": "608.00000", "2007-09-30": "606.10000", "2007-06-30": "605.40000", "2007-03-31": "604.20000", "2006-12-31": "603.00000", "2006-09-30": "601.80000", "2006-06-30": "601.20000", "2006-03-31": "600.70000", "2005-12-31": "579.10000", "2005-09-30": "578.60000", "2005-06-30": "577.20000", "2005-03-31": "573.70000"}, "Retained Earnings (Accumulated Deficit)": {"2020-09-30": "-12376.00000", "2020-06-30": "-12197.00000", "2020-03-31": "-12013.00000", "2019-12-31": "-11002.00000", "2019-09-30": "-10664.00000", "2019-06-30": "-10423.00000", "2019-03-31": "-10270.00000", "2018-12-31": "-10002.00000", "2018-09-30": "-9018.00000", "2018-06-30": "-8735.00000", "2018-03-31": "-8587.00000", "2017-12-31": "-8434.00000", "2017-09-30": "-9872.00000", "2017-06-30": "-9654.00000", "2017-03-31": "-9487.00000", "2016-12-31": "-9649.00000", "2016-09-30": "-9483.00000", "2016-06-30": "-9394.00000", "2016-03-31": "-8508.00000", "2015-12-31": "-7960.00000", "2015-09-30": "-6764.00000", "2015-06-30": "-6243.00000", "2015-03-31": "-5914.00000", "2014-12-31": "-5548.00000", "2014-09-30": "-5315.00000", "2014-06-30": "-6574.00000", "2014-03-31": "-6385.00000", "2013-12-31": "-6248.00000", "2013-09-30": "-5973.00000", "2013-06-30": "-5863.00000", "2013-03-31": "-5765.00000", "2012-12-31": "-5695.00000", "2012-09-30": "-5648.00000", "2012-06-30": "-5607.00000", "2012-03-31": "-5551.00000", "2011-12-31": "-5820.00000", "2011-09-30": "33.00000", "2011-06-30": "-122.00000", "2011-03-31": "-230.00000", "2010-12-31": "-478.00000", "2010-09-30": "-578.00000", "2010-06-30": "758.00000", "2010-03-31": "646.00000", "2009-12-31": "903.00000", "2009-09-30": "795.00000", "2009-06-30": "716.00000", "2009-03-31": "639.00000", "2008-12-31": "874.00000", "2008-09-30": "823.00000", "2008-06-30": "521.00000", "2008-03-31": "148.00000", "2007-12-31": "-293.00000", "2007-09-30": "-459.60000", "2007-06-30": "-598.00000", "2007-03-31": "-970.90000", "2006-12-31": "-1034.00000", "2006-09-30": "-1125.60000", "2006-06-30": "-1178.30000", "2006-03-31": "-1048.60000", "2005-12-31": "-1135.90000", "2005-09-30": "-1159.70000", "2005-06-30": "-1121.10000", "2005-03-31": "-1134.00000"}, "Comprehensive Income": {"2020-09-30": "-160.00000", "2020-06-30": "-176.00000", "2020-03-31": "-205.00000", "2019-12-31": "-199.00000", "2019-09-30": "-266.00000", "2019-06-30": "-265.00000", "2019-03-31": "-267.00000", "2018-12-31": "-270.00000", "2018-09-30": "-291.00000", "2018-06-30": "-293.00000", "2018-03-31": "-294.00000", "2017-12-31": "-238.00000", "2017-09-30": "-331.00000", "2017-06-30": "-331.00000", "2017-03-31": "-334.00000", "2016-12-31": "-339.00000", "2016-09-30": "-331.00000", "2016-06-30": "-369.00000", "2016-03-31": "-378.00000", "2015-12-31": "-442.00000", "2015-09-30": "-425.00000", "2015-06-30": "-384.00000", "2015-03-31": "-395.00000", "2014-12-31": "-341.00000", "2014-09-30": "-222.00000", "2014-06-30": "-194.00000", "2014-03-31": "-223.00000", "2013-12-31": "-164.00000", "2013-09-30": "-338.00000", "2013-06-30": "-394.00000", "2013-03-31": "-374.00000", "2012-12-31": "-362.00000", "2012-09-30": "-330.00000", "2012-06-30": "-357.00000", "2012-03-31": "-367.00000", "2011-12-31": "-389.00000", "2011-09-30": "-74.00000", "2011-06-30": "-95.00000", "2011-03-31": "-116.00000", "2010-12-31": "-82.00000", "2010-09-30": "34.00000", "2010-06-30": "-63.00000", "2010-03-31": "3.00000", "2009-12-31": "-168.00000", "2009-09-30": "-194.00000", "2009-06-30": "-84.00000", "2009-03-31": "37.00000", "2008-12-31": "-80.00000", "2008-09-30": "102.00000", "2008-06-30": "-590.00000", "2008-03-31": "-262.00000", "2007-12-31": "-121.00000", "2007-09-30": "-133.00000", "2007-06-30": "-222.00000", "2007-03-31": "-42.20000", "2006-12-31": "-60.00000", "2006-09-30": "68.60000", "2006-06-30": "-60.30000", "2006-03-31": "-121.10000", "2005-12-31": "-302.30000", "2005-09-30": "-541.00000", "2005-06-30": "-357.10000", "2005-03-31": "-422.60000"}, "Other Share Holders Equity": {"2020-09-30": "", "2020-06-30": "", "2020-03-31": "", "2019-12-31": "", "2019-09-30": "", "2019-06-30": "", "2019-03-31": "", "2018-12-31": "", "2018-09-30": "", "2018-06-30": "", "2018-03-31": "", "2017-12-31": "", "2017-09-30": "", "2017-06-30": "", "2017-03-31": "", "2016-12-31": "", "2016-09-30": "", "2016-06-30": "", "2016-03-31": "", "2015-12-31": "", "2015-09-30": "", "2015-06-30": "", "2015-03-31": "", "2014-12-31": "", "2014-09-30": "", "2014-06-30": "", "2014-03-31": "", "2013-12-31": "", "2013-09-30": "", "2013-06-30": "", "2013-03-31": "", "2012-12-31": "", "2012-09-30": "", "2012-06-30": "", "2012-03-31": "", "2011-12-31": "", "2011-09-30": "", "2011-06-30": "", "2011-03-31": "", "2010-12-31": "", "2010-09-30": "", "2010-06-30": "", "2010-03-31": "", "2009-12-31": "", "2009-09-30": "", "2009-06-30": "", "2009-03-31": "", "2008-12-31": "", "2008-09-30": "", "2008-06-30": "", "2008-03-31": "", "2007-12-31": "", "2007-09-30": "", "2007-06-30": "", "2007-03-31": "", "2006-12-31": "", "2006-09-30": "", "2006-06-30": "", "2006-03-31": "", "2005-12-31": "", "2005-09-30": "", "2005-06-30": "", "2005-03-31": ""}, "Share Holder Equity": {"2020-09-30": "14898.00000", "2020-06-30": "15080.00000", "2020-03-31": "15259.00000", "2019-12-31": "16364.00000", "2019-09-30": "16859.00000", "2019-06-30": "17081.00000", "2019-03-31": "15725.00000", "2018-12-31": "15997.00000", "2018-09-30": "16959.00000", "2018-06-30": "15447.00000", "2018-03-31": "15903.00000", "2017-12-31": "16175.00000", "2017-09-30": "14882.00000", "2017-06-30": "15181.00000", "2017-03-31": "15409.00000", "2016-12-31": "14046.00000", "2016-09-30": "14224.00000", "2016-06-30": "14422.00000", "2016-03-31": "15624.00000", "2015-12-31": "16225.00000", "2015-09-30": "18260.00000", "2015-06-30": "19171.00000", "2015-03-31": "19581.00000", "2014-12-31": "20172.00000", "2014-09-30": "20681.00000", "2014-06-30": "11922.00000", "2014-03-31": "8717.00000", "2013-12-31": "8921.00000", "2013-09-30": "8946.00000", "2013-06-30": "7971.00000", "2013-03-31": "7870.00000", "2012-12-31": "7427.00000", "2012-09-30": "5991.00000", "2012-06-30": "5627.00000", "2012-03-31": "3724.00000", "2011-12-31": "2586.00000", "2011-09-30": "9253.00000", "2011-06-30": "9045.00000", "2011-03-31": "8879.00000", "2010-12-31": "8134.00000", "2010-09-30": "8176.00000", "2010-06-30": "9026.00000", "2010-03-31": "8962.00000", "2009-12-31": "9019.00000", "2009-09-30": "8855.00000", "2009-06-30": "8853.00000", "2009-03-31": "8856.00000", "2008-12-31": "9054.00000", "2008-09-30": "8574.00000", "2008-06-30": "7652.00000", "2008-03-31": "7801.00000", "2007-12-31": "6375.00000", "2007-09-30": "6455.60000", "2007-06-30": "6423.30000", "2007-03-31": "6191.70000", "2006-12-31": "6073.00000", "2006-09-30": "6071.20000", "2006-06-30": "5882.30000", "2006-03-31": "5925.50000", "2005-12-31": "5427.50000", "2005-09-30": "5154.40000", "2005-06-30": "5353.60000", "2005-03-31": "5261.10000"}, "Total Liabilities And Share Holders Equity": {"2020-09-30": "44320.00000", "2020-06-30": "45343.00000", "2020-03-31": "44629.00000", "2019-12-31": "46040.00000", "2019-09-30": "46281.00000", "2019-06-30": "46509.00000", "2019-03-31": "45970.00000", "2018-12-31": "45302.00000", "2018-09-30": "47153.00000", "2018-06-30": "46374.00000", "2018-03-31": "47052.00000", "2017-12-31": "46352.00000", "2017-09-30": "46120.00000", "2017-06-30": "48770.00000", "2017-03-31": "47512.00000", "2016-12-31": "46835.00000", "2016-09-30": "47288.00000", "2016-06-30": "48124.00000", "2016-03-31": "48807.00000", "2015-12-31": "49020.00000", "2015-09-30": "50819.00000", "2015-06-30": "51163.00000", "2015-03-31": "50457.00000", "2014-12-31": "50455.00000", "2014-09-30": "49807.00000", "2014-06-30": "34949.00000", "2014-03-31": "28306.00000", "2013-12-31": "27142.00000", "2013-09-30": "26455.00000", "2013-06-30": "25657.00000", "2013-03-31": "24816.00000", "2012-12-31": "24327.00000", "2012-09-30": "21263.00000", "2012-06-30": "20267.00000", "2012-03-31": "17790.00000", "2011-12-31": "16502.00000", "2011-09-30": "26146.00000", "2011-06-30": "25705.00000", "2011-03-31": "25083.00000", "2010-12-31": "24972.00000", "2010-09-30": "23848.00000", "2010-06-30": "24947.00000", "2010-03-31": "25129.00000", "2009-12-31": "25280.00000", "2009-09-30": "24952.00000", "2009-06-30": "25026.00000", "2009-03-31": "25368.00000", "2008-12-31": "26006.00000", "2008-09-30": "26893.00000", "2008-06-30": "31216.00000", "2008-03-31": "27172.00000", "2007-12-31": "25061.00000", "2007-09-30": "25836.70000", "2007-06-30": "26046.10000", "2007-03-31": "25936.00000", "2006-12-31": "25402.00000", "2006-09-30": "24821.50000", "2006-06-30": "25617.20000", "2006-03-31": "26029.00000", "2005-12-31": "29442.60000", "2005-09-30": "33655.80000", "2005-06-30": "26399.70000", "2005-03-31": "26434.10000"}}, "cash flow statement": {"Net Income/Loss": {"2019-12-31": "714.00000", "2018-12-31": "193.00000", "2017-12-31": "2509.00000", "2016-12-31": "-350.00000", "2015-12-31": "-1314.00000", "2014-12-31": "2339.00000", "2013-12-31": "668.00000", "2012-12-31": "1065.00000", "2011-12-31": "661.00000", "2010-12-31": "-922.00000", "2009-12-31": "361.00000", "2008-12-31": "1592.00000", "2007-12-31": "1080.00000", "2006-12-31": "309.00000", "2005-12-31": "314.00000"}, "Total Depreciation And Amortization - Cash Flow": {"2019-12-31": "1771.00000", "2018-12-31": "1780.00000", "2017-12-31": "1814.00000", "2016-12-31": "1836.00000", "2015-12-31": "2836.00000", "2014-12-31": "1229.00000", "2013-12-31": "815.00000", "2012-12-31": "792.00000", "2011-12-31": "1666.00000", "2010-12-31": "1555.00000", "2009-12-31": "1512.00000", "2008-12-31": "1341.00000", "2007-12-31": "653.00000", "2006-12-31": "910.00000", "2005-12-31": "740.00000"}, "Other Non-Cash Items": {"2019-12-31": "1217.00000", "2018-12-31": "1554.00000", "2017-12-31": "-1001.00000", "2016-12-31": "1640.00000", "2015-12-31": "1319.00000", "2014-12-31": "-1213.00000", "2013-12-31": "490.00000", "2012-12-31": "10.00000", "2011-12-31": "973.00000", "2010-12-31": "2104.00000", "2009-12-31": "684.00000", "2008-12-31": "645.00000", "2007-12-31": "649.00000", "2006-12-31": "228.00000", "2005-12-31": "54.00000"}, "Total Non-Cash Items": {"2019-12-31": "2988.00000", "2018-12-31": "3334.00000", "2017-12-31": "813.00000", "2016-12-31": "3476.00000", "2015-12-31": "4155.00000", "2014-12-31": "16.00000", "2013-12-31": "1305.00000", "2012-12-31": "802.00000", "2011-12-31": "2639.00000", "2010-12-31": "3659.00000", "2009-12-31": "2196.00000", "2008-12-31": "1986.00000", "2007-12-31": "1302.00000", "2006-12-31": "1138.00000", "2005-12-31": "794.00000"}, "Change In Accounts Receivable": {"2019-12-31": "34.00000", "2018-12-31": "-36.00000", "2017-12-31": "-88.00000", "2016-12-31": "82.00000", "2015-12-31": "39.00000", "2014-12-31": "-276.00000", "2013-12-31": "35.00000", "2012-12-31": "27.00000", "2011-12-31": "-197.00000", "2010-12-31": "-36.00000", "2009-12-31": "52.00000", "2008-12-31": "335.00000", "2007-12-31": "-122.00000", "2006-12-31": "386.00000", "2005-12-31": "-242.00000"}, "Change In Inventories": {"2019-12-31": "5.00000", "2018-12-31": "-16.00000", "2017-12-31": "8.00000", "2016-12-31": "-25.00000", "2015-12-31": "105.00000", "2014-12-31": "-36.00000", "2013-12-31": "-17.00000", "2012-12-31": "5.00000", "2011-12-31": "60.00000", "2010-12-31": "-81.00000", "2009-12-31": "33.00000", "2008-12-31": "-48.00000", "2007-12-31": "29.00000", "2006-12-31": "31.00000", "2005-12-31": "-10.00000"}, "Change In Accounts Payable": {"2019-12-31": "-46.00000", "2018-12-31": "-93.00000", "2017-12-31": "118.00000", "2016-12-31": "35.00000", "2015-12-31": "-88.00000", "2014-12-31": "-8.00000", "2013-12-31": "-35.00000", "2012-12-31": "-110.00000", "2011-12-31": "250.00000", "2010-12-31": "-14.00000", "2009-12-31": "9.00000", "2008-12-31": "-255.00000", "2007-12-31": "-109.00000", "2006-12-31": "-86.00000", "2005-12-31": "319.00000"}, "Change In Assets/Liabilities": {"2019-12-31": "-155.00000", "2018-12-31": "-112.00000", "2017-12-31": "-179.00000", "2016-12-31": "425.00000", "2015-12-31": "-243.00000", "2014-12-31": "283.00000", "2013-12-31": "86.00000", "2012-12-31": "46.00000", "2011-12-31": "-25.00000", "2010-12-31": "74.00000", "2009-12-31": "91.00000", "2008-12-31": "-262.00000", "2007-12-31": "257.00000", "2006-12-31": "222.00000", "2005-12-31": "248.00000"}, "Total Change In Assets/Liabilities": {"2019-12-31": "-9.00000", "2018-12-31": "-234.00000", "2017-12-31": "-233.00000", "2016-12-31": "1029.00000", "2015-12-31": "-133.00000", "2014-12-31": "-240.00000", "2013-12-31": "244.00000", "2012-12-31": "-32.00000", "2011-12-31": "139.00000", "2010-12-31": "-86.00000", "2009-12-31": "15.00000", "2008-12-31": "-223.00000", "2007-12-31": "-145.00000", "2006-12-31": "443.00000", "2005-12-31": "342.00000"}, "Cash Flow From Operating Activities": {"2019-12-31": "3693.00000", "2018-12-31": "3293.00000", "2017-12-31": "3089.00000", "2016-12-31": "4155.00000", "2015-12-31": "2708.00000", "2014-12-31": "2115.00000", "2013-12-31": "2217.00000", "2012-12-31": "1835.00000", "2011-12-31": "3439.00000", "2010-12-31": "2651.00000", "2009-12-31": "2572.00000", "2008-12-31": "3355.00000", "2007-12-31": "2237.00000", "2006-12-31": "1890.00000", "2005-12-31": "1450.00000"}, "Net Change In Property, Plant, And Equipment": {"2019-12-31": "-2149.00000", "2018-12-31": "-3263.00000", "2017-12-31": "-2440.00000", "2016-12-31": "-2021.00000", "2015-12-31": "-3164.00000", "2014-12-31": "-3997.00000", "2013-12-31": "-3569.00000", "2012-12-31": "-2529.00000", "2011-12-31": "-2796.00000", "2010-12-31": "-2742.00000", "2009-12-31": "-2387.00000", "2008-12-31": "-3394.00000", "2007-12-31": "-2856.00000", "2006-12-31": "-2486.00000", "2005-12-31": "-1164.00000"}, "Net Change In Intangible Assets": {"2019-12-31": "", "2018-12-31": "", "2017-12-31": "", "2016-12-31": "", "2015-12-31": "", "2014-12-31": "", "2013-12-31": "", "2012-12-31": "", "2011-12-31": "", "2010-12-31": "", "2009-12-31": "", "2008-12-31": "148.00000", "2007-12-31": "", "2006-12-31": "", "2005-12-31": ""}, "Net Acquisitions/Divestitures": {"2019-12-31": "-730.00000", "2018-12-31": "1296.00000", "2017-12-31": "2067.00000", "2016-12-31": "1020.00000", "2015-12-31": "-112.00000", "2014-12-31": "-5958.00000", "2013-12-31": "-6.00000", "2012-12-31": "-2049.00000", "2011-12-31": "-41.00000", "2010-12-31": "-1099.00000", "2009-12-31": "", "2008-12-31": "", "2007-12-31": "471.00000", "2006-12-31": "", "2005-12-31": "31.00000"}, "Net Change In Short-term Investments": {"2019-12-31": "", "2018-12-31": "", "2017-12-31": "", "2016-12-31": "", "2015-12-31": "", "2014-12-31": "", "2013-12-31": "", "2012-12-31": "", "2011-12-31": "", "2010-12-31": "", "2009-12-31": "", "2008-12-31": "", "2007-12-31": "49.00000", "2006-12-31": "133.00000", "2005-12-31": "-21.00000"}, "Net Change In Long-Term Investments": {"2019-12-31": "32.00000", "2018-12-31": "-1132.00000", "2017-12-31": "68.00000", "2016-12-31": "-143.00000", "2015-12-31": "-595.00000", "2014-12-31": "-482.00000", "2013-12-31": "-455.00000", "2012-12-31": "-2572.00000", "2011-12-31": "-195.00000", "2010-12-31": "-488.00000", "2009-12-31": "-142.00000", "2008-12-31": "-111.00000", "2007-12-31": "32.00000", "2006-12-31": "13.00000", "2005-12-31": "313.00000"}, "Net Change In Investments - Total": {"2019-12-31": "32.00000", "2018-12-31": "-1132.00000", "2017-12-31": "68.00000", "2016-12-31": "-143.00000", "2015-12-31": "-595.00000", "2014-12-31": "-482.00000", "2013-12-31": "-455.00000", "2012-12-31": "-2572.00000", "2011-12-31": "-195.00000", "2010-12-31": "-488.00000", "2009-12-31": "-142.00000", "2008-12-31": "-111.00000", "2007-12-31": "81.00000", "2006-12-31": "146.00000", "2005-12-31": "292.00000"}, "Investing Activities - Other": {"2019-12-31": "20.00000", "2018-12-31": "374.00000", "2017-12-31": "405.00000", "2016-12-31": "253.00000", "2015-12-31": "572.00000", "2014-12-31": "280.00000", "2013-12-31": "-22.00000", "2012-12-31": "229.00000", "2011-12-31": "29.00000", "2010-12-31": "33.00000", "2009-12-31": "219.00000", "2008-12-31": "174.00000", "2007-12-31": "8.00000", "2006-12-31": "19.00000", "2005-12-31": "22.00000"}, "Cash Flow From Investing Activities": {"2019-12-31": "-2827.00000", "2018-12-31": "-2725.00000", "2017-12-31": "100.00000", "2016-12-31": "-891.00000", "2015-12-31": "-3299.00000", "2014-12-31": "-10157.00000", "2013-12-31": "-4052.00000", "2012-12-31": "-6921.00000", "2011-12-31": "-3003.00000", "2010-12-31": "-4296.00000", "2009-12-31": "-2310.00000", "2008-12-31": "-3183.00000", "2007-12-31": "-2296.00000", "2006-12-31": "-2321.00000", "2005-12-31": "-819.00000"}, "Net Long-Term Debt": {"2019-12-31": "-142.00000", "2018-12-31": "722.00000", "2017-12-31": "-2592.00000", "2016-12-31": "-711.00000", "2015-12-31": "3008.00000", "2014-12-31": "5493.00000", "2013-12-31": "618.00000", "2012-12-31": "2018.00000", "2011-12-31": "1117.00000", "2010-12-31": "824.00000", "2009-12-31": "562.00000", "2008-12-31": "9.00000", "2007-12-31": "-122.00000", "2006-12-31": "522.00000", "2005-12-31": "-251.00000"}, "Net Current Debt": {"2019-12-31": "-4.00000", "2018-12-31": "-2.00000", "2017-12-31": "-93.00000", "2016-12-31": "-409.00000", "2015-12-31": "-306.00000", "2014-12-31": "572.00000", "2013-12-31": "224.00000", "2012-12-31": "", "2011-12-31": "", "2010-12-31": "", "2009-12-31": "", "2008-12-31": "", "2007-12-31": "52.00000", "2006-12-31": "-25.00000", "2005-12-31": "63.00000"}, "Debt Issuance/Retirement Net - Total": {"2019-12-31": "-146.00000", "2018-12-31": "720.00000", "2017-12-31": "-2685.00000", "2016-12-31": "-1120.00000", "2015-12-31": "2702.00000", "2014-12-31": "6065.00000", "2013-12-31": "842.00000", "2012-12-31": "2018.00000", "2011-12-31": "1117.00000", "2010-12-31": "824.00000", "2009-12-31": "562.00000", "2008-12-31": "9.00000", "2007-12-31": "-70.00000", "2006-12-31": "497.00000", "2005-12-31": "-188.00000"}, "Net Common Equity Issued/Repurchased": {"2019-12-31": "10.00000", "2018-12-31": "15.00000", "2017-12-31": "2131.00000", "2016-12-31": "9.00000", "2015-12-31": "27.00000", "2014-12-31": "3416.00000", "2013-12-31": "18.00000", "2012-12-31": "2550.00000", "2011-12-31": "49.00000", "2010-12-31": "12.00000", "2009-12-31": "", "2008-12-31": "-474.00000", "2007-12-31": "-470.00000", "2006-12-31": "34.00000", "2005-12-31": "310.00000"}, "Net Total Equity Issued/Repurchased": {"2019-12-31": "10.00000", "2018-12-31": "15.00000", "2017-12-31": "2131.00000", "2016-12-31": "9.00000", "2015-12-31": "27.00000", "2014-12-31": "3416.00000", "2013-12-31": "18.00000", "2012-12-31": "2550.00000", "2011-12-31": "49.00000", "2010-12-31": "12.00000", "2009-12-31": "", "2008-12-31": "-474.00000", "2007-12-31": "-470.00000", "2006-12-31": "34.00000", "2005-12-31": "310.00000"}, "Total Common And Preferred Stock Dividends Paid": {"2019-12-31": "-1966.00000", "2018-12-31": "-1977.00000", "2017-12-31": "-1814.00000", "2016-12-31": "-2201.00000", "2015-12-31": "-2778.00000", "2014-12-31": "-2252.00000", "2013-12-31": "-1471.00000", "2012-12-31": "-1091.00000", "2011-12-31": "-671.00000", "2010-12-31": "-429.00000", "2009-12-31": "-385.00000", "2008-12-31": "-372.00000", "2007-12-31": "-308.00000", "2006-12-31": "-243.00000", "2005-12-31": "-164.00000"}, "Financial Activities - Other": {"2019-12-31": "1357.00000", "2018-12-31": "-57.00000", "2017-12-31": "-92.00000", "2016-12-31": "118.00000", "2015-12-31": "500.00000", "2014-12-31": "372.00000", "2013-12-31": "2288.00000", "2012-12-31": "1559.00000", "2011-12-31": "-837.00000", "2010-12-31": "166.00000", "2009-12-31": "-11.00000", "2008-12-31": "405.00000", "2007-12-31": "337.00000", "2006-12-31": "815.00000", "2005-12-31": "78.00000"}, "Cash Flow From Financial Activities": {"2019-12-31": "-745.00000", "2018-12-31": "-1299.00000", "2017-12-31": "-2460.00000", "2016-12-31": "-3194.00000", "2015-12-31": "451.00000", "2014-12-31": "7601.00000", "2013-12-31": "1677.00000", "2012-12-31": "5036.00000", "2011-12-31": "-342.00000", "2010-12-31": "573.00000", "2009-12-31": "166.00000", "2008-12-31": "-432.00000", "2007-12-31": "-511.00000", "2006-12-31": "1103.00000", "2005-12-31": "36.00000"}, "Net Cash Flow": {"2019-12-31": "121.00000", "2018-12-31": "-731.00000", "2017-12-31": "729.00000", "2016-12-31": "70.00000", "2015-12-31": "-140.00000", "2014-12-31": "-441.00000", "2013-12-31": "-158.00000", "2012-12-31": "-50.00000", "2011-12-31": "94.00000", "2010-12-31": "-1072.00000", "2009-12-31": "428.00000", "2008-12-31": "-260.00000", "2007-12-31": "-570.00000", "2006-12-31": "672.00000", "2005-12-31": "667.00000"}, "Stock-Based Compensation": {"2019-12-31": "", "2018-12-31": "", "2017-12-31": "", "2016-12-31": "", "2015-12-31": "82.00000", "2014-12-31": "", "2013-12-31": "37.00000", "2012-12-31": "", "2011-12-31": "", "2010-12-31": "", "2009-12-31": "", "2008-12-31": "", "2007-12-31": "70.00000", "2006-12-31": "", "2005-12-31": "13.00000"}, "Common Stock Dividends Paid": {"2019-12-31": "-1966.00000", "2018-12-31": "-1977.00000", "2017-12-31": "-1814.00000", "2016-12-31": "-2201.00000", "2015-12-31": "-2778.00000", "2014-12-31": "-2252.00000", "2013-12-31": "-1471.00000", "2012-12-31": "-1091.00000", "2011-12-31": "-671.00000", "2010-12-31": "-429.00000", "2009-12-31": "-385.00000", "2008-12-31": "-372.00000", "2007-12-31": "-308.00000", "2006-12-31": "-243.00000", "2005-12-31": "-164.00000"}}, "cash flow statement, quarterly": {"Net Income/Loss": {"2020-09-30": 323, "2020-06-30": 315, "2020-03-31": "-570.00000", "2019-12-31": -66, "2019-09-30": 242, "2019-06-30": 324, "2019-03-31": "214.00000", "2018-12-31": -546, "2018-09-30": 200, "2018-06-30": 269, "2018-03-31": "270.00000", "2017-12-31": 1622, "2017-09-30": 125, "2017-06-30": 193, "2017-03-31": "569.00000", "2016-12-31": 37, "2016-09-30": 131, "2016-06-30": -505, "2016-03-31": "-13.00000", "2015-12-31": -1337, "2015-09-30": -173, "2015-06-30": 183, "2015-03-31": "13.00000", "2014-12-31": 308, "2014-09-30": 1708, "2014-06-30": 127, "2014-03-31": "196.00000", "2013-12-31": 49, "2013-09-30": 197, "2013-06-30": 192, "2013-03-31": "230.00000", "2012-12-31": 202, "2012-09-30": 203, "2012-06-30": 165, "2012-03-31": "495.00000", "2011-12-31": -362, "2011-09-30": 342, "2011-06-30": 297, "2011-03-31": "384.00000", "2010-12-31": 228, "2010-09-30": -1226, "2010-06-30": 222, "2010-03-31": "-146.00000", "2009-12-31": 222, "2009-09-30": 194, "2009-06-30": 169, "2009-03-31": "-224.00000", "2008-12-31": 132, "2008-09-30": 421, "2008-06-30": 500, "2008-03-31": "539.00000", "2007-12-31": 315, "2007-09-30": 198, "2007-06-30": 433, "2007-03-31": "134.00000", "2006-12-31": 146.9, "2006-09-30": 106.2, "2006-06-30": -76, "2006-03-31": "131.90000", "2005-12-31": 67.2, "2005-09-30": 4.4, "2005-06-30": 40.2, "2005-03-31": "202.20000"}, "Total Depreciation And Amortization - Cash Flow": {"2020-09-30": 215, "2020-06-30": 445, "2020-03-31": "625.00000", "2019-12-31": 496, "2019-09-30": 405, "2019-06-30": 440, "2019-03-31": "430.00000", "2018-12-31": 447, "2018-09-30": 468, "2018-06-30": 420, "2018-03-31": "445.00000", "2017-12-31": 445, "2017-09-30": 450, "2017-06-30": 456, "2017-03-31": "463.00000", "2016-12-31": 455, "2016-09-30": 456, "2016-06-30": 459, "2016-03-31": "466.00000", "2015-12-31": 1484, "2015-09-30": 451, "2015-06-30": 451, "2015-03-31": "450.00000", "2014-12-31": 396, "2014-09-30": 382, "2014-06-30": 226, "2014-03-31": "225.00000", "2013-12-31": 181, "2013-09-30": 215, "2013-06-30": 209, "2013-03-31": "210.00000", "2012-12-31": 220, "2012-09-30": 205, "2012-06-30": 190, "2012-03-31": "177.00000", "2011-12-31": 428, "2011-09-30": 429, "2011-06-30": 414, "2011-03-31": "395.00000", "2010-12-31": 417, "2010-09-30": 385, "2010-06-30": 378, "2010-03-31": "375.00000", "2009-12-31": 389, "2009-09-30": 372, "2009-06-30": 384, "2009-03-31": "367.00000", "2008-12-31": 355, "2008-09-30": 332, "2008-06-30": 352, "2008-03-31": "302.00000", "2007-12-31": -197, "2007-09-30": 300, "2007-06-30": 285, "2007-03-31": "265.00000", "2006-12-31": 249.6, "2006-09-30": 231.5, "2006-06-30": 221.4, "2006-03-31": "207.50000", "2005-12-31": 184.2, "2005-09-30": 192.7, "2005-06-30": 182.1, "2005-03-31": "181.00000"}, "Other Non-Cash Items": {"2020-09-30": 374, "2020-06-30": 164, "2020-03-31": "908.00000", "2019-12-31": 567, "2019-09-30": 282, "2019-06-30": 127, "2019-03-31": "241.00000", "2018-12-31": 973, "2018-09-30": 263, "2018-06-30": 187, "2018-03-31": "131.00000", "2017-12-31": -1216, "2017-09-30": 203, "2017-06-30": 170, "2017-03-31": "-158.00000", "2016-12-31": 735, "2016-09-30": 132, "2016-06-30": 659, "2016-03-31": "114.00000", "2015-12-31": 782, "2015-09-30": 399, "2015-06-30": 110, "2015-03-31": "28.00000", "2014-12-31": 267, "2014-09-30": -1511, "2014-06-30": 127, "2014-03-31": "-96.00000", "2013-12-31": 189, "2013-09-30": 40, "2013-06-30": 158, "2013-03-31": "103.00000", "2012-12-31": 93, "2012-09-30": 5, "2012-06-30": 27, "2012-03-31": "-115.00000", "2011-12-31": 773, "2011-09-30": 68, "2011-06-30": 118, "2011-03-31": "14.00000", "2010-12-31": -32, "2010-09-30": 1470, "2010-06-30": 27, "2010-03-31": "639.00000", "2009-12-31": 198, "2009-09-30": 112, "2009-06-30": 23, "2009-03-31": "351.00000", "2008-12-31": 303, "2008-09-30": 151, "2008-06-30": 155, "2008-03-31": "36.00000", "2007-12-31": 449, "2007-09-30": 144, "2007-06-30": -34, "2007-03-31": "90.00000", "2006-12-31": 56.9, "2006-09-30": 89.5, "2006-06-30": -18.4, "2006-03-31": "100.00000", "2005-12-31": 89.2, "2005-09-30": -228.1, "2005-06-30": 82.1, "2005-03-31": "110.80000"}, "Total Non-Cash Items": {"2020-09-30": 589, "2020-06-30": 609, "2020-03-31": "1533.00000", "2019-12-31": 1063, "2019-09-30": 687, "2019-06-30": 567, "2019-03-31": "671.00000", "2018-12-31": 1420, "2018-09-30": 731, "2018-06-30": 607, "2018-03-31": "576.00000", "2017-12-31": -771, "2017-09-30": 653, "2017-06-30": 626, "2017-03-31": "305.00000", "2016-12-31": 1190, "2016-09-30": 588, "2016-06-30": 1118, "2016-03-31": "580.00000", "2015-12-31": 2266, "2015-09-30": 850, "2015-06-30": 561, "2015-03-31": "478.00000", "2014-12-31": 663, "2014-09-30": -1129, "2014-06-30": 353, "2014-03-31": "129.00000", "2013-12-31": 370, "2013-09-30": 255, "2013-06-30": 367, "2013-03-31": "313.00000", "2012-12-31": 313, "2012-09-30": 210, "2012-06-30": 217, "2012-03-31": "62.00000", "2011-12-31": 1201, "2011-09-30": 497, "2011-06-30": 532, "2011-03-31": "409.00000", "2010-12-31": 385, "2010-09-30": 1855, "2010-06-30": 405, "2010-03-31": "1014.00000", "2009-12-31": 587, "2009-09-30": 484, "2009-06-30": 407, "2009-03-31": "718.00000", "2008-12-31": 658, "2008-09-30": 483, "2008-06-30": 507, "2008-03-31": "338.00000", "2007-12-31": 252, "2007-09-30": 444, "2007-06-30": 251, "2007-03-31": "355.00000", "2006-12-31": 306.5, "2006-09-30": 321, "2006-06-30": 203, "2006-03-31": "307.50000", "2005-12-31": 273.4, "2005-09-30": -35.3999, "2005-06-30": 264.1999, "2005-03-31": "291.80000"}, "Change In Accounts Receivable": {"2020-09-30": -103, "2020-06-30": 18, "2020-03-31": "67.00000", "2019-12-31": -125, "2019-09-30": 10, "2019-06-30": 52, "2019-03-31": "97.00000", "2018-12-31": -111, "2018-09-30": -46, "2018-06-30": -117, "2018-03-31": "238.00000", "2017-12-31": -206, "2017-09-30": -83, "2017-06-30": 172, "2017-03-31": "29.00000", "2016-12-31": -90, "2016-09-30": -118, "2016-06-30": -8, "2016-03-31": "298.00000", "2015-12-31": -335, "2015-09-30": 24, "2015-06-30": 50, "2015-03-31": "300.00000", "2014-12-31": -170, "2014-09-30": -123, "2014-06-30": 1, "2014-03-31": "16.00000", "2013-12-31": -50, "2013-09-30": 95, "2013-06-30": 62, "2013-03-31": "-72.00000", "2012-12-31": -55, "2012-09-30": -6, "2012-06-30": 36, "2012-03-31": "52.00000", "2011-12-31": -17, "2011-09-30": -124, "2011-06-30": -62, "2011-03-31": "6.00000", "2010-12-31": -128, "2010-09-30": -23, "2010-06-30": 113, "2010-03-31": "2.00000", "2009-12-31": -127, "2009-09-30": -65, "2009-06-30": -1, "2009-03-31": "245.00000", "2008-12-31": 57, "2008-09-30": 639, "2008-06-30": -299, "2008-03-31": "-62.00000", "2007-12-31": -50, "2007-09-30": 85, "2007-06-30": -95, "2007-03-31": "-62.00000", "2006-12-31": 19.3, "2006-09-30": -74, "2006-06-30": 0.2, "2006-03-31": "440.50000", "2005-12-31": -127, "2005-09-30": -287.7, "2005-06-30": 13, "2005-03-31": "159.70000"}, "Change In Inventories": {"2020-09-30": -24, "2020-06-30": -28, "2020-03-31": "19.00000", "2019-12-31": -2, "2019-09-30": 3, "2019-06-30": 3, "2019-03-31": "1.00000", "2018-12-31": 23, "2018-09-30": -6, "2018-06-30": 7, "2018-03-31": "-40.00000", "2017-12-31": 31, "2017-09-30": 7, "2017-06-30": 0, "2017-03-31": "-30.00000", "2016-12-31": -18, "2016-09-30": -4, "2016-06-30": 13, "2016-03-31": "-16.00000", "2015-12-31": 29, "2015-09-30": 12, "2015-06-30": 32, "2015-03-31": "32.00000", "2014-12-31": 53, "2014-09-30": -8, "2014-06-30": -54, "2014-03-31": "-27.00000", "2013-12-31": 36, "2013-09-30": -55, "2013-06-30": 15, "2013-03-31": "-13.00000", "2012-12-31": -14, "2012-09-30": 9, "2012-06-30": 27, "2012-03-31": "-17.00000", "2011-12-31": 45, "2011-09-30": -5, "2011-06-30": -18, "2011-03-31": "38.00000", "2010-12-31": -32, "2010-09-30": 8, "2010-06-30": -57, "2010-03-31": "", "2009-12-31": 10, "2009-09-30": 17, "2009-06-30": -7, "2009-03-31": "13.00000", "2008-12-31": 63, "2008-09-30": 18, "2008-06-30": -49, "2008-03-31": "-80.00000", "2007-12-31": 6, "2007-09-30": 13, "2007-06-30": 35, "2007-03-31": "-25.00000", "2006-12-31": 18.5, "2006-09-30": 47.5, "2006-06-30": -29.8, "2006-03-31": "-5.20000", "2005-12-31": 29.9, "2005-09-30": -41.5, "2005-06-30": -36.7, "2005-03-31": "38.30000"}, "Change In Accounts Payable": {"2020-09-30": -313, "2020-06-30": 391, "2020-03-31": "-155.00000", "2019-12-31": 30, "2019-09-30": 22, "2019-06-30": -59, "2019-03-31": "-39.00000", "2018-12-31": -17, "2018-09-30": -6, "2018-06-30": 127, "2018-03-31": "-197.00000", "2017-12-31": 71, "2017-09-30": 18, "2017-06-30": -3, "2017-03-31": "32.00000", "2016-12-31": 41, "2016-09-30": -19, "2016-06-30": 36, "2016-03-31": "-23.00000", "2015-12-31": 49, "2015-09-30": -89, "2015-06-30": 27, "2015-03-31": "-75.00000", "2014-12-31": -68, "2014-09-30": 94, "2014-06-30": -18, "2014-03-31": "-16.00000", "2013-12-31": 12, "2013-09-30": -25, "2013-06-30": -28, "2013-03-31": "6.00000", "2012-12-31": 55, "2012-09-30": 9, "2012-06-30": -106, "2012-03-31": "-68.00000", "2011-12-31": 85, "2011-09-30": 86, "2011-06-30": 52, "2011-03-31": "27.00000", "2010-12-31": 52, "2010-09-30": 18, "2010-06-30": -82, "2010-03-31": "-2.00000", "2009-12-31": 114, "2009-09-30": -35, "2009-06-30": -8, "2009-03-31": "-62.00000", "2008-12-31": -75, "2008-09-30": -535, "2008-06-30": 219, "2008-03-31": "136.00000", "2007-12-31": -138, "2007-09-30": -32, "2007-06-30": 23, "2007-03-31": "38.00000", "2006-12-31": 233, "2006-09-30": 194.4, "2006-06-30": -50.2, "2006-03-31": "-463.20000", "2005-12-31": 143.5, "2005-09-30": 227.7, "2005-06-30": 56.1, "2005-03-31": "-108.30000"}, "Change In Assets/Liabilities": {"2020-09-30": 30, "2020-06-30": -76, "2020-03-31": "43.00000", "2019-12-31": 14, "2019-09-30": -112, "2019-06-30": -30, "2019-03-31": "-27.00000", "2018-12-31": 108, "2018-09-30": -72, "2018-06-30": -161, "2018-03-31": "13.00000", "2017-12-31": 42, "2017-09-30": -31, "2017-06-30": -145, "2017-03-31": "-45.00000", "2016-12-31": 515, "2016-09-30": -102, "2016-06-30": -86, "2016-03-31": "98.00000", "2015-12-31": -120, "2015-09-30": -12, "2015-06-30": -138, "2015-03-31": "27.00000", "2014-12-31": 302, "2014-09-30": -11, "2014-06-30": -89, "2014-03-31": "81.00000", "2013-12-31": 14, "2013-09-30": 23, "2013-06-30": -7, "2013-03-31": "56.00000", "2012-12-31": 59, "2012-09-30": -49, "2012-06-30": 28, "2012-03-31": "8.00000", "2011-12-31": 17, "2011-09-30": -31, "2011-06-30": -23, "2011-03-31": "12.00000", "2010-12-31": 140, "2010-09-30": -51, "2010-06-30": -44, "2010-03-31": "29.00000", "2009-12-31": -21, "2009-09-30": 90, "2009-06-30": -16, "2009-03-31": "38.00000", "2008-12-31": -76, "2008-09-30": -101, "2008-06-30": -124, "2008-03-31": "39.00000", "2007-12-31": 125, "2007-09-30": 111, "2007-06-30": -27, "2007-03-31": "48.00000", "2006-12-31": -35.5, "2006-09-30": 155.4, "2006-06-30": 136.5, "2006-03-31": "-34.40000", "2005-12-31": 6.4, "2005-09-30": 299.9, "2005-06-30": 69.4, "2005-03-31": "-127.70000"}, "Total Change In Assets/Liabilities": {"2020-09-30": -460, "2020-06-30": 219, "2020-03-31": "-176.00000", "2019-12-31": -6, "2019-09-30": -71, "2019-06-30": 178, "2019-03-31": "-110.00000", "2018-12-31": 88, "2018-09-30": -185, "2018-06-30": 15, "2018-03-31": "-152.00000", "2017-12-31": 7, "2017-09-30": -73, "2017-06-30": -20, "2017-03-31": "-147.00000", "2016-12-31": 831, "2016-09-30": -91, "2016-06-30": 73, "2016-03-31": "216.00000", "2015-12-31": -307, "2015-09-30": -74, "2015-06-30": 70, "2015-03-31": "178.00000", "2014-12-31": 40, "2014-09-30": -234, "2014-06-30": -167, "2014-03-31": "121.00000", "2013-12-31": 96, "2013-09-30": 87, "2013-06-30": 109, "2013-03-31": "-48.00000", "2012-12-31": 31, "2012-09-30": 18, "2012-06-30": 42, "2012-03-31": "-123.00000", "2011-12-31": 248, "2011-09-30": -171, "2011-06-30": 44, "2011-03-31": "18.00000", "2010-12-31": 97, "2010-09-30": 15, "2010-06-30": 53, "2010-03-31": "-251.00000", "2009-12-31": 5, "2009-09-30": -54, "2009-06-30": 46, "2009-03-31": "18.00000", "2008-12-31": -41, "2008-09-30": -64, "2008-06-30": -34, "2008-03-31": "-84.00000", "2007-12-31": -7, "2007-09-30": 51, "2007-06-30": 1, "2007-03-31": "-190.00000", "2006-12-31": 122.3, "2006-09-30": 213.8, "2006-06-30": 381.6, "2006-03-31": "-274.70000", "2005-12-31": 27.1, "2005-09-30": 320, "2005-06-30": 184.5, "2005-03-31": "-189.60000"}, "Cash Flow From Operating Activities": {"2020-09-30": 452, "2020-06-30": 1143, "2020-03-31": "787.00000", "2019-12-31": 991, "2019-09-30": 858, "2019-06-30": 1069, "2019-03-31": "775.00000", "2018-12-31": 962, "2018-09-30": 746, "2018-06-30": 891, "2018-03-31": "694.00000", "2017-12-31": 858, "2017-09-30": 705, "2017-06-30": 799, "2017-03-31": "727.00000", "2016-12-31": 2058, "2016-09-30": 628, "2016-06-30": 686, "2016-03-31": "783.00000", "2015-12-31": 622, "2015-09-30": 603, "2015-06-30": 814, "2015-03-31": "669.00000", "2014-12-31": 1011, "2014-09-30": 345, "2014-06-30": 313, "2014-03-31": "446.00000", "2013-12-31": 515, "2013-09-30": 539, "2013-06-30": 668, "2013-03-31": "495.00000", "2012-12-31": 546, "2012-09-30": 431, "2012-06-30": 424, "2012-03-31": "434.00000", "2011-12-31": 1087, "2011-09-30": 668, "2011-06-30": 873, "2011-03-31": "811.00000", "2010-12-31": 710, "2010-09-30": 644, "2010-06-30": 680, "2010-03-31": "617.00000", "2009-12-31": 814, "2009-09-30": 624, "2009-06-30": 622, "2009-03-31": "512.00000", "2008-12-31": 749, "2008-09-30": 840, "2008-06-30": 973, "2008-03-31": "793.00000", "2007-12-31": 560, "2007-09-30": 693, "2007-06-30": 685, "2007-03-31": "299.00000", "2006-12-31": 575.7, "2006-09-30": 641, "2006-06-30": 508.6, "2006-03-31": "164.70000", "2005-12-31": 367.7, "2005-09-30": 289, "2005-06-30": 488.9, "2005-03-31": "304.40000"}, "Net Change In Property, Plant, And Equipment": {"2020-09-30": -339, "2020-06-30": -320, "2020-03-31": "-309.00000", "2019-12-31": -412, "2019-09-30": -803, "2019-06-30": -508, "2019-03-31": "-426.00000", "2018-12-31": -602, "2018-09-30": -774, "2018-06-30": -929, "2018-03-31": "-958.00000", "2017-12-31": -713, "2017-09-30": -657, "2017-06-30": -557, "2017-03-31": "-513.00000", "2016-12-31": -473, "2016-09-30": -510, "2016-06-30": -549, "2016-03-31": "-489.00000", "2015-12-31": -742, "2015-09-30": -774, "2015-06-30": -816, "2015-03-31": "-832.00000", "2014-12-31": -1089, "2014-09-30": -1097, "2014-06-30": -1024, "2014-03-31": "-787.00000", "2013-12-31": -1027, "2013-09-30": -1012, "2013-06-30": -817, "2013-03-31": "-713.00000", "2012-12-31": -877, "2012-09-30": -730, "2012-06-30": -593, "2012-03-31": "-329.00000", "2011-12-31": -963, "2011-09-30": -739, "2011-06-30": -568, "2011-03-31": "-526.00000", "2010-12-31": -631, "2010-09-30": -1171, "2010-06-30": -512, "2010-03-31": "-428.00000", "2009-12-31": -558, "2009-09-30": -752, "2009-06-30": -465, "2009-03-31": "-612.00000", "2008-12-31": -803, "2008-09-30": -1070, "2008-06-30": -942, "2008-03-31": "-579.00000", "2007-12-31": -757, "2007-09-30": -862, "2007-06-30": -728, "2007-03-31": "-509.00000", "2006-12-31": -719.8, "2006-09-30": -770.6, "2006-06-30": -539.8, "2006-03-31": "-455.80000", "2005-12-31": -405, "2005-09-30": -339.9, "2005-06-30": -290.8, "2005-03-31": "-128.30000"}, "Net Change In Intangible Assets": {"2020-09-30": 0, "2020-06-30": 0, "2020-03-31": "", "2019-12-31": 0, "2019-09-30": 0, "2019-06-30": 0, "2019-03-31": "", "2018-12-31": 0, "2018-09-30": 0, "2018-06-30": 0, "2018-03-31": "", "2017-12-31": 0, "2017-09-30": 0, "2017-06-30": 0, "2017-03-31": "", "2016-12-31": 0, "2016-09-30": 0, "2016-06-30": 0, "2016-03-31": "", "2015-12-31": 0, "2015-09-30": 0, "2015-06-30": 0, "2015-03-31": "", "2014-12-31": 0, "2014-09-30": 0, "2014-06-30": 0, "2014-03-31": "", "2013-12-31": 0, "2013-09-30": 0, "2013-06-30": 0, "2013-03-31": "", "2012-12-31": 0, "2012-09-30": 0, "2012-06-30": 0, "2012-03-31": "", "2011-12-31": 0, "2011-09-30": 0, "2011-06-30": 0, "2011-03-31": "", "2010-12-31": 0, "2010-09-30": 0, "2010-06-30": 0, "2010-03-31": "", "2009-12-31": 0, "2009-09-30": 0, "2009-06-30": 0, "2009-03-31": "", "2008-12-31": 0, "2008-09-30": 0, "2008-06-30": 30, "2008-03-31": "118.00000", "2007-12-31": 0, "2007-09-30": 0, "2007-06-30": 0, "2007-03-31": "", "2006-12-31": 0, "2006-09-30": 0, "2006-06-30": 0, "2006-03-31": "", "2005-12-31": 0, "2005-09-30": 0, "2005-06-30": 0, "2005-03-31": ""}, "Net Acquisitions/Divestitures": {"2020-09-30": 0, "2020-06-30": 0, "2020-03-31": "", "2019-12-31": -2, "2019-09-30": -1, "2019-06-30": 0, "2019-03-31": "-727.00000", "2018-12-31": 1296, "2018-09-30": 0, "2018-06-30": 0, "2018-03-31": "", "2017-12-31": 11, "2017-09-30": 2056, "2017-06-30": 0, "2017-03-31": "", "2016-12-31": 308, "2016-09-30": 712, "2016-06-30": 0, "2016-03-31": "", "2015-12-31": 0, "2015-09-30": 0, "2015-06-30": -112, "2015-03-31": "", "2014-12-31": 0, "2014-09-30": 37, "2014-06-30": -5995, "2014-03-31": "", "2013-12-31": -6, "2013-09-30": 0, "2013-06-30": 0, "2013-03-31": "", "2012-12-31": 0, "2012-09-30": 0, "2012-06-30": -1724, "2012-03-31": "-325.00000", "2011-12-31": 0, "2011-09-30": -41, "2011-06-30": 0, "2011-03-31": "", "2010-12-31": -1099, "2010-09-30": 0, "2010-06-30": 0, "2010-03-31": "", "2009-12-31": 0, "2009-09-30": 0, "2009-06-30": 0, "2009-03-31": "", "2008-12-31": 0, "2008-09-30": 0, "2008-06-30": 0, "2008-03-31": "", "2007-12-31": 471, "2007-09-30": 0, "2007-06-30": 0, "2007-03-31": "", "2006-12-31": 0, "2006-09-30": 0, "2006-06-30": 0, "2006-03-31": "", "2005-12-31": -0.4, "2005-09-30": 31.4, "2005-06-30": -0.3, "2005-03-31": "0.30000"}, "Net Change In Short-term Investments": {"2020-09-30": 0, "2020-06-30": 0, "2020-03-31": "", "2019-12-31": 0, "2019-09-30": 0, "2019-06-30": 0, "2019-03-31": "", "2018-12-31": 0, "2018-09-30": 0, "2018-06-30": 0, "2018-03-31": "", "2017-12-31": 0, "2017-09-30": 0, "2017-06-30": 0, "2017-03-31": "", "2016-12-31": 0, "2016-09-30": 0, "2016-06-30": 0, "2016-03-31": "", "2015-12-31": 0, "2015-09-30": 0, "2015-06-30": 0, "2015-03-31": "", "2014-12-31": 0, "2014-09-30": 0, "2014-06-30": 0, "2014-03-31": "", "2013-12-31": 0, "2013-09-30": 0, "2013-06-30": 0, "2013-03-31": "", "2012-12-31": 0, "2012-09-30": 0, "2012-06-30": 0, "2012-03-31": "", "2011-12-31": 0, "2011-09-30": 0, "2011-06-30": 0, "2011-03-31": "", "2010-12-31": 0, "2010-09-30": 0, "2010-06-30": 0, "2010-03-31": "", "2009-12-31": 0, "2009-09-30": 0, "2009-06-30": 0, "2009-03-31": "", "2008-12-31": 0, "2008-09-30": 0, "2008-06-30": -43, "2008-03-31": "43.00000", "2007-12-31": -34, "2007-09-30": 182, "2007-06-30": 35, "2007-03-31": "-134.00000", "2006-12-31": 151.2, "2006-09-30": 287.3, "2006-06-30": -244.1, "2006-03-31": "-61.40000", "2005-12-31": 39.1, "2005-09-30": -5.1, "2005-06-30": -54.5, "2005-03-31": "-0.50000"}, "Net Change In Long-Term Investments": {"2020-09-30": -84, "2020-06-30": -36, "2020-03-31": "-30.00000", "2019-12-31": -92, "2019-09-30": -119, "2019-06-30": 342, "2019-03-31": "-99.00000", "2018-12-31": -329, "2018-09-30": -712, "2018-06-30": -70, "2018-03-31": "-21.00000", "2017-12-31": -29, "2017-09-30": -24, "2017-06-30": -27, "2017-03-31": "148.00000", "2016-12-31": -11, "2016-09-30": -10, "2016-06-30": -59, "2016-03-31": "-63.00000", "2015-12-31": -66, "2015-09-30": -46, "2015-06-30": -400, "2015-03-31": "-83.00000", "2014-12-31": -137, "2014-09-30": -99, "2014-06-30": -18, "2014-03-31": "-228.00000", "2013-12-31": -105, "2013-09-30": -162, "2013-06-30": -95, "2013-03-31": "-93.00000", "2012-12-31": -2369, "2012-09-30": -97, "2012-06-30": -136, "2012-03-31": "30.00000", "2011-12-31": -60, "2011-09-30": -37, "2011-06-30": -67, "2011-03-31": "-31.00000", "2010-12-31": -29, "2010-09-30": -439, "2010-06-30": -7, "2010-03-31": "-13.00000", "2009-12-31": -10, "2009-09-30": -3, "2009-06-30": -129, "2009-03-31": "", "2008-12-31": -6, "2008-09-30": -38, "2008-06-30": -67, "2008-03-31": "", "2007-12-31": 4, "2007-09-30": 6, "2007-06-30": 25, "2007-03-31": "-3.00000", "2006-12-31": 7.3, "2006-09-30": -9.1, "2006-06-30": -6.9, "2006-03-31": "21.70000", "2005-12-31": 304.9, "2005-09-30": -0.1, "2005-06-30": -28.8, "2005-03-31": "37.00000"}, "Net Change In Investments - Total": {"2020-09-30": -84, "2020-06-30": -36, "2020-03-31": "-30.00000", "2019-12-31": -92, "2019-09-30": -119, "2019-06-30": 342, "2019-03-31": "-99.00000", "2018-12-31": -329, "2018-09-30": -712, "2018-06-30": -70, "2018-03-31": "-21.00000", "2017-12-31": -29, "2017-09-30": -24, "2017-06-30": -27, "2017-03-31": "148.00000", "2016-12-31": -11, "2016-09-30": -10, "2016-06-30": -59, "2016-03-31": "-63.00000", "2015-12-31": -66, "2015-09-30": -46, "2015-06-30": -400, "2015-03-31": "-83.00000", "2014-12-31": -137, "2014-09-30": -99, "2014-06-30": -18, "2014-03-31": "-228.00000", "2013-12-31": -105, "2013-09-30": -162, "2013-06-30": -95, "2013-03-31": "-93.00000", "2012-12-31": -2369, "2012-09-30": -97, "2012-06-30": -136, "2012-03-31": "30.00000", "2011-12-31": -60, "2011-09-30": -37, "2011-06-30": -67, "2011-03-31": "-31.00000", "2010-12-31": -29, "2010-09-30": -439, "2010-06-30": -7, "2010-03-31": "-13.00000", "2009-12-31": -10, "2009-09-30": -3, "2009-06-30": -129, "2009-03-31": "", "2008-12-31": -6, "2008-09-30": -38, "2008-06-30": -110, "2008-03-31": "43.00000", "2007-12-31": -30, "2007-09-30": 188, "2007-06-30": 60, "2007-03-31": "-137.00000", "2006-12-31": 158.5, "2006-09-30": 278.2, "2006-06-30": -251, "2006-03-31": "-39.70000", "2005-12-31": 344, "2005-09-30": -5.2, "2005-06-30": -83.3, "2005-03-31": "36.50000"}, "Investing Activities - Other": {"2020-09-30": 11, "2020-06-30": 15, "2020-03-31": "10.00000", "2019-12-31": 23, "2019-09-30": 3, "2019-06-30": 0, "2019-03-31": "-6.00000", "2018-12-31": -107, "2018-09-30": 172, "2018-06-30": 128, "2018-03-31": "181.00000", "2017-12-31": 169, "2017-09-30": 55, "2017-06-30": 59, "2017-03-31": "122.00000", "2016-12-31": -315, "2016-09-30": 154, "2016-06-30": 208, "2016-03-31": "206.00000", "2015-12-31": 216, "2015-09-30": 115, "2015-06-30": 82, "2015-03-31": "159.00000", "2014-12-31": 79, "2014-09-30": 85, "2014-06-30": 93, "2014-03-31": "23.00000", "2013-12-31": -11, "2013-09-30": -3, "2013-06-30": -6, "2013-03-31": "-2.00000", "2012-12-31": 5, "2012-09-30": 37, "2012-06-30": 54, "2012-03-31": "133.00000", "2011-12-31": 8, "2011-09-30": 28, "2011-06-30": 15, "2011-03-31": "-22.00000", "2010-12-31": -65, "2010-09-30": 71, "2010-06-30": 21, "2010-03-31": "6.00000", "2009-12-31": 76, "2009-09-30": 0, "2009-06-30": 152, "2009-03-31": "-9.00000", "2008-12-31": 91, "2008-09-30": 36, "2008-06-30": 43, "2008-03-31": "4.00000", "2007-12-31": 3, "2007-09-30": -2, "2007-06-30": 2, "2007-03-31": "5.00000", "2006-12-31": 3.9, "2006-09-30": 10.4, "2006-06-30": 0.3, "2006-03-31": "4.40000", "2005-12-31": 11.5, "2005-09-30": 3.9, "2005-06-30": -1.7, "2005-03-31": "8.30000"}, "Cash Flow From Investing Activities": {"2020-09-30": -412, "2020-06-30": -341, "2020-03-31": "-329.00000", "2019-12-31": -483, "2019-09-30": -920, "2019-06-30": -166, "2019-03-31": "-1258.00000", "2018-12-31": 258, "2018-09-30": -1314, "2018-06-30": -871, "2018-03-31": "-798.00000", "2017-12-31": -562, "2017-09-30": 1430, "2017-06-30": -525, "2017-03-31": "-243.00000", "2016-12-31": -491, "2016-09-30": 346, "2016-06-30": -400, "2016-03-31": "-346.00000", "2015-12-31": -592, "2015-09-30": -705, "2015-06-30": -1246, "2015-03-31": "-756.00000", "2014-12-31": -1147, "2014-09-30": -1074, "2014-06-30": -6944, "2014-03-31": "-992.00000", "2013-12-31": -1149, "2013-09-30": -1177, "2013-06-30": -918, "2013-03-31": "-808.00000", "2012-12-31": -3241, "2012-09-30": -790, "2012-06-30": -2399, "2012-03-31": "-491.00000", "2011-12-31": -1015, "2011-09-30": -789, "2011-06-30": -620, "2011-03-31": "-579.00000", "2010-12-31": -1824, "2010-09-30": -1539, "2010-06-30": -498, "2010-03-31": "-435.00000", "2009-12-31": -492, "2009-09-30": -755, "2009-06-30": -442, "2009-03-31": "-621.00000", "2008-12-31": -718, "2008-09-30": -1072, "2008-06-30": -979, "2008-03-31": "-414.00000", "2007-12-31": -313, "2007-09-30": -676, "2007-06-30": -666, "2007-03-31": "-641.00000", "2006-12-31": -557.4, "2006-09-30": -482, "2006-06-30": -790.5, "2006-03-31": "-491.10000", "2005-12-31": -49.9, "2005-09-30": -309.8, "2005-06-30": -376.1, "2005-03-31": "-83.20000"}, "Net Long-Term Debt": {"2020-09-30": -608, "2020-06-30": 486, "2020-03-31": "184.00000", "2019-12-31": 26, "2019-09-30": -20, "2019-06-30": 8, "2019-03-31": "-156.00000", "2018-12-31": 178, "2018-09-30": 126, "2018-06-30": -570, "2018-03-31": "988.00000", "2017-12-31": -130, "2017-09-30": -2395, "2017-06-30": 1463, "2017-03-31": "-1530.00000", "2016-12-31": -1305, "2016-09-30": -460, "2016-06-30": 357, "2016-03-31": "697.00000", "2015-12-31": 1686, "2015-09-30": 524, "2015-06-30": -809, "2015-03-31": "1607.00000", "2014-12-31": 223, "2014-09-30": 335, "2014-06-30": 3439, "2014-03-31": "1496.00000", "2013-12-31": 994, "2013-09-30": 0, "2013-06-30": -251, "2013-03-31": "-125.00000", "2012-12-31": 1222, "2012-09-30": 476, "2012-06-30": 345, "2012-03-31": "-25.00000", "2011-12-31": 841, "2011-09-30": 76, "2011-06-30": 200, "2011-03-31": "", "2010-12-31": 598, "2010-09-30": -8, "2010-06-30": -108, "2010-03-31": "342.00000", "2009-12-31": -2, "2009-09-30": 0, "2009-06-30": 0, "2009-03-31": "564.00000", "2008-12-31": -31, "2008-09-30": -15, "2008-06-30": 70, "2008-03-31": "-15.00000", "2007-12-31": 12, "2007-09-30": -21, "2007-06-30": 6, "2007-03-31": "-119.00000", "2006-12-31": 596.2, "2006-09-30": -45.4, "2006-06-30": 35.3, "2006-03-31": "-64.10000", "2005-12-31": -7.4, "2005-09-30": -22.9, "2005-06-30": -5.2, "2005-03-31": "-215.50000"}, "Net Current Debt": {"2020-09-30": 40, "2020-06-30": 0, "2020-03-31": "", "2019-12-31": 0, "2019-09-30": 0, "2019-06-30": -1018, "2019-03-31": "1014.00000", "2018-12-31": -823, "2018-09-30": 821, "2018-06-30": 0, "2018-03-31": "", "2017-12-31": 0, "2017-09-30": 0, "2017-06-30": 0, "2017-03-31": "-93.00000", "2016-12-31": 90, "2016-09-30": -195, "2016-06-30": 61, "2016-03-31": "-365.00000", "2015-12-31": -1033, "2015-09-30": -215, "2015-06-30": 1741, "2015-03-31": "-799.00000", "2014-12-31": 533, "2014-09-30": 265, "2014-06-30": -1, "2014-03-31": "-225.00000", "2013-12-31": -146, "2013-09-30": -340, "2013-06-30": 710, "2013-03-31": "", "2012-12-31": 0, "2012-09-30": 0, "2012-06-30": 0, "2012-03-31": "", "2011-12-31": 0, "2011-09-30": 0, "2011-06-30": 0, "2011-03-31": "", "2010-12-31": 0, "2010-09-30": 0, "2010-06-30": 0, "2010-03-31": "", "2009-12-31": 47, "2009-09-30": 14, "2009-06-30": -20, "2009-03-31": "-41.00000", "2008-12-31": -4, "2008-09-30": 27, "2008-06-30": 8, "2008-03-31": "-31.00000", "2007-12-31": 9, "2007-09-30": 21, "2007-06-30": 5, "2007-03-31": "17.00000", "2006-12-31": -8, "2006-09-30": 46.4, "2006-06-30": -32.4, "2006-03-31": "-31.00000", "2005-12-31": 4.3, "2005-09-30": 31.8, "2005-06-30": 11.2, "2005-03-31": "15.70000"}, "Debt Issuance/Retirement Net - Total": {"2020-09-30": -568, "2020-06-30": 486, "2020-03-31": "184.00000", "2019-12-31": 26, "2019-09-30": -20, "2019-06-30": -1010, "2019-03-31": "858.00000", "2018-12-31": -645, "2018-09-30": 947, "2018-06-30": -570, "2018-03-31": "988.00000", "2017-12-31": -130, "2017-09-30": -2395, "2017-06-30": 1463, "2017-03-31": "-1623.00000", "2016-12-31": -1215, "2016-09-30": -655, "2016-06-30": 418, "2016-03-31": "332.00000", "2015-12-31": 653, "2015-09-30": 309, "2015-06-30": 932, "2015-03-31": "808.00000", "2014-12-31": 756, "2014-09-30": 600, "2014-06-30": 3438, "2014-03-31": "1271.00000", "2013-12-31": 848, "2013-09-30": -340, "2013-06-30": 459, "2013-03-31": "-125.00000", "2012-12-31": 1222, "2012-09-30": 476, "2012-06-30": 345, "2012-03-31": "-25.00000", "2011-12-31": 841, "2011-09-30": 76, "2011-06-30": 200, "2011-03-31": "", "2010-12-31": 598, "2010-09-30": -8, "2010-06-30": -108, "2010-03-31": "342.00000", "2009-12-31": 45, "2009-09-30": 14, "2009-06-30": -20, "2009-03-31": "523.00000", "2008-12-31": -35, "2008-09-30": 12, "2008-06-30": 78, "2008-03-31": "-46.00000", "2007-12-31": 21, "2007-09-30": 0, "2007-06-30": 11, "2007-03-31": "-102.00000", "2006-12-31": 588.2, "2006-09-30": 1, "2006-06-30": 2.9, "2006-03-31": "-95.10000", "2005-12-31": -3.1, "2005-09-30": 8.9, "2005-06-30": 6, "2005-03-31": "-199.80000"}, "Net Common Equity Issued/Repurchased": {"2020-09-30": 3, "2020-06-30": 0, "2020-03-31": "6.00000", "2019-12-31": 0, "2019-09-30": 4, "2019-06-30": 0, "2019-03-31": "6.00000", "2018-12-31": 0, "2018-09-30": 4, "2018-06-30": 1, "2018-03-31": "10.00000", "2017-12-31": 1, "2017-09-30": 5, "2017-06-30": 3, "2017-03-31": "2122.00000", "2016-12-31": 1, "2016-09-30": 2, "2016-06-30": 0, "2016-03-31": "6.00000", "2015-12-31": 0, "2015-09-30": 6, "2015-06-30": 11, "2015-03-31": "10.00000", "2014-12-31": 2, "2014-09-30": 6, "2014-06-30": 3394, "2014-03-31": "14.00000", "2013-12-31": 4, "2013-09-30": 5, "2013-06-30": 2, "2013-03-31": "7.00000", "2012-12-31": 1615, "2012-09-30": 7, "2012-06-30": 902, "2012-03-31": "26.00000", "2011-12-31": 15, "2011-09-30": 5, "2011-06-30": 3, "2011-03-31": "26.00000", "2010-12-31": 12, "2010-09-30": 0, "2010-06-30": 0, "2010-03-31": "", "2009-12-31": 0, "2009-09-30": 0, "2009-06-30": 0, "2009-03-31": "", "2008-12-31": 0, "2008-09-30": -115, "2008-06-30": -266, "2008-03-31": "-93.00000", "2007-12-31": -273, "2007-09-30": -226, "2007-06-30": 15, "2007-03-31": "14.00000", "2006-12-31": 12.4, "2006-09-30": 6.6, "2006-06-30": 4.8, "2006-03-31": "10.20000", "2005-12-31": 6.6, "2005-09-30": 6.8, "2005-06-30": 8.6, "2005-03-31": "288.00000"}, "Net Total Equity Issued/Repurchased": {"2020-09-30": 3, "2020-06-30": 0, "2020-03-31": "6.00000", "2019-12-31": 0, "2019-09-30": 4, "2019-06-30": 0, "2019-03-31": "6.00000", "2018-12-31": 0, "2018-09-30": 4, "2018-06-30": 1, "2018-03-31": "10.00000", "2017-12-31": 1, "2017-09-30": 5, "2017-06-30": 3, "2017-03-31": "2122.00000", "2016-12-31": 1, "2016-09-30": 2, "2016-06-30": 0, "2016-03-31": "6.00000", "2015-12-31": 0, "2015-09-30": 6, "2015-06-30": 11, "2015-03-31": "10.00000", "2014-12-31": 2, "2014-09-30": 6, "2014-06-30": 3394, "2014-03-31": "14.00000", "2013-12-31": 4, "2013-09-30": 5, "2013-06-30": 2, "2013-03-31": "7.00000", "2012-12-31": 1615, "2012-09-30": 7, "2012-06-30": 902, "2012-03-31": "26.00000", "2011-12-31": 15, "2011-09-30": 5, "2011-06-30": 3, "2011-03-31": "26.00000", "2010-12-31": 12, "2010-09-30": 0, "2010-06-30": 0, "2010-03-31": "", "2009-12-31": 0, "2009-09-30": 0, "2009-06-30": 0, "2009-03-31": "", "2008-12-31": 0, "2008-09-30": -115, "2008-06-30": -266, "2008-03-31": "-93.00000", "2007-12-31": -273, "2007-09-30": -226, "2007-06-30": 15, "2007-03-31": "14.00000", "2006-12-31": 12.4, "2006-09-30": 6.6, "2006-06-30": 4.8, "2006-03-31": "10.20000", "2005-12-31": 6.6, "2005-09-30": 6.8, "2005-06-30": 8.6, "2005-03-31": "288.00000"}, "Total Common And Preferred Stock Dividends Paid": {"2020-09-30": -387, "2020-06-30": -540, "2020-03-31": "-529.00000", "2019-12-31": -584, "2019-09-30": -393, "2019-06-30": -488, "2019-03-31": "-501.00000", "2018-12-31": -451, "2018-09-30": -607, "2018-06-30": -473, "2018-03-31": "-446.00000", "2017-12-31": -434, "2017-09-30": -437, "2017-06-30": -453, "2017-03-31": "-490.00000", "2016-12-31": -375, "2016-09-30": -387, "2016-06-30": -723, "2016-03-31": "-716.00000", "2015-12-31": -718, "2015-09-30": -722, "2015-06-30": -676, "2015-03-31": "-662.00000", "2014-12-31": -757, "2014-09-30": -632, "2014-06-30": -440, "2014-03-31": "-423.00000", "2013-12-31": -405, "2013-09-30": -370, "2013-06-30": -360, "2013-03-31": "-336.00000", "2012-12-31": -307, "2012-09-30": -290, "2012-06-30": -279, "2012-03-31": "-215.00000", "2011-12-31": -203, "2011-09-30": -172, "2011-06-30": -171, "2011-03-31": "-125.00000", "2010-12-31": -120, "2010-09-30": -106, "2010-06-30": -107, "2010-03-31": "-96.00000", "2009-12-31": -96, "2009-09-30": -96, "2009-06-30": -96, "2009-03-31": "-97.00000", "2008-12-31": -96, "2008-09-30": -99, "2008-06-30": -94, "2008-03-31": "-83.00000", "2007-12-31": -77, "2007-09-30": -80, "2007-06-30": -77, "2007-03-31": "-74.00000", "2006-12-31": -63.1, "2006-09-30": -64.9, "2006-06-30": -63.8, "2006-03-31": "-51.20000", "2005-12-31": -44.2, "2005-09-30": -48.4, "2005-06-30": -30.3, "2005-03-31": "-41.10000"}, "Financial Activities - Other": {"2020-09-30": -151, "2020-06-30": -15, "2020-03-31": "-8.00000", "2019-12-31": 92, "2019-09-30": -88, "2019-06-30": 1358, "2019-03-31": "-5.00000", "2018-12-31": 2, "2018-09-30": -9, "2018-06-30": 5, "2018-03-31": "-55.00000", "2017-12-31": -6, "2017-09-30": -54, "2017-06-30": -8, "2017-03-31": "-24.00000", "2016-12-31": 115, "2016-09-30": -6, "2016-06-30": 4, "2016-03-31": "5.00000", "2015-12-31": 10, "2015-09-30": 430, "2015-06-30": 28, "2015-03-31": "32.00000", "2014-12-31": 73, "2014-09-30": 197, "2014-06-30": 35, "2014-03-31": "67.00000", "2013-12-31": 136, "2013-09-30": 1251, "2013-06-30": 271, "2013-03-31": "630.00000", "2012-12-31": 8, "2012-09-30": 483, "2012-06-30": 586, "2012-03-31": "482.00000", "2011-12-31": -832, "2011-09-30": 42, "2011-06-30": -42, "2011-03-31": "-5.00000", "2010-12-31": 404, "2010-09-30": 423, "2010-06-30": -10, "2010-03-31": "-651.00000", "2009-12-31": -44, "2009-09-30": 0, "2009-06-30": 3, "2009-03-31": "30.00000", "2008-12-31": 15, "2008-09-30": 21, "2008-06-30": -15, "2008-03-31": "384.00000", "2007-12-31": 326, "2007-09-30": 5, "2007-06-30": -40, "2007-03-31": "46.00000", "2006-12-31": 638.8, "2006-09-30": -7.5, "2006-06-30": 203.4, "2006-03-31": "-19.70000", "2005-12-31": -40.6, "2005-09-30": 116.8, "2005-06-30": -9.9, "2005-03-31": "11.70000"}, "Cash Flow From Financial Activities": {"2020-09-30": -1103, "2020-06-30": -69, "2020-03-31": "-347.00000", "2019-12-31": -466, "2019-09-30": -497, "2019-06-30": -140, "2019-03-31": "358.00000", "2018-12-31": -1094, "2018-09-30": 335, "2018-06-30": -1037, "2018-03-31": "497.00000", "2017-12-31": -569, "2017-09-30": -2881, "2017-06-30": 1005, "2017-03-31": "-15.00000", "2016-12-31": -1474, "2016-09-30": -1046, "2016-06-30": -301, "2016-03-31": "-373.00000", "2015-12-31": -55, "2015-09-30": 23, "2015-06-30": 295, "2015-03-31": "188.00000", "2014-12-31": 74, "2014-09-30": 171, "2014-06-30": 6427, "2014-03-31": "929.00000", "2013-12-31": 583, "2013-09-30": 546, "2013-06-30": 372, "2013-03-31": "176.00000", "2012-12-31": 2538, "2012-09-30": 676, "2012-06-30": 1554, "2012-03-31": "268.00000", "2011-12-31": -179, "2011-09-30": -49, "2011-06-30": -10, "2011-03-31": "-104.00000", "2010-12-31": 894, "2010-09-30": 309, "2010-06-30": -225, "2010-03-31": "-405.00000", "2009-12-31": -95, "2009-09-30": -82, "2009-06-30": -113, "2009-03-31": "456.00000", "2008-12-31": -116, "2008-09-30": -181, "2008-06-30": -297, "2008-03-31": "162.00000", "2007-12-31": -3, "2007-09-30": -301, "2007-06-30": -91, "2007-03-31": "-116.00000", "2006-12-31": 1176.3, "2006-09-30": -64.8, "2006-06-30": 147.3, "2006-03-31": "-155.80000", "2005-12-31": -81.3, "2005-09-30": 84.1, "2005-06-30": -25.6, "2005-03-31": "58.80000"}, "Net Cash Flow": {"2020-09-30": -1063, "2020-06-30": 733, "2020-03-31": "111.00000", "2019-12-31": 42, "2019-09-30": -559, "2019-06-30": 763, "2019-03-31": "-125.00000", "2018-12-31": 126, "2018-09-30": -233, "2018-06-30": -1017, "2018-03-31": "393.00000", "2017-12-31": -273, "2017-09-30": -746, "2017-06-30": 1279, "2017-03-31": "469.00000", "2016-12-31": 93, "2016-09-30": -58, "2016-06-30": -29, "2016-03-31": "64.00000", "2015-12-31": -25, "2015-09-30": -79, "2015-06-30": -137, "2015-03-31": "101.00000", "2014-12-31": -62, "2014-09-30": -558, "2014-06-30": -204, "2014-03-31": "383.00000", "2013-12-31": -51, "2013-09-30": -92, "2013-06-30": 122, "2013-03-31": "-137.00000", "2012-12-31": -157, "2012-09-30": 317, "2012-06-30": -421, "2012-03-31": "211.00000", "2011-12-31": -107, "2011-09-30": -170, "2011-06-30": 243, "2011-03-31": "128.00000", "2010-12-31": -220, "2010-09-30": -586, "2010-06-30": -43, "2010-03-31": "-223.00000", "2009-12-31": 227, "2009-09-30": -213, "2009-06-30": 67, "2009-03-31": "347.00000", "2008-12-31": -85, "2008-09-30": -413, "2008-06-30": -303, "2008-03-31": "541.00000", "2007-12-31": 244, "2007-09-30": -284, "2007-06-30": -72, "2007-03-31": "-458.00000", "2006-12-31": 1194.6, "2006-09-30": 94.2, "2006-06-30": -134.6, "2006-03-31": "-482.20000", "2005-12-31": 236.5, "2005-09-30": 63.3, "2005-06-30": 87.2, "2005-03-31": "280.00000"}, "Stock-Based Compensation": {"2020-09-30": 39, "2020-06-30": 0, "2020-03-31": "", "2019-12-31": -44, "2019-09-30": 44, "2019-06-30": 0, "2019-03-31": "", "2018-12-31": 0, "2018-09-30": -30, "2018-06-30": 30, "2018-03-31": "", "2017-12-31": 0, "2017-09-30": 0, "2017-06-30": 0, "2017-03-31": "", "2016-12-31": 0, "2016-09-30": 0, "2016-06-30": 0, "2016-03-31": "", "2015-12-31": 82, "2015-09-30": 0, "2015-06-30": 0, "2015-03-31": "", "2014-12-31": 0, "2014-09-30": 0, "2014-06-30": 0, "2014-03-31": "", "2013-12-31": 37, "2013-09-30": 0, "2013-06-30": 0, "2013-03-31": "", "2012-12-31": 0, "2012-09-30": 0, "2012-06-30": 0, "2012-03-31": "", "2011-12-31": 0, "2011-09-30": 0, "2011-06-30": 0, "2011-03-31": "", "2010-12-31": 0, "2010-09-30": 0, "2010-06-30": 0, "2010-03-31": "", "2009-12-31": 0, "2009-09-30": 0, "2009-06-30": 0, "2009-03-31": "", "2008-12-31": 0, "2008-09-30": 0, "2008-06-30": 0, "2008-03-31": "", "2007-12-31": 70, "2007-09-30": 0, "2007-06-30": 0, "2007-03-31": "", "2006-12-31": 0, "2006-09-30": 0, "2006-06-30": 0, "2006-03-31": "", "2005-12-31": 13, "2005-09-30": 0, "2005-06-30": 0, "2005-03-31": ""}, "Common Stock Dividends Paid": {"2020-09-30": -387, "2020-06-30": -540, "2020-03-31": "-529.00000", "2019-12-31": -584, "2019-09-30": -393, "2019-06-30": -488, "2019-03-31": "-501.00000", "2018-12-31": -451, "2018-09-30": -607, "2018-06-30": -473, "2018-03-31": "-446.00000", "2017-12-31": -434, "2017-09-30": -437, "2017-06-30": -453, "2017-03-31": "-490.00000", "2016-12-31": -375, "2016-09-30": -387, "2016-06-30": -723, "2016-03-31": "-716.00000", "2015-12-31": -718, "2015-09-30": -722, "2015-06-30": -676, "2015-03-31": "-662.00000", "2014-12-31": -757, "2014-09-30": -632, "2014-06-30": -440, "2014-03-31": "-423.00000", "2013-12-31": -405, "2013-09-30": -370, "2013-06-30": -360, "2013-03-31": "-336.00000", "2012-12-31": -307, "2012-09-30": -290, "2012-06-30": -279, "2012-03-31": "-215.00000", "2011-12-31": -203, "2011-09-30": -172, "2011-06-30": -171, "2011-03-31": "-125.00000", "2010-12-31": -120, "2010-09-30": -106, "2010-06-30": -107, "2010-03-31": "-96.00000", "2009-12-31": -96, "2009-09-30": -96, "2009-06-30": -96, "2009-03-31": "-97.00000", "2008-12-31": -96, "2008-09-30": -99, "2008-06-30": -94, "2008-03-31": "-83.00000", "2007-12-31": -77, "2007-09-30": -80, "2007-06-30": -77, "2007-03-31": "-74.00000", "2006-12-31": -63.1, "2006-09-30": -64.9, "2006-06-30": -63.8, "2006-03-31": "-51.20000", "2005-12-31": -44.2, "2005-09-30": -48.4, "2005-06-30": -30.3, "2005-03-31": "-41.10000"}}, "financial ratios": {"Current Ratio": {"2019-12-31": "0.39820", "2018-12-31": "0.80840", "2017-12-31": "0.82350", "2016-12-31": "0.49580", "2015-12-31": "0.61150", "2014-12-31": "0.73630", "2013-12-31": "0.84870", "2012-12-31": "1.24210", "2011-12-31": "1.13070", "2010-12-31": "0.98290", "2009-12-31": "1.53130", "2008-12-31": "1.25350", "2007-12-31": "1.24980", "2006-12-31": "1.34680", "2005-12-31": "1.14760"}, "Long-term Debt / Capital": {"2019-12-31": "0.55180", "2018-12-31": "0.58300", "2017-12-31": "0.55820", "2016-12-31": "0.61700", "2015-12-31": "0.59470", "2014-12-31": "0.50740", "2013-12-31": "0.56000", "2012-12-31": "0.59110", "2011-12-31": "0.76390", "2010-12-31": "0.51390", "2009-12-31": "0.47800", "2008-12-31": "0.45900", "2007-12-31": "0.54890", "2006-12-31": "0.55660", "2005-12-31": "0.58310"}, "Debt/Equity Ratio": {"2019-12-31": "1.36200", "2018-12-31": "1.40110", "2017-12-31": "1.29430", "2016-12-31": "1.67320", "2015-12-31": "1.50920", "2014-12-31": "1.06990", "2013-12-31": "1.29790", "2012-12-31": "1.44550", "2011-12-31": "3.37280", "2010-12-31": "1.11970", "2009-12-31": "0.91760", "2008-12-31": "0.85060", "2007-12-31": "1.23920", "2006-12-31": "1.31960", "2005-12-31": "1.42110"}, "Gross Margin": {"2019-12-31": "76.08830", "2018-12-31": "68.83490", "2017-12-31": "71.36100", "2016-12-31": "76.99690", "2015-12-31": "75.82880", "2014-12-31": "60.50810", "2013-12-31": "55.87460", "2012-12-31": "53.29950", "2011-12-31": "50.39090", "2010-12-31": "50.88880", "2009-12-31": "100.00000", "2008-12-31": "100.00000", "2007-12-31": "100.00000", "2006-12-31": "100.00000", "2005-12-31": "100.00000"}, "Operating Margin": {"2019-12-31": "23.42400", "2018-12-31": "8.84180", "2017-12-31": "11.54280", "2016-12-31": "9.18790", "2015-12-31": "3.07070", "2014-12-31": "20.54470", "2013-12-31": "20.04370", "2012-12-31": "21.53350", "2011-12-31": "23.54350", "2010-12-31": "21.19610", "2009-12-31": "20.95490", "2008-12-31": "21.30360", "2007-12-31": "17.45290", "2006-12-31": "11.70020", "2005-12-31": "14.39530"}, "EBIT Margin": {"2019-12-31": "23.42400", "2018-12-31": "8.84180", "2017-12-31": "11.54280", "2016-12-31": "9.18790", "2015-12-31": "3.07070", "2014-12-31": "20.54470", "2013-12-31": "20.04370", "2012-12-31": "21.53350", "2011-12-31": "23.54350", "2010-12-31": "21.19610", "2009-12-31": "20.95490", "2008-12-31": "21.30360", "2007-12-31": "17.45290", "2006-12-31": "11.70020", "2005-12-31": "14.39530"}, "EBITDA Margin": {"2019-12-31": "45.01890", "2018-12-31": "29.33460", "2017-12-31": "34.13030", "2016-12-31": "33.67120", "2015-12-31": "41.60330", "2014-12-31": "36.63740", "2013-12-31": "31.92420", "2012-12-31": "32.11330", "2011-12-31": "44.55230", "2010-12-31": "44.62190", "2009-12-31": "49.60210", "2008-12-31": "32.58200", "2007-12-31": "23.83050", "2006-12-31": "21.48620", "2005-12-31": "21.96100"}, "Pre-Tax Profit Margin": {"2019-12-31": "12.97400", "2018-12-31": "3.81070", "2017-12-31": "6.66170", "2016-12-31": "-5.00070", "2015-12-31": "-23.27450", "2014-12-31": "46.92940", "2013-12-31": "15.74340", "2012-12-31": "17.21880", "2011-12-31": "15.15760", "2010-12-31": "5.79990", "2009-12-31": "10.42060", "2008-12-31": "18.03200", "2007-12-31": "13.67320", "2006-12-31": "6.00060", "2005-12-31": "7.91330"}, "Net Profit Margin": {"2019-12-31": "10.32800", "2018-12-31": "-1.79600", "2017-12-31": "27.07010", "2016-12-31": "-5.65410", "2015-12-31": "-7.75820", "2014-12-31": "27.68100", "2013-12-31": "6.26820", "2012-12-31": "11.47480", "2011-12-31": "4.74150", "2010-12-31": "-16.52610", "2009-12-31": "5.39980", "2008-12-31": "11.92600", "2007-12-31": "9.66890", "2006-12-31": "3.32290", "2005-12-31": "3.21030"}, "Asset Turnover": {"2019-12-31": "0.17810", "2018-12-31": "0.19170", "2017-12-31": "0.17330", "2016-12-31": "0.16010", "2015-12-31": "0.15010", "2014-12-31": "0.15140", "2013-12-31": "0.25270", "2012-12-31": "0.30770", "2011-12-31": "0.48050", "2010-12-31": "0.26580", "2009-12-31": "0.20880", "2008-12-31": "0.45720", "2007-12-31": "0.40860", "2006-12-31": "0.36610", "2005-12-31": "0.33220"}, "Inventory Turnover Ratio": {"2019-12-31": "15.68800", "2018-12-31": "20.82310", "2017-12-31": "20.35400", "2016-12-31": "12.50000", "2015-12-31": "14.00790", "2014-12-31": "13.05630", "2013-12-31": "15.60310", "2012-12-31": "19.97710", "2011-12-31": "23.27810", "2010-12-31": "14.48890", "2009-12-31": "", "2008-12-31": "", "2007-12-31": "", "2006-12-31": "", "2005-12-31": ""}, "Receiveable Turnover": {"2019-12-31": "8.23390", "2018-12-31": "8.75600", "2017-12-31": "8.22850", "2016-12-31": "7.99470", "2015-12-31": "7.07010", "2014-12-31": "6.70500", "2013-12-31": "10.17800", "2012-12-31": "10.88080", "2011-12-31": "12.44900", "2010-12-31": "13.35610", "2009-12-31": "6.46810", "2008-12-31": "13.45020", "2007-12-31": "8.58980", "2006-12-31": "9.47910", "2005-12-31": "6.06090"}, "Days Sales In Receivables": {"2019-12-31": "44.32870", "2018-12-31": "41.68550", "2017-12-31": "44.35810", "2016-12-31": "45.65540", "2015-12-31": "51.62570", "2014-12-31": "54.43700", "2013-12-31": "35.86150", "2012-12-31": "33.54530", "2011-12-31": "29.31970", "2010-12-31": "27.32830", "2009-12-31": "56.43050", "2008-12-31": "27.13710", "2007-12-31": "42.49240", "2006-12-31": "38.50580", "2005-12-31": "60.22260"}, "ROE - Return On Equity": {"2019-12-31": "4.46450", "2018-12-31": "1.20910", "2017-12-31": "15.51160", "2016-12-31": "-2.49180", "2015-12-31": "-8.09860", "2014-12-31": "11.57550", "2013-12-31": "7.61130", "2012-12-31": "12.50840", "2011-12-31": "41.68600", "2010-12-31": "3.33170", "2009-12-31": "3.83630", "2008-12-31": "16.20280", "2007-12-31": "14.27450", "2006-12-31": "5.71380", "2005-12-31": "8.71490"}, "Return On Tangible Equity": {"2019-12-31": "8.67340", "2018-12-31": "2.34510", "2017-12-31": "33.97890", "2016-12-31": "-7.98540", "2015-12-31": "-21.16620", "2014-12-31": "27.15430", "2013-12-31": "10.23980", "2012-12-31": "18.30900", "2011-12-31": "42.40760", "2010-12-31": "3.33170", "2009-12-31": "4.32070", "2008-12-31": "18.23950", "2007-12-31": "16.96500", "2006-12-31": "6.85500", "2005-12-31": "10.71830"}, "ROA - Return On Assets": {"2019-12-31": "1.58340", "2018-12-31": "0.42600", "2017-12-31": "5.41290", "2016-12-31": "-0.74730", "2015-12-31": "-2.68050", "2014-12-31": "4.62790", "2013-12-31": "2.50170", "2012-12-31": "3.81880", "2011-12-31": "6.53250", "2010-12-31": "1.08520", "2009-12-31": "1.36870", "2008-12-31": "5.64100", "2007-12-31": "3.63110", "2006-12-31": "1.36600", "2005-12-31": "1.60650"}, "ROI - Return On Investment": {"2019-12-31": "1.99660", "2018-12-31": "0.50310", "2017-12-31": "6.85350", "2016-12-31": "-0.95450", "2015-12-31": "-3.28200", "2014-12-31": "5.70180", "2013-12-31": "3.34910", "2012-12-31": "5.11510", "2011-12-31": "9.84030", "2010-12-31": "1.61950", "2009-12-31": "2.00250", "2008-12-31": "8.76500", "2007-12-31": "6.43930", "2006-12-31": "2.53380", "2005-12-31": "3.63340"}, "Book Value Per Share": {"2019-12-31": "13.50170", "2018-12-31": "13.22070", "2017-12-31": "19.58230", "2016-12-31": "18.72800", "2015-12-31": "21.66220", "2014-12-31": "27.00400", "2013-12-31": "13.06150", "2012-12-31": "10.90600", "2011-12-31": "4.37560", "2010-12-31": "13.90430", "2009-12-31": "15.47000", "2008-12-31": "15.66440", "2007-12-31": "10.87880", "2006-12-31": "10.17250", "2005-12-31": "9.46550"}, "Operating Cash Flow Per Share": {"2019-12-31": -0.3402, "2018-12-31": -0.3461, "2017-12-31": -1.8067, "2016-12-31": 1.9208, "2015-12-31": 0.6915, "2014-12-31": -0.3035, "2013-12-31": 0.2925, "2012-12-31": -2.8155, "2011-12-31": 1.2613, "2010-12-31": 0.0985, "2009-12-31": -1.271, "2008-12-31": 1.9924, "2007-12-31": 0.5626, "2006-12-31": 0.7121, "2005-12-31": 2.3933}, "Free Cash Flow Per Share": {"2019-12-31": 1.241, "2018-12-31": -0.7525, "2017-12-31": -2.0595, "2016-12-31": 3.4514, "2015-12-31": 1.9921, "2014-12-31": -0.6333, "2013-12-31": -0.8579, "2012-12-31": -2.1844, "2011-12-31": 1.229, "2010-12-31": -0.4698, "2009-12-31": 0.3815, "2008-12-31": 0.9492, "2007-12-31": -0.0357, "2006-12-31": -1.4514, "2005-12-31": 0.4721}}, "financial ratios, quarterly": {"Current Ratio": {"2020-09-30": "0.75390", "2020-06-30": "0.95900", "2020-03-31": "0.73960", "2019-12-31": "0.39820", "2019-09-30": "0.43140", "2019-06-30": "0.59840", "2019-03-31": "0.30870", "2018-12-31": "0.80840", "2018-09-30": "0.71860", "2018-06-30": "0.78700", "2018-03-31": "1.10860", "2017-12-31": "0.82350", "2017-09-30": "0.97410", "2017-06-30": "0.99320", "2017-03-31": "1.39120", "2016-12-31": "0.49580", "2016-09-30": "0.66000", "2016-06-30": "0.85650", "2016-03-31": "0.45210", "2015-12-31": "0.61150", "2015-09-30": "0.32760", "2015-06-30": "0.37850", "2015-03-31": "0.69610", "2014-12-31": "0.73630", "2014-09-30": "0.64760", "2014-06-30": "0.88440", "2014-03-31": "0.85450", "2013-12-31": "0.84870", "2013-09-30": "0.85430", "2013-06-30": "0.82080", "2013-03-31": "1.19490", "2012-12-31": "1.24210", "2012-09-30": "1.42200", "2012-06-30": "1.29580", "2012-03-31": "1.38140", "2011-12-31": "1.13070", "2011-09-30": "1.18450", "2011-06-30": "1.18410", "2011-03-31": "1.01910", "2010-12-31": "0.98290", "2010-09-30": "1.09960", "2010-06-30": "1.58520", "2010-03-31": "1.71150", "2009-12-31": "1.53130", "2009-09-30": "1.57420", "2009-06-30": "1.68420", "2009-03-31": "1.55100", "2008-12-31": "1.25350", "2008-09-30": "1.28030", "2008-06-30": "1.09380", "2008-03-31": "1.26270", "2007-12-31": "1.24980", "2007-09-30": "1.18550", "2007-06-30": "1.27270", "2007-03-31": "1.27580", "2006-12-31": "1.34680", "2006-09-30": "1.19750", "2006-06-30": "1.22600", "2006-03-31": "1.21770", "2005-12-31": "1.14760", "2005-09-30": "1.06710", "2005-06-30": "1.18350", "2005-03-31": "1.18800"}, "Long-term Debt / Capital": {"2020-09-30": "0.59570", "2020-06-30": "0.59680", "2020-03-31": "0.58880", "2019-12-31": "0.55180", "2019-09-30": "0.55140", "2019-06-30": "0.54800", "2019-03-31": "0.56830", "2018-12-31": "0.58300", "2018-09-30": "0.55800", "2018-06-30": "0.57980", "2018-03-31": "0.57340", "2017-12-31": "0.55820", "2017-09-30": "0.58020", "2017-06-30": "0.58420", "2017-03-31": "0.58620", "2016-12-31": "0.61700", "2016-09-30": "0.62720", "2016-06-30": "0.62850", "2016-03-31": "0.60270", "2015-12-31": "0.59470", "2015-09-30": "0.54420", "2015-06-30": "0.52610", "2015-03-31": "0.52560", "2014-12-31": "0.50740", "2014-09-30": "0.49070", "2014-06-30": "0.56590", "2014-03-31": "0.58120", "2013-12-31": "0.56000", "2013-09-30": "0.53660", "2013-06-30": "0.56510", "2013-03-31": "0.57410", "2012-12-31": "0.59110", "2012-09-30": "0.61360", "2012-06-30": "0.61620", "2012-03-31": "0.69200", "2011-12-31": "0.76390", "2011-09-30": "0.49370", "2011-06-30": "0.49670", "2011-03-31": "0.49130", "2010-12-31": "0.51390", "2010-09-30": "0.49460", "2010-06-30": "0.48080", "2010-03-31": "0.49010", "2009-12-31": "0.47800", "2009-09-30": "0.48260", "2009-06-30": "0.48280", "2009-03-31": "0.48310", "2008-12-31": "0.45900", "2008-09-30": "0.47720", "2008-06-30": "0.50700", "2008-03-31": "0.49990", "2007-12-31": "0.54890", "2007-09-30": "0.53490", "2007-06-30": "0.53680", "2007-03-31": "0.54800", "2006-12-31": "0.55660", "2006-09-30": "0.54510", "2006-06-30": "0.55350", "2006-03-31": "0.55040", "2005-12-31": "0.58310", "2005-09-30": "0.59580", "2005-06-30": "0.58820", "2005-03-31": "0.59250"}, "Debt/Equity Ratio": {"2020-09-30": "1.50240", "2020-06-30": "1.52180", "2020-03-31": "1.47300", "2019-12-31": "1.36200", "2019-09-30": "1.32020", "2019-06-30": "1.30400", "2019-03-31": "1.48030", "2018-12-31": "1.40110", "2018-09-30": "1.31290", "2018-06-30": "1.37990", "2018-03-31": "1.37580", "2017-12-31": "1.29430", "2017-09-30": "1.41570", "2017-06-30": "1.53320", "2017-03-31": "1.41640", "2016-12-31": "1.67320", "2016-09-30": "1.73780", "2016-06-30": "1.75950", "2016-03-31": "1.58810", "2015-12-31": "1.50920", "2015-09-30": "1.29860", "2015-06-30": "1.22090", "2015-03-31": "1.14860", "2014-12-31": "1.06990", "2014-09-30": "1.01260", "2014-06-30": "1.36640", "2014-03-31": "1.47410", "2013-12-31": "1.29790", "2013-09-30": "1.19950", "2013-06-30": "1.38880", "2013-03-31": "1.34830", "2012-12-31": "1.44550", "2012-09-30": "1.58800", "2012-06-30": "1.60600", "2012-03-31": "2.33490", "2011-12-31": "3.37280", "2011-09-30": "1.01430", "2011-06-30": "1.13850", "2011-03-31": "1.02590", "2010-12-31": "1.11970", "2010-09-30": "1.04090", "2010-06-30": "0.94370", "2010-03-31": "0.96240", "2009-12-31": "0.91760", "2009-09-30": "0.93470", "2009-06-30": "0.93510", "2009-03-31": "0.95330", "2008-12-31": "0.85060", "2008-09-30": "0.92270", "2008-06-30": "1.03920", "2008-03-31": "1.01060", "2007-12-31": "1.23920", "2007-09-30": "1.22220", "2007-06-30": "1.23170", "2007-03-31": "1.27510", "2006-12-31": "1.31960", "2006-09-30": "1.22180", "2006-06-30": "1.26880", "2006-03-31": "1.25360", "2005-12-31": "1.42110", "2005-09-30": "1.49800", "2005-06-30": "1.44660", "2005-03-31": "1.47310"}, "Gross Margin": {"2020-09-30": "80.34140", "2020-06-30": "84.78380", "2020-03-31": "79.29950", "2019-12-31": "75.36780", "2019-09-30": "78.28920", "2019-06-30": "76.33510", "2019-03-31": "74.44010", "2018-12-31": "69.69150", "2018-09-30": "65.69690", "2018-06-30": "69.58390", "2018-03-31": "70.64180", "2017-12-31": "69.47940", "2017-09-30": "73.34740", "2017-06-30": "72.08940", "2017-03-31": "70.87530", "2016-12-31": "75.20470", "2016-09-30": "75.80050", "2016-06-30": "76.90090", "2016-03-31": "80.84340", "2015-12-31": "80.20940", "2015-09-30": "76.32020", "2015-06-30": "73.13760", "2015-03-31": "73.07690", "2014-12-31": "66.55770", "2014-09-30": "60.99570", "2014-06-30": "56.85340", "2014-03-31": "56.03200", "2013-12-31": "56.26510", "2013-09-30": "56.25390", "2013-06-30": "54.66890", "2013-03-31": "56.35360", "2012-12-31": "53.55810", "2012-09-30": "55.99320", "2012-06-30": "51.24590", "2012-03-31": "52.60030", "2011-12-31": "-87.06610", "2011-09-30": "100.00000", "2011-06-30": "100.00000", "2011-03-31": "100.00000", "2010-12-31": "100.00000", "2010-09-30": "100.00000", "2010-06-30": "100.00000", "2010-03-31": "100.00000", "2009-12-31": "100.00000", "2009-09-30": "100.00000", "2009-06-30": "100.00000", "2009-03-31": "100.00000", "2008-12-31": "100.00000", "2008-09-30": "100.00000", "2008-06-30": "100.00000", "2008-03-31": "100.00000", "2007-12-31": "100.00000", "2007-09-30": "100.00000", "2007-06-30": "100.00000", "2007-03-31": "100.00000", "2006-12-31": "100.00000", "2006-09-30": "100.00000", "2006-06-30": "100.00000", "2006-03-31": "100.00000", "2005-12-31": "100.00000", "2005-09-30": "100.00000", "2005-06-30": "100.00000", "2005-03-31": "100.00000"}, "Operating Margin": {"2020-09-30": "33.16090", "2020-06-30": "34.36270", "2020-03-31": "22.53010", "2019-12-31": "11.10580", "2019-09-30": "31.41570", "2019-06-30": "24.39980", "2019-03-31": "27.31260", "2018-12-31": "-28.76590", "2018-09-30": "21.75420", "2018-06-30": "19.60780", "2018-03-31": "23.51530", "2017-12-31": "-6.95690", "2017-09-30": "14.48970", "2017-06-30": "19.64660", "2017-03-31": "21.62980", "2016-12-31": "25.93270", "2016-09-30": "18.11020", "2016-06-30": "-28.11060", "2016-03-31": "15.78310", "2015-12-31": "-37.33800", "2015-09-30": "19.78880", "2015-06-30": "21.31590", "2015-03-31": "13.22840", "2014-12-31": "24.80150", "2014-09-30": "14.83810", "2014-06-30": "18.53400", "2014-03-31": "24.01370", "2013-12-31": "15.84340", "2013-09-30": "20.70240", "2013-06-30": "19.80760", "2013-03-31": "23.53590", "2012-12-31": "20.33170", "2012-09-30": "21.29000", "2012-06-30": "17.98480", "2012-03-31": "26.10200", "2011-12-31": "24.29860", "2011-09-30": "23.17440", "2011-06-30": "23.18550", "2011-03-31": "23.46340", "2010-12-31": "21.99890", "2010-09-30": "-56.08700", "2010-06-30": "18.17390", "2010-03-31": "18.48710", "2009-12-31": "19.60450", "2009-09-30": "18.77980", "2009-06-30": "18.38660", "2009-03-31": "14.56820", "2008-12-31": "11.18040", "2008-09-30": "21.52450", "2008-06-30": "22.39540", "2008-03-31": "25.43700", "2007-12-31": "17.14680", "2007-09-30": "17.23780", "2007-06-30": "18.34280", "2007-03-31": "16.93410", "2006-12-31": "20.43130", "2006-09-30": "13.06230", "2006-06-30": "3.91910", "2006-03-31": "11.83490", "2005-12-31": "61.86610", "2005-09-30": "4.67510", "2005-06-30": "9.03800", "2005-03-31": "15.70750"}, "EBIT Margin": {"2020-09-30": "33.16090", "2020-06-30": "34.36270", "2020-03-31": "22.53010", "2019-12-31": "11.10580", "2019-09-30": "31.41570", "2019-06-30": "24.39980", "2019-03-31": "27.31260", "2018-12-31": "-28.76590", "2018-09-30": "21.75420", "2018-06-30": "19.60780", "2018-03-31": "23.51530", "2017-12-31": "-6.95690", "2017-09-30": "14.48970", "2017-06-30": "19.64660", "2017-03-31": "21.62980", "2016-12-31": "25.93270", "2016-09-30": "18.11020", "2016-06-30": "-28.11060", "2016-03-31": "15.78310", "2015-12-31": "-37.33800", "2015-09-30": "19.78880", "2015-06-30": "21.31590", "2015-03-31": "13.22840", "2014-12-31": "24.80150", "2014-09-30": "14.83810", "2014-06-30": "18.53400", "2014-03-31": "24.01370", "2013-12-31": "15.84340", "2013-09-30": "20.70240", "2013-06-30": "19.80760", "2013-03-31": "23.53590", "2012-12-31": "20.33170", "2012-09-30": "21.29000", "2012-06-30": "17.98480", "2012-03-31": "26.10200", "2011-12-31": "24.29860", "2011-09-30": "23.17440", "2011-06-30": "23.18550", "2011-03-31": "23.46340", "2010-12-31": "21.99890", "2010-09-30": "-56.08700", "2010-06-30": "18.17390", "2010-03-31": "18.48710", "2009-12-31": "19.60450", "2009-09-30": "18.77980", "2009-06-30": "18.38660", "2009-03-31": "14.56820", "2008-12-31": "11.18040", "2008-09-30": "21.52450", "2008-06-30": "22.39540", "2008-03-31": "25.43700", "2007-12-31": "17.14680", "2007-09-30": "17.23780", "2007-06-30": "18.34280", "2007-03-31": "16.93410", "2006-12-31": "20.43120", "2006-09-30": "13.06230", "2006-06-30": "3.91910", "2006-03-31": "11.83490", "2005-12-31": "61.86600", "2005-09-30": "4.67510", "2005-06-30": "9.03800", "2005-03-31": "15.70750"}, "EBITDA Margin": {"2020-09-30": "", "2020-06-30": "", "2020-03-31": "", "2019-12-31": "", "2019-09-30": "", "2019-06-30": "", "2019-03-31": "", "2018-12-31": "", "2018-09-30": "", "2018-06-30": "", "2018-03-31": "", "2017-12-31": "", "2017-09-30": "", "2017-06-30": "", "2017-03-31": "", "2016-12-31": "", "2016-09-30": "", "2016-06-30": "", "2016-03-31": "", "2015-12-31": "", "2015-09-30": "", "2015-06-30": "", "2015-03-31": "", "2014-12-31": "", "2014-09-30": "", "2014-06-30": "", "2014-03-31": "", "2013-12-31": "", "2013-09-30": "", "2013-06-30": "", "2013-03-31": "", "2012-12-31": "", "2012-09-30": "", "2012-06-30": "", "2012-03-31": "", "2011-12-31": "", "2011-09-30": "", "2011-06-30": "", "2011-03-31": "", "2010-12-31": "", "2010-09-30": "", "2010-06-30": "", "2010-03-31": "", "2009-12-31": "", "2009-09-30": "", "2009-06-30": "", "2009-03-31": "", "2008-12-31": "", "2008-09-30": "", "2008-06-30": "", "2008-03-31": "", "2007-12-31": "", "2007-09-30": "", "2007-06-30": "", "2007-03-31": "", "2006-12-31": "", "2006-09-30": "", "2006-06-30": "", "2006-03-31": "", "2005-12-31": "", "2005-09-30": "", "2005-06-30": "", "2005-03-31": ""}, "Pre-Tax Profit Margin": {"2020-09-30": "22.45220", "2020-06-30": "24.25600", "2020-03-31": "-40.46000", "2019-12-31": "1.89840", "2019-09-30": "15.95800", "2019-06-30": "20.67610", "2019-03-31": "13.77800", "2018-12-31": "-31.98730", "2018-09-30": "16.93440", "2018-06-30": "15.35150", "2018-03-31": "15.56510", "2017-12-31": "-21.45420", "2017-09-30": "7.87940", "2017-06-30": "13.40960", "2017-03-31": "30.48290", "2016-12-31": "3.91260", "2016-09-30": "10.49870", "2016-06-30": "-37.44240", "2016-03-31": "-0.66270", "2015-12-31": "-88.93320", "2015-09-30": "-13.22960", "2015-06-30": "14.46440", "2015-03-31": "2.50580", "2014-12-31": "19.80380", "2014-09-30": "130.78780", "2014-06-30": "12.33610", "2014-03-31": "14.12240", "2013-12-31": "11.50600", "2013-09-30": "16.01970", "2013-06-30": "17.09110", "2013-03-31": "18.06630", "2012-12-31": "15.14180", "2012-09-30": "15.81050", "2012-06-30": "12.83860", "2012-03-31": "24.36850", "2011-12-31": "7.70330", "2011-09-30": "17.95130", "2011-06-30": "17.54030", "2011-03-31": "18.06520", "2010-12-31": "15.68060", "2010-09-30": "-59.60870", "2010-06-30": "14.37310", "2010-03-31": "-9.34000", "2009-12-31": "15.39120", "2009-09-30": "13.29840", "2009-06-30": "12.10060", "2009-03-31": "3.90220", "2008-12-31": "5.13440", "2008-09-30": "19.05660", "2008-06-30": "19.90700", "2008-03-31": "22.40950", "2007-12-31": "15.63790", "2007-09-30": "13.56640", "2007-06-30": "14.02270", "2007-03-31": "11.57100", "2006-12-31": "11.66390", "2006-09-30": "8.49990", "2006-06-30": "-2.45510", "2006-03-31": "7.24690", "2005-12-31": "40.84720", "2005-09-30": "0.10060", "2005-06-30": "2.86990", "2005-03-31": "11.22880"}, "Net Profit Margin": {"2020-09-30": "15.93380", "2020-06-30": "17.01290", "2020-03-31": "-27.07790", "2019-12-31": "5.83770", "2019-09-30": "11.00550", "2019-06-30": "15.18860", "2019-03-31": "9.44500", "2018-12-31": "-25.95280", "2018-09-30": "5.60140", "2018-06-30": "6.45620", "2018-03-31": "7.27970", "2017-12-31": "75.71810", "2017-09-30": "1.74510", "2017-06-30": "4.21000", "2017-03-31": "18.76260", "2016-12-31": "-0.68240", "2016-09-30": "3.20210", "2016-06-30": "-23.32950", "2016-03-31": "-3.91570", "2015-12-31": "-35.64310", "2015-09-30": "-2.22350", "2015-06-30": "6.19900", "2015-03-31": "4.07930", "2014-12-31": "9.01450", "2014-09-30": "81.10200", "2014-06-30": "6.13830", "2014-03-31": "8.00460", "2013-12-31": "-0.84340", "2013-09-30": "8.68760", "2013-06-30": "8.03620", "2013-03-31": "8.89500", "2012-12-31": "7.97220", "2012-09-30": "8.84700", "2012-06-30": "7.15060", "2012-03-31": "20.95100", "2011-12-31": "-21.11270", "2011-09-30": "13.79310", "2011-06-30": "11.44150", "2011-03-31": "17.15660", "2010-12-31": "9.99430", "2010-09-30": "-54.91300", "2010-06-30": "8.08210", "2010-03-31": "-7.44890", "2009-12-31": "7.39470", "2009-09-30": "6.81600", "2009-06-30": "7.43840", "2009-03-31": "-8.94900", "2008-12-31": "5.51820", "2008-09-30": "11.43390", "2008-06-30": "11.94970", "2008-03-31": "16.82270", "2007-12-31": "10.28810", "2007-09-30": "6.92310", "2007-06-30": "15.33290", "2007-03-31": "5.65880", "2006-12-31": "9.54020", "2006-09-30": "4.22800", "2006-06-30": "-3.42360", "2006-03-31": "4.35670", "2005-12-31": "7.69320", "2005-09-30": "0.14280", "2005-06-30": "1.43840", "2005-03-31": "6.80770"}, "Asset Turnover": {"2020-09-30": "0.04360", "2020-06-30": "0.03930", "2020-03-31": "0.04290", "2019-12-31": "0.04580", "2019-09-30": "0.04320", "2019-06-30": "0.04390", "2019-03-31": "0.04470", "2018-12-31": "0.04870", "2018-09-30": "0.04880", "2018-06-30": "0.04510", "2018-03-31": "0.04440", "2017-12-31": "0.04810", "2017-09-30": "0.04100", "2017-06-30": "0.03950", "2017-03-31": "0.04180", "2016-12-31": "0.04690", "2016-09-30": "0.04030", "2016-06-30": "0.03610", "2016-03-31": "0.03400", "2015-12-31": "0.04090", "2015-09-30": "0.03540", "2015-06-30": "0.03590", "2015-03-31": "0.03400", "2014-12-31": "0.04240", "2014-09-30": "0.04150", "2014-06-30": "0.04800", "2014-03-31": "0.06180", "2013-12-31": "0.06120", "2013-09-30": "0.06130", "2013-06-30": "0.06890", "2013-03-31": "0.07290", "2012-12-31": "0.07680", "2012-09-30": "0.08240", "2012-06-30": "0.09110", "2012-03-31": "0.11350", "2011-12-31": "0.12740", "2011-09-30": "0.07540", "2011-06-30": "0.07720", "2011-03-31": "0.07460", "2010-12-31": "0.06970", "2010-09-30": "0.09640", "2010-06-30": "0.09180", "2010-03-31": "0.10310", "2009-12-31": "0.09200", "2009-09-30": "0.08410", "2009-06-30": "0.07630", "2009-03-31": "0.07580", "2008-12-31": "0.08010", "2008-09-30": "0.11900", "2008-06-30": "0.11720", "2008-03-31": "0.11790", "2007-12-31": "0.08730", "2007-09-30": "0.11070", "2007-06-30": "0.10840", "2007-03-31": "0.09130", "2006-12-31": "0.06060", "2006-09-30": "0.10120", "2006-06-30": "0.08670", "2006-03-31": "0.11630", "2005-12-31": "0.02970", "2005-09-30": "0.09160", "2005-06-30": "0.10880", "2005-03-31": "0.11170"}, "Inventory Turnover Ratio": {"2020-09-30": "2.42040", "2020-06-30": "2.02240", "2020-03-31": "3.77140", "2019-12-31": "4.15200", "2019-09-30": "3.36430", "2019-06-30": "3.60450", "2019-03-31": "4.06980", "2018-12-31": "5.13850", "2018-09-30": "5.16340", "2018-06-30": "4.15690", "2018-03-31": "3.83130", "2017-12-31": "6.01770", "2017-09-30": "3.50000", "2017-06-30": "3.58000", "2017-03-31": "3.91220", "2016-12-31": "3.94930", "2016-09-30": "3.84170", "2016-06-30": "3.28690", "2016-03-31": "2.23940", "2015-12-31": "3.12600", "2015-09-30": "2.73080", "2015-06-30": "2.94050", "2015-03-31": "2.31000", "2014-12-31": "3.09960", "2014-09-30": "2.84150", "2014-06-30": "2.62320", "2014-03-31": "3.46400", "2013-12-31": "3.74230", "2013-09-30": "3.08700", "2013-06-30": "4.60340", "2013-03-31": "4.15790", "2012-12-31": "4.96000", "2012-09-30": "4.78880", "2012-06-30": "5.66040", "2012-03-31": "5.14520", "2011-12-31": "", "2011-09-30": "", "2011-06-30": "", "2011-03-31": "", "2010-12-31": "", "2010-09-30": "", "2010-06-30": "", "2010-03-31": "", "2009-12-31": "", "2009-09-30": "", "2009-06-30": "", "2009-03-31": "", "2008-12-31": "", "2008-09-30": "", "2008-06-30": "", "2008-03-31": "", "2007-12-31": "", "2007-09-30": "", "2007-06-30": "", "2007-03-31": "", "2006-12-31": "", "2006-09-30": "", "2006-06-30": "", "2006-03-31": "", "2005-12-31": "", "2005-09-30": "", "2005-06-30": "", "2005-03-31": ""}, "Receiveable Turnover": {"2020-09-30": "1.91200", "2020-06-30": "1.96360", "2020-03-31": "2.05700", "2019-12-31": "2.11550", "2019-09-30": "2.28460", "2019-06-30": "2.32200", "2019-03-31": "2.21100", "2018-12-31": "2.22180", "2018-09-30": "2.60820", "2018-06-30": "2.47750", "2018-03-31": "2.81020", "2017-12-31": "2.28280", "2017-09-30": "2.41510", "2017-06-30": "2.77630", "2017-03-31": "2.29300", "2016-12-31": "2.34330", "2016-09-30": "2.23070", "2016-06-30": "2.35230", "2016-03-31": "2.24630", "2015-12-31": "1.92700", "2015-09-30": "2.53380", "2015-06-30": "2.44870", "2015-03-31": "2.12380", "2014-12-31": "1.87970", "2014-09-30": "2.15070", "2014-06-30": "2.55020", "2014-03-31": "2.65810", "2013-12-31": "2.46290", "2013-09-30": "2.75080", "2013-06-30": "2.53150", "2013-03-31": "2.38160", "2012-12-31": "2.71660", "2012-09-30": "2.80770", "2012-06-30": "2.90250", "2012-03-31": "3.14980", "2011-12-31": "3.30140", "2011-09-30": "1.89800", "2011-06-30": "2.17310", "2011-03-31": "2.20120", "2010-12-31": "3.50300", "2010-09-30": "3.09140", "2010-06-30": "3.17040", "2010-03-31": "3.11790", "2009-12-31": "2.85050", "2009-09-30": "2.97590", "2009-06-30": "2.81980", "2009-03-31": "2.81410", "2008-12-31": "2.35750", "2008-09-30": "2.93940", "2008-06-30": "2.22720", "2008-03-31": "2.40180", "2007-12-31": "1.83470", "2007-09-30": "2.99450", "2007-06-30": "2.74020", "2007-03-31": "1.86190", "2006-12-31": "1.56960", "2006-09-30": "2.03730", "2006-06-30": "1.90570", "2006-03-31": "2.57950", "2005-12-31": "0.54130", "2005-09-30": "2.06850", "2005-06-30": "2.33940", "2005-03-31": "2.37570"}, "Days Sales In Receivables": {"2020-09-30": "47.07190", "2020-06-30": "45.83380", "2020-03-31": "43.75330", "2019-12-31": "42.54390", "2019-09-30": "39.39470", "2019-06-30": "38.76040", "2019-03-31": "40.70590", "2018-12-31": "40.50820", "2018-09-30": "34.50720", "2018-06-30": "36.32710", "2018-03-31": "32.02590", "2017-12-31": "39.42550", "2017-09-30": "37.26600", "2017-06-30": "32.41680", "2017-03-31": "39.25050", "2016-12-31": "38.40760", "2016-09-30": "40.34650", "2016-06-30": "38.26040", "2016-03-31": "40.06630", "2015-12-31": "46.70490", "2015-09-30": "35.51970", "2015-06-30": "36.75370", "2015-03-31": "42.37760", "2014-12-31": "47.87950", "2014-09-30": "41.84630", "2014-06-30": "35.29200", "2014-03-31": "33.85940", "2013-12-31": "36.54220", "2013-09-30": "32.71720", "2013-06-30": "35.55180", "2013-03-31": "37.79010", "2012-12-31": "33.13000", "2012-09-30": "32.05480", "2012-06-30": "31.00760", "2012-03-31": "28.57360", "2011-12-31": "27.26110", "2011-09-30": "47.41890", "2011-06-30": "41.41630", "2011-03-31": "40.88720", "2010-12-31": "25.69210", "2010-09-30": "29.11300", "2010-06-30": "28.38790", "2010-03-31": "28.86530", "2009-12-31": "31.57350", "2009-09-30": "30.24310", "2009-06-30": "31.91720", "2009-03-31": "31.98230", "2008-12-31": "38.17660", "2008-09-30": "30.61860", "2008-06-30": "40.41020", "2008-03-31": "37.47190", "2007-12-31": "49.05350", "2007-09-30": "30.05560", "2007-06-30": "32.84490", "2007-03-31": "48.33700", "2006-12-31": "57.33860", "2006-09-30": "44.17590", "2006-06-30": "47.22780", "2006-03-31": "34.89120", "2005-12-31": "166.27590", "2005-09-30": "43.50940", "2005-06-30": "38.47070", "2005-03-31": "37.88290"}, "ROE - Return On Equity": {"2020-09-30": "2.17320", "2020-06-30": "2.09370", "2020-03-31": "-3.74410", "2019-12-31": "-0.31230", "2019-09-30": "1.43840", "2019-06-30": "1.90070", "2019-03-31": "1.36390", "2018-12-31": "-3.42060", "2018-09-30": "1.18180", "2018-06-30": "1.74140", "2018-03-31": "1.69780", "2017-12-31": "10.02780", "2017-09-30": "0.83990", "2017-06-30": "1.27130", "2017-03-31": "3.69260", "2016-12-31": "0.26340", "2016-09-30": "0.92100", "2016-06-30": "-3.50160", "2016-03-31": "-0.08320", "2015-12-31": "-8.24040", "2015-09-30": "-0.94740", "2015-06-30": "0.95460", "2015-03-31": "0.06640", "2014-12-31": "1.52690", "2014-09-30": "8.25880", "2014-06-30": "1.03170", "2014-03-31": "2.24850", "2013-12-31": "0.56050", "2013-09-30": "2.21330", "2013-06-30": "2.50910", "2013-03-31": "2.93520", "2012-12-31": "2.74670", "2012-09-30": "3.33830", "2012-06-30": "2.95010", "2012-03-31": "9.64020", "2011-12-31": "6.10980", "2011-09-30": "3.46910", "2011-06-30": "2.64230", "2011-03-31": "4.05450", "2010-12-31": "1.96710", "2010-09-30": "-14.93400", "2010-06-30": "2.49280", "2010-03-31": "-1.65140", "2009-12-31": "2.46150", "2009-09-30": "2.16830", "2009-06-30": "1.70560", "2009-03-31": "0.21450", "2008-12-31": "1.51310", "2008-09-30": "4.79360", "2008-06-30": "6.15530", "2008-03-31": "5.83260", "2007-12-31": "4.21960", "2007-09-30": "3.53180", "2007-06-30": "3.78310", "2007-03-31": "2.74560", "2006-12-31": "2.66430", "2006-09-30": "1.85960", "2006-06-30": "-0.99960", "2006-03-31": "2.21250", "2005-12-31": "4.13450", "2005-09-30": "0.11060", "2005-06-30": "0.76020", "2005-03-31": "3.84330"}, "Return On Tangible Equity": {"2020-09-30": "4.38440", "2020-06-30": "4.21630", "2020-03-31": "-7.52870", "2019-12-31": "-0.60680", "2019-09-30": "2.74440", "2019-06-30": "3.61690", "2019-03-31": "2.80510", "2018-12-31": "-6.63430", "2018-09-30": "2.31620", "2018-06-30": "3.82050", "2018-03-31": "3.71950", "2017-12-31": "21.96640", "2017-09-30": "2.08020", "2017-06-30": "3.38600", "2017-03-31": "9.74480", "2016-12-31": "0.84420", "2016-09-30": "2.92930", "2016-06-30": "-11.01900", "2016-03-31": "-0.22820", "2015-12-31": "-21.53670", "2015-09-30": "-2.44970", "2015-06-30": "2.32590", "2015-03-31": "0.15770", "2014-12-31": "3.58180", "2014-09-30": "21.65590", "2014-06-30": "1.27330", "2014-03-31": "3.04400", "2013-12-31": "0.75400", "2013-09-30": "2.98150", "2013-06-30": "3.53920", "2013-03-31": "4.17340", "2012-12-31": "4.02050", "2012-09-30": "5.53250", "2012-06-30": "5.12190", "2012-03-31": "11.74740", "2011-12-31": "6.21560", "2011-09-30": "3.46910", "2011-06-30": "2.64230", "2011-03-31": "4.05450", "2010-12-31": "1.96710", "2010-09-30": "-14.94860", "2010-06-30": "2.80720", "2010-03-31": "-1.86140", "2009-12-31": "2.77220", "2009-09-30": "2.44770", "2009-06-30": "1.92550", "2009-03-31": "0.24220", "2008-12-31": "1.70330", "2008-09-30": "5.43440", "2008-06-30": "7.09230", "2008-03-31": "6.70100", "2007-12-31": "5.01490", "2007-09-30": "4.18790", "2007-06-30": "4.49010", "2007-03-31": "3.28170", "2006-12-31": "3.19640", "2006-09-30": "2.23130", "2006-06-30": "-1.20790", "2006-03-31": "2.66950", "2005-12-31": "5.08500", "2005-09-30": "0.13770", "2005-06-30": "0.93800", "2005-03-31": "4.76150"}, "ROA - Return On Assets": {"2020-09-30": "0.72880", "2020-06-30": "0.69470", "2020-03-31": "-1.27720", "2019-12-31": "-0.11080", "2019-09-30": "0.52290", "2019-06-30": "0.69660", "2019-03-31": "0.46550", "2018-12-31": "-1.20520", "2018-09-30": "0.42420", "2018-06-30": "0.58010", "2018-03-31": "0.57380", "2017-12-31": "3.49930", "2017-09-30": "0.27100", "2017-06-30": "0.39570", "2017-03-31": "1.19760", "2016-12-31": "0.07900", "2016-09-30": "0.27700", "2016-06-30": "-1.04940", "2016-03-31": "-0.02660", "2015-12-31": "-2.72750", "2015-09-30": "-0.34040", "2015-06-30": "0.35770", "2015-03-31": "0.02580", "2014-12-31": "0.61040", "2014-09-30": "3.42920", "2014-06-30": "0.35190", "2014-03-31": "0.69240", "2013-12-31": "0.18420", "2013-09-30": "0.74840", "2013-06-30": "0.77950", "2013-03-31": "0.93090", "2012-12-31": "0.83860", "2012-09-30": "0.94060", "2012-06-30": "0.81910", "2012-03-31": "2.01800", "2011-12-31": "0.95750", "2011-09-30": "1.22770", "2011-06-30": "0.92980", "2011-03-31": "1.43520", "2010-12-31": "0.64070", "2010-09-30": "-5.11990", "2010-06-30": "0.90190", "2010-03-31": "-0.58900", "2009-12-31": "0.87820", "2009-09-30": "0.76950", "2009-06-30": "0.60340", "2009-03-31": "0.07490", "2008-12-31": "0.52680", "2008-09-30": "1.52830", "2008-06-30": "1.50880", "2008-03-31": "1.67450", "2007-12-31": "1.07340", "2007-09-30": "0.88250", "2007-06-30": "0.93300", "2007-03-31": "0.65550", "2006-12-31": "0.63700", "2006-09-30": "0.45480", "2006-06-30": "-0.22950", "2006-03-31": "0.50370", "2005-12-31": "0.76220", "2005-09-30": "0.01690", "2005-06-30": "0.15420", "2005-03-31": "0.76490"}, "ROI - Return On Investment": {"2020-09-30": "0.87660", "2020-06-30": "0.84220", "2020-03-31": "-1.53610", "2019-12-31": "-0.13970", "2019-09-30": "0.64400", "2019-06-30": "0.85730", "2019-03-31": "0.58750", "2018-12-31": "-1.42320", "2018-09-30": "0.52130", "2018-06-30": "0.73180", "2018-03-31": "0.72420", "2017-12-31": "4.43060", "2017-09-30": "0.35260", "2017-06-30": "0.52870", "2017-03-31": "1.52820", "2016-12-31": "0.10090", "2016-09-30": "0.34330", "2016-06-30": "-1.30100", "2016-03-31": "-0.03310", "2015-12-31": "-3.33940", "2015-09-30": "-0.43180", "2015-06-30": "0.45230", "2015-03-31": "0.03150", "2014-12-31": "0.75210", "2014-09-30": "4.20660", "2014-06-30": "0.44790", "2014-03-31": "0.94160", "2013-12-31": "0.24660", "2013-09-30": "1.02560", "2013-06-30": "1.09110", "2013-03-31": "1.25000", "2012-12-31": "1.12320", "2012-09-30": "1.29010", "2012-06-30": "1.13230", "2012-03-31": "2.96940", "2011-12-31": "1.44230", "2011-09-30": "1.75630", "2011-06-30": "1.32980", "2011-03-31": "2.06230", "2010-12-31": "0.95610", "2010-09-30": "-7.54730", "2010-06-30": "1.29430", "2010-03-31": "-0.84200", "2009-12-31": "1.28490", "2009-09-30": "1.12200", "2009-06-30": "0.88210", "2009-03-31": "0.11090", "2008-12-31": "0.81850", "2008-09-30": "2.50590", "2008-06-30": "3.03460", "2008-03-31": "2.91670", "2007-12-31": "1.90350", "2007-09-30": "1.64260", "2007-06-30": "1.75240", "2007-03-31": "1.24090", "2006-12-31": "1.18150", "2006-09-30": "0.84590", "2006-06-30": "-0.44630", "2006-03-31": "0.99480", "2005-12-31": "1.72380", "2005-09-30": "0.04470", "2005-06-30": "0.31310", "2005-03-31": "1.56600"}, "Book Value Per Share": {"2020-09-30": "12.28200", "2020-06-30": "12.43200", "2020-03-31": "12.57960", "2019-12-31": "13.50170", "2019-09-30": "13.91010", "2019-06-30": "14.10490", "2019-03-31": "12.98510", "2018-12-31": "13.22070", "2018-09-30": "14.01570", "2018-06-30": "18.67840", "2018-03-31": "18.44900", "2017-12-31": "19.58230", "2017-09-30": "18.01700", "2017-06-30": "18.37890", "2017-03-31": "18.65500", "2016-12-31": "18.72800", "2016-09-30": "18.96530", "2016-06-30": "19.22930", "2016-03-31": "20.83200", "2015-12-31": "21.66220", "2015-09-30": "24.37920", "2015-06-30": "25.59550", "2015-03-31": "26.17780", "2014-12-31": "27.00400", "2014-09-30": "27.68540", "2014-06-30": "15.95980", "2014-03-31": "12.72560", "2013-12-31": "13.06150", "2013-09-30": "13.09810", "2013-06-30": "11.67060", "2013-03-31": "11.53960", "2012-12-31": "10.90600", "2012-09-30": "9.55500", "2012-06-30": "8.98880", "2012-03-31": "6.25880", "2011-12-31": "4.37560", "2011-09-30": "15.73640", "2011-06-30": "15.38270", "2011-03-31": "15.12610", "2010-12-31": "13.90430", "2010-09-30": "14.00000", "2010-06-30": "15.45550", "2010-03-31": "15.34590", "2009-12-31": "15.47000", "2009-09-30": "15.18870", "2009-06-30": "15.21130", "2009-03-31": "15.26900", "2008-12-31": "15.66440", "2008-09-30": "14.83390", "2008-06-30": "13.21590", "2008-03-31": "13.35790", "2007-12-31": "10.87880", "2007-09-30": "10.88820", "2007-06-30": "10.71090", "2007-03-31": "10.34540", "2006-12-31": "10.17250", "2006-09-30": "10.18490", "2006-06-30": "9.87790", "2006-03-31": "9.95880", "2005-12-31": "9.46550", "2005-09-30": "8.99700", "2005-06-30": "9.36760", "2005-03-31": "9.22190"}, "Operating Cash Flow Per Share": {"2020-09-30": 0.371, "2020-06-30": 0.9402, "2020-03-31": "0.64880", "2019-12-31": 0.8166, "2019-09-30": 0.7065, "2019-06-30": 0.8803, "2019-03-31": "0.63860", "2018-12-31": 1.1114, "2018-09-30": 0.3614, "2018-06-30": 1.0735, "2018-03-31": "0.83590", "2017-12-31": 1.0383, "2017-09-30": 0.8483, "2017-06-30": 0.9621, "2017-03-31": "0.87960", "2016-12-31": 2.7459, "2016-09-30": 0.8321, "2016-06-30": 0.9135, "2016-03-31": "1.04350", "2015-12-31": 0.8322, "2015-09-30": 0.812, "2015-06-30": 1.0804, "2015-03-31": "0.88960", "2014-12-31": 1.4547, "2014-09-30": 0.3848, "2014-06-30": 0.4358, "2014-03-31": "0.64740", "2013-12-31": 0.7499, "2013-09-30": 0.7832, "2013-06-30": 0.9727, "2013-03-31": "0.72040", "2012-12-31": 0.8942, "2012-09-30": 0.6702, "2012-06-30": 0.6466, "2012-03-31": "0.72270", "2011-12-31": 1.8131, "2011-09-30": 1.1183, "2011-06-30": 1.4584, "2011-03-31": "1.35940", "2010-12-31": 1.1424, "2010-09-30": 1.1304, "2010-06-30": 1.1324, "2010-03-31": "1.05660", "2009-12-31": 1.3693, "2009-09-30": 1.0534, "2009-06-30": 1.0468, "2009-03-31": "0.87920", "2008-12-31": 1.2915, "2008-09-30": 1.4612, "2008-06-30": 1.6375, "2008-03-31": "1.32470", "2007-12-31": 0.9218, "2007-09-30": 1.1414, "2007-06-30": 1.1158, "2007-03-31": "0.48900", "2006-12-31": 0.9475, "2006-09-30": 1.0274, "2006-06-30": 0.8592, "2006-03-31": "0.27130", "2005-12-31": 0.5296, "2005-09-30": 0.4933, "2005-06-30": 0.8626, "2005-03-31": "0.50780"}, "Free Cash Flow Per Share": {"2020-09-30": 0.0923, "2020-06-30": 0.6771, "2020-03-31": "0.39410", "2019-12-31": 0.477, "2019-09-30": 0.0453, "2019-06-30": 0.4619, "2019-03-31": "0.28760", "2018-12-31": 0.3523, "2018-09-30": 0.0423, "2018-06-30": -0.0458, "2018-03-31": "-0.31800", "2017-12-31": 0.1756, "2017-09-30": 0.0574, "2017-06-30": 0.2914, "2017-03-31": "0.25890", "2016-12-31": 2.1126, "2016-09-30": 0.156, "2016-06-30": 0.1824, "2016-03-31": "0.39180", "2015-12-31": -0.1605, "2015-09-30": -0.2289, "2015-06-30": -0.0025, "2015-03-31": "-0.21670", "2014-12-31": -0.202, "2014-09-30": -0.8973, "2014-06-30": -1.0064, "2014-03-31": "-0.49500", "2013-12-31": -0.7452, "2013-09-30": -0.6879, "2013-06-30": -0.217, "2013-03-31": "-0.31730", "2012-12-31": -0.5352, "2012-09-30": -0.4722, "2012-06-30": -0.2769, "2012-03-31": "0.17480", "2011-12-31": 0.2064, "2011-09-30": -0.1187, "2011-06-30": 0.5095, "2011-03-31": "0.47770", "2010-12-31": 0.1375, "2010-09-30": -0.8932, "2010-06-30": 0.2788, "2010-03-31": "0.32370", "2009-12-31": 0.4331, "2009-09-30": -0.2171, "2009-06-30": 0.2685, "2009-03-31": "-0.17170", "2008-12-31": -0.0919, "2008-09-30": -0.3854, "2008-06-30": 0.0534, "2008-03-31": "0.35750", "2007-12-31": -0.3239, "2007-09-30": -0.2785, "2007-06-30": -0.0692, "2007-03-31": "-0.34340", "2006-12-31": -0.2373, "2006-09-30": -0.2008, "2006-06-30": -0.0617, "2006-03-31": "-0.47950", "2005-12-31": -0.0846, "2005-09-30": -0.0897, "2005-06-30": 0.3526, "2005-03-31": "0.29380"}}, "revenue": {"Williams Annual Revenue (Millions of US $)": {"2019": "$8,201", "2018": "$8,686", "2017": "$8,031", "2016": "$7,499", "2015": "$7,360", "2014": "$7,637", "2013": "$6,860", "2012": "$7,486", "2011": "$7,930", "2010": "$6,638", "2009": "$5,278", "2008": "$11,890", "2007": "$10,239", "2006": "$9,299", "2005": "$9,781"}, "Williams Quarterly Revenue (Millions of US $)": {"2020-09-30": "$1,933", "2020-06-30": "$1,781", "2020-03-31": "$1,913", "2019-12-31": "$2,107", "2019-09-30": "$1,999", "2019-06-30": "$2,041", "2019-03-31": "$2,054", "2018-12-31": "$2,204", "2018-09-30": "$2,303", "2018-06-30": "$2,091", "2018-03-31": "$2,088", "2017-12-31": "$2,228", "2017-09-30": "$1,891", "2017-06-30": "$1,924", "2017-03-31": "$1,988", "2016-12-31": "$2,198", "2016-09-30": "$1,905", "2016-06-30": "$1,736", "2016-03-31": "$1,660", "2015-12-31": "$2,006", "2015-09-30": "$1,799", "2015-06-30": "$1,839", "2015-03-31": "$1,716", "2014-12-31": "$2,141", "2014-09-30": "$2,069", "2014-06-30": "$1,678", "2014-03-31": "$1,749", "2013-12-31": "$1,660", "2013-09-30": "$1,623", "2013-06-30": "$1,767", "2013-03-31": "$1,810", "2012-12-31": "$1,869", "2012-09-30": "$1,752", "2012-06-30": "$1,846", "2012-03-31": "$2,019", "2011-12-31": "$2,103", "2011-09-30": "$1,972", "2011-06-30": "$1,984", "2011-03-31": "$1,871", "2010-12-31": "$1,741", "2010-09-30": "$2,300", "2010-06-30": "$2,289", "2010-03-31": "$2,591", "2009-12-31": "$2,326", "2009-09-30": "$2,098", "2009-06-30": "$1,909", "2009-03-31": "$1,922", "2008-12-31": "$2,084", "2008-09-30": "$3,201", "2008-06-30": "$3,657", "2008-03-31": "$3,204", "2007-12-31": "$2,187", "2007-09-30": "$2,860", "2007-06-30": "$2,824", "2007-03-31": "$2,368", "2006-12-31": "$1,540", "2006-09-30": "$2,512", "2006-06-30": "$2,220", "2006-03-31": "$3,028", "2005-12-31": "$874", "2005-09-30": "$3,082", "2005-06-30": "$2,871", "2005-03-31": "$2,954"}}, "gross-profit": {"Williams Annual Gross Profit (Millions of US $)": {"2019": "$6,240", "2018": "$5,979", "2017": "$5,731", "2016": "$5,774", "2015": "$5,581", "2014": "$4,621", "2013": "$3,833", "2012": "$3,990", "2011": "$3,996", "2010": "$3,378", "2009": "$5,278", "2008": "$11,890", "2007": "$10,239", "2006": "$9,299", "2005": "$9,781"}, "Williams Quarterly Gross Profit (Millions of US $)": {"2020-09-30": "$1,553", "2020-06-30": "$1,510", "2020-03-31": "$1,517", "2019-12-31": "$1,588", "2019-09-30": "$1,565", "2019-06-30": "$1,558", "2019-03-31": "$1,529", "2018-12-31": "$1,536", "2018-09-30": "$1,513", "2018-06-30": "$1,455", "2018-03-31": "$1,475", "2017-12-31": "$1,548", "2017-09-30": "$1,387", "2017-06-30": "$1,387", "2017-03-31": "$1,409", "2016-12-31": "$1,653", "2016-09-30": "$1,444", "2016-06-30": "$1,335", "2016-03-31": "$1,342", "2015-12-31": "$1,609", "2015-09-30": "$1,373", "2015-06-30": "$1,345", "2015-03-31": "$1,254", "2014-12-31": "$1,425", "2014-09-30": "$1,262", "2014-06-30": "$954", "2014-03-31": "$980", "2013-12-31": "$934", "2013-09-30": "$913", "2013-06-30": "$966", "2013-03-31": "$1,020", "2012-12-31": "$1,001", "2012-09-30": "$981", "2012-06-30": "$946", "2012-03-31": "$1,062", "2011-12-31": "$2,103", "2011-09-30": "$1,972", "2011-06-30": "$1,984", "2011-03-31": "$1,871", "2010-12-31": "$1,741", "2010-09-30": "$2,300", "2010-06-30": "$2,289", "2010-03-31": "$2,591", "2009-12-31": "$2,326", "2009-09-30": "$2,098", "2009-06-30": "$1,909", "2009-03-31": "$1,922", "2008-12-31": "$2,084", "2008-09-30": "$3,201", "2008-06-30": "$3,657", "2008-03-31": "$3,204", "2007-12-31": "$2,187", "2007-09-30": "$2,860", "2007-06-30": "$2,824", "2007-03-31": "$2,368", "2006-12-31": "$1,540", "2006-09-30": "$2,512", "2006-06-30": "$2,220", "2006-03-31": "$3,028", "2005-12-31": "$874", "2005-09-30": "$3,082", "2005-06-30": "$2,871", "2005-03-31": "$2,954"}}, "operating-income": {"Williams Annual Operating Income (Millions of US $)": {"2019": "$1,921", "2018": "$768", "2017": "$927", "2016": "$689", "2015": "$226", "2014": "$1,569", "2013": "$1,375", "2012": "$1,612", "2011": "$1,867", "2010": "$1,407", "2009": "$1,106", "2008": "$2,533", "2007": "$1,787", "2006": "$1,088", "2005": "$1,408"}, "Williams Quarterly Operating Income (Millions of US $)": {"2020-09-30": "$641", "2020-06-30": "$612", "2020-03-31": "$431", "2019-12-31": "$234", "2019-09-30": "$628", "2019-06-30": "$498", "2019-03-31": "$561", "2018-12-31": "$-634", "2018-09-30": "$501", "2018-06-30": "$410", "2018-03-31": "$491", "2017-12-31": "$-155", "2017-09-30": "$274", "2017-06-30": "$378", "2017-03-31": "$430", "2016-12-31": "$570", "2016-09-30": "$345", "2016-06-30": "$-488", "2016-03-31": "$262", "2015-12-31": "$-749", "2015-09-30": "$356", "2015-06-30": "$392", "2015-03-31": "$227", "2014-12-31": "$531", "2014-09-30": "$307", "2014-06-30": "$311", "2014-03-31": "$420", "2013-12-31": "$263", "2013-09-30": "$336", "2013-06-30": "$350", "2013-03-31": "$426", "2012-12-31": "$380", "2012-09-30": "$373", "2012-06-30": "$332", "2012-03-31": "$527", "2011-12-31": "$511", "2011-09-30": "$457", "2011-06-30": "$460", "2011-03-31": "$439", "2010-12-31": "$383", "2010-09-30": "$-1,290", "2010-06-30": "$416", "2010-03-31": "$479", "2009-12-31": "$456", "2009-09-30": "$394", "2009-06-30": "$351", "2009-03-31": "$280", "2008-12-31": "$233", "2008-09-30": "$689", "2008-06-30": "$819", "2008-03-31": "$815", "2007-12-31": "$375", "2007-09-30": "$493", "2007-06-30": "$518", "2007-03-31": "$401", "2006-12-31": "$315", "2006-09-30": "$328", "2006-06-30": "$87", "2006-03-31": "$358", "2005-12-31": "$540", "2005-09-30": "$144", "2005-06-30": "$260", "2005-03-31": "$464"}}, "ebitda": {"Williams Annual EBITDA (Millions of US $)": {"2019": "$3,692", "2018": "$2,548", "2017": "$2,741", "2016": "$2,525", "2015": "$3,062", "2014": "$2,798", "2013": "$2,190", "2012": "$2,404", "2011": "$3,533", "2010": "$2,962", "2009": "$2,618", "2008": "$3,874", "2007": "$2,440", "2006": "$1,998", "2005": "$2,148"}, "Williams Quarterly EBITDA (Millions of US $)": {"2020-09-30": "$856", "2020-06-30": "$1,057", "2020-03-31": "$1,056", "2019-12-31": "$730", "2019-09-30": "$1,033", "2019-06-30": "$938", "2019-03-31": "$991", "2018-12-31": "$-187", "2018-09-30": "$969", "2018-06-30": "$830", "2018-03-31": "$936", "2017-12-31": "$290", "2017-09-30": "$724", "2017-06-30": "$834", "2017-03-31": "$893", "2016-12-31": "$1,025", "2016-09-30": "$801", "2016-06-30": "$-29", "2016-03-31": "$728", "2015-12-31": "$735", "2015-09-30": "$807", "2015-06-30": "$843", "2015-03-31": "$677", "2014-12-31": "$927", "2014-09-30": "$689", "2014-06-30": "$537", "2014-03-31": "$645", "2013-12-31": "$444", "2013-09-30": "$551", "2013-06-30": "$559", "2013-03-31": "$636", "2012-12-31": "$600", "2012-09-30": "$578", "2012-06-30": "$522", "2012-03-31": "$704", "2011-12-31": "$939", "2011-09-30": "$886", "2011-06-30": "$874", "2011-03-31": "$834", "2010-12-31": "$800", "2010-09-30": "$-905", "2010-06-30": "$794", "2010-03-31": "$854", "2009-12-31": "$845", "2009-09-30": "$766", "2009-06-30": "$735", "2009-03-31": "$647", "2008-12-31": "$588", "2008-09-30": "$1,021", "2008-06-30": "$1,171", "2008-03-31": "$1,117", "2007-12-31": "$178", "2007-09-30": "$793", "2007-06-30": "$803", "2007-03-31": "$666", "2006-12-31": "$564", "2006-09-30": "$560", "2006-06-30": "$308", "2006-03-31": "$566", "2005-12-31": "$725", "2005-09-30": "$337", "2005-06-30": "$442", "2005-03-31": "$645"}}, "net-income": {"Williams Annual Net Income (Millions of US $)": {"2019": "$847", "2018": "$-156", "2017": "$2,174", "2016": "$-424", "2015": "$-571", "2014": "$2,114", "2013": "$430", "2012": "$859", "2011": "$376", "2010": "$-1,097", "2009": "$285", "2008": "$1,418", "2007": "$990", "2006": "$309", "2005": "$314"}, "Williams Quarterly Net Income (Millions of US $)": {"2020-09-30": "$308", "2020-06-30": "$303", "2020-03-31": "$-518", "2019-12-31": "$123", "2019-09-30": "$220", "2019-06-30": "$310", "2019-03-31": "$194", "2018-12-31": "$-572", "2018-09-30": "$129", "2018-06-30": "$135", "2018-03-31": "$152", "2017-12-31": "$1,687", "2017-09-30": "$33", "2017-06-30": "$81", "2017-03-31": "$373", "2016-12-31": "$-15", "2016-09-30": "$61", "2016-06-30": "$-405", "2016-03-31": "$-65", "2015-12-31": "$-715", "2015-09-30": "$-40", "2015-06-30": "$114", "2015-03-31": "$70", "2014-12-31": "$193", "2014-09-30": "$1,678", "2014-06-30": "$103", "2014-03-31": "$140", "2013-12-31": "$-14", "2013-09-30": "$141", "2013-06-30": "$142", "2013-03-31": "$161", "2012-12-31": "$149", "2012-09-30": "$155", "2012-06-30": "$132", "2012-03-31": "$423", "2011-12-31": "$-444", "2011-09-30": "$272", "2011-06-30": "$227", "2011-03-31": "$321", "2010-12-31": "$174", "2010-09-30": "$-1,263", "2010-06-30": "$185", "2010-03-31": "$-193", "2009-12-31": "$172", "2009-09-30": "$143", "2009-06-30": "$142", "2009-03-31": "$-172", "2008-12-31": "$115", "2008-09-30": "$366", "2008-06-30": "$437", "2008-03-31": "$539", "2007-12-31": "$225", "2007-09-30": "$198", "2007-06-30": "$433", "2007-03-31": "$134", "2006-12-31": "$147", "2006-09-30": "$106", "2006-06-30": "$-76", "2006-03-31": "$132", "2005-12-31": "$67", "2005-09-30": "$4", "2005-06-30": "$41", "2005-03-31": "$201"}}, "eps-earnings-per-share-diluted": {"Williams Annual EPS": {"2019": "$0.70", "2018": "$-0.16", "2017": "$2.62", "2016": "$-0.57", "2015": "$-0.76", "2014": "$2.92", "2013": "$0.62", "2012": "$1.37", "2011": "$0.63", "2010": "$-3.72", "2009": "$0.49", "2008": "$2.40", "2007": "$1.63", "2006": "$0.51", "2005": "$0.53"}, "Williams Quarterly EPS": {"2020-09-30": "$0.25", "2020-06-30": "$0.25", "2020-03-31": "$-0.43", "2019-12-31": "$0.10", "2019-09-30": "$0.18", "2019-06-30": "$0.26", "2019-03-31": "$0.16", "2018-12-31": "$-0.63", "2018-09-30": "$0.13", "2018-06-30": "$0.16", "2018-03-31": "$0.18", "2017-12-31": "$2.03", "2017-09-30": "$0.04", "2017-06-30": "$0.10", "2017-03-31": "$0.45", "2016-12-31": "$-0.02", "2016-09-30": "$0.08", "2016-06-30": "$-0.54", "2016-03-31": "$-0.09", "2015-12-31": "$-0.95", "2015-09-30": "$-0.05", "2015-06-30": "$0.15", "2015-03-31": "$0.09", "2014-12-31": "$0.35", "2014-09-30": "$2.22", "2014-06-30": "$0.15", "2014-03-31": "$0.20", "2013-12-31": "$-0.02", "2013-09-30": "$0.20", "2013-06-30": "$0.21", "2013-03-31": "$0.23", "2012-12-31": "$0.21", "2012-09-30": "$0.25", "2012-06-30": "$0.21", "2012-03-31": "$0.70", "2011-12-31": "$-0.75", "2011-09-30": "$0.46", "2011-06-30": "$0.38", "2011-03-31": "$0.54", "2010-12-31": "$0.29", "2010-09-30": "$-2.16", "2010-06-30": "$0.31", "2010-03-31": "$-0.33", "2009-12-31": "$0.29", "2009-09-30": "$0.24", "2009-06-30": "$0.24", "2009-03-31": "$-0.29", "2008-12-31": "$0.20", "2008-09-30": "$0.62", "2008-06-30": "$0.73", "2008-03-31": "$0.84", "2007-12-31": "$0.37", "2007-09-30": "$0.33", "2007-06-30": "$0.71", "2007-03-31": "$0.22", "2006-12-31": "$0.24", "2006-09-30": "$0.18", "2006-06-30": "$-0.13", "2006-03-31": "$0.22", "2005-12-31": "$0.11", "2005-09-30": "$0.01", "2005-06-30": "$0.07", "2005-03-31": "$0.34"}}, "shares-outstanding": {"Williams Annual Shares Outstanding (Millions of Shares)": {"2019": "1,214", "2018": "974", "2017": "829", "2016": "751", "2015": "749", "2014": "724", "2013": "687", "2012": "625", "2011": "598", "2010": "591", "2009": "586", "2008": "593", "2007": "610", "2006": "609", "2005": "606"}, "Williams Quarterly Shares Outstanding (Millions of Shares)": {"2020-09-30": "1,215", "2020-06-30": "1,215", "2020-03-31": "1,213", "2019-12-31": "1,214", "2019-09-30": "1,214", "2019-06-30": "1,214", "2019-03-31": "1,214", "2018-12-31": "974", "2018-09-30": "1,027", "2018-06-30": "830", "2018-03-31": "830", "2017-12-31": "829", "2017-09-30": "829", "2017-06-30": "829", "2017-03-31": "826", "2016-12-31": "751", "2016-09-30": "752", "2016-06-30": "751", "2016-03-31": "750", "2015-12-31": "749", "2015-09-30": "750", "2015-06-30": "753", "2015-03-31": "752", "2014-12-31": "724", "2014-09-30": "752", "2014-06-30": "701", "2014-03-31": "689", "2013-12-31": "687", "2013-09-30": "687", "2013-06-30": "687", "2013-03-31": "687", "2012-12-31": "625", "2012-09-30": "632", "2012-06-30": "627", "2012-03-31": "601", "2011-12-31": "598", "2011-09-30": "598", "2011-06-30": "598", "2011-03-31": "597", "2010-12-31": "594", "2010-09-30": "585", "2010-06-30": "592", "2010-03-31": "584", "2009-12-31": "591", "2009-09-30": "590", "2009-06-30": "589", "2009-03-31": "582", "2008-12-31": "587", "2008-09-30": "589", "2008-06-30": "596", "2008-03-31": "599", "2007-12-31": "610", "2007-09-30": "611", "2007-06-30": "613", "2007-03-31": "611", "2006-12-31": "609", "2006-09-30": "609", "2006-06-30": "596", "2006-03-31": "607", "2005-12-31": "606", "2005-09-30": "581", "2005-06-30": "579", "2005-03-31": "599"}}, "total-assets": {"Williams Annual Total Assets (Millions of US $)": {"2019": "$46,040", "2018": "$45,302", "2017": "$46,352", "2016": "$46,835", "2015": "$49,020", "2014": "$50,455", "2013": "$27,142", "2012": "$24,327", "2011": "$16,502", "2010": "$24,972", "2009": "$25,280", "2008": "$26,006", "2007": "$25,061", "2006": "$25,402", "2005": "$29,443"}, "Williams Quarterly Total Assets (Millions of US $)": {"2020-09-30": "$44,320", "2020-06-30": "$45,343", "2020-03-31": "$44,629", "2019-12-31": "$46,040", "2019-09-30": "$46,281", "2019-06-30": "$46,509", "2019-03-31": "$45,970", "2018-12-31": "$45,302", "2018-09-30": "$47,153", "2018-06-30": "$46,374", "2018-03-31": "$47,052", "2017-12-31": "$46,352", "2017-09-30": "$46,120", "2017-06-30": "$48,770", "2017-03-31": "$47,512", "2016-12-31": "$46,835", "2016-09-30": "$47,288", "2016-06-30": "$48,124", "2016-03-31": "$48,807", "2015-12-31": "$49,020", "2015-09-30": "$50,819", "2015-06-30": "$51,163", "2015-03-31": "$50,457", "2014-12-31": "$50,455", "2014-09-30": "$49,807", "2014-06-30": "$34,949", "2014-03-31": "$28,306", "2013-12-31": "$27,142", "2013-09-30": "$26,455", "2013-06-30": "$25,657", "2013-03-31": "$24,816", "2012-12-31": "$24,327", "2012-09-30": "$21,263", "2012-06-30": "$20,267", "2012-03-31": "$17,790", "2011-12-31": "$16,502", "2011-09-30": "$26,146", "2011-06-30": "$25,705", "2011-03-31": "$25,083", "2010-12-31": "$24,972", "2010-09-30": "$23,848", "2010-06-30": "$24,947", "2010-03-31": "$25,129", "2009-12-31": "$25,280", "2009-09-30": "$24,952", "2009-06-30": "$25,026", "2009-03-31": "$25,368", "2008-12-31": "$26,006", "2008-09-30": "$26,893", "2008-06-30": "$31,216", "2008-03-31": "$27,172", "2007-12-31": "$25,061", "2007-09-30": "$25,837", "2007-06-30": "$26,046", "2007-03-31": "$25,936", "2006-12-31": "$25,402", "2006-09-30": "$24,822", "2006-06-30": "$25,617", "2006-03-31": "$26,029", "2005-12-31": "$29,443", "2005-09-30": "$33,656", "2005-06-30": "$26,400", "2005-03-31": "$26,434"}}, "cash-on-hand": {"Williams Annual Cash on Hand (Millions of US $)": {"2019": "$289", "2018": "$168", "2017": "$899", "2016": "$170", "2015": "$100", "2014": "$240", "2013": "$681", "2012": "$839", "2011": "$889", "2010": "$758", "2009": "$1,867", "2008": "$1,438", "2007": "$1,699", "2006": "$2,269", "2005": "$1,690"}, "Williams Quarterly Cash on Hand (Millions of US $)": {"2020-09-30": "$70", "2020-06-30": "$1,133", "2020-03-31": "$400", "2019-12-31": "$289", "2019-09-30": "$247", "2019-06-30": "$806", "2019-03-31": "$43", "2018-12-31": "$168", "2018-09-30": "$42", "2018-06-30": "$275", "2018-03-31": "$1,292", "2017-12-31": "$899", "2017-09-30": "$1,172", "2017-06-30": "$1,918", "2017-03-31": "$639", "2016-12-31": "$170", "2016-09-30": "$77", "2016-06-30": "$135", "2016-03-31": "$164", "2015-12-31": "$100", "2015-09-30": "$125", "2015-06-30": "$204", "2015-03-31": "$341", "2014-12-31": "$240", "2014-09-30": "$302", "2014-06-30": "$860", "2014-03-31": "$1,064", "2013-12-31": "$681", "2013-09-30": "$732", "2013-06-30": "$824", "2013-03-31": "$702", "2012-12-31": "$839", "2012-09-30": "$996", "2012-06-30": "$679", "2012-03-31": "$1,100", "2011-12-31": "$889", "2011-09-30": "$996", "2011-06-30": "$1,166", "2011-03-31": "$923", "2010-12-31": "$758", "2010-09-30": "$1,015", "2010-06-30": "$1,601", "2010-03-31": "$1,644", "2009-12-31": "$1,867", "2009-09-30": "$1,640", "2009-06-30": "$1,853", "2009-03-31": "$1,786", "2008-12-31": "$1,438", "2008-09-30": "$1,524", "2008-06-30": "$1,937", "2008-03-31": "$2,240", "2007-12-31": "$1,699", "2007-09-30": "$1,552", "2007-06-30": "$1,834", "2007-03-31": "$1,868", "2006-12-31": "$2,269", "2006-09-30": "$1,154", "2006-06-30": "$1,060", "2006-03-31": "$1,195", "2005-12-31": "$1,690", "2005-09-30": "$1,409", "2005-06-30": "$1,363", "2005-03-31": "$1,257"}}, "long-term-debt": {"Williams Annual Long Term Debt (Millions of US $)": {"2019": "$20,148", "2018": "$22,367", "2017": "$20,434", "2016": "$22,624", "2015": "$23,812", "2014": "$20,780", "2013": "$11,353", "2012": "$10,735", "2011": "$8,369", "2010": "$8,600", "2009": "$8,259", "2008": "$7,683", "2007": "$7,757", "2006": "$7,622", "2005": "$7,591"}, "Williams Quarterly Long Term Debt (Millions of US $)": {"2020-09-30": "$21,951", "2020-06-30": "$22,323", "2020-03-31": "$21,848", "2019-12-31": "$20,148", "2019-09-30": "$20,719", "2019-06-30": "$20,711", "2019-03-31": "$20,703", "2018-12-31": "$22,367", "2018-09-30": "$21,409", "2018-06-30": "$21,313", "2018-03-31": "$21,379", "2017-12-31": "$20,434", "2017-09-30": "$20,567", "2017-06-30": "$21,325", "2017-03-31": "$21,825", "2016-12-31": "$22,624", "2016-09-30": "$23,932", "2016-06-30": "$24,394", "2016-03-31": "$23,701", "2015-12-31": "$23,812", "2015-09-30": "$21,805", "2015-06-30": "$21,285", "2015-03-31": "$21,690", "2014-12-31": "$20,780", "2014-09-30": "$19,922", "2014-06-30": "$15,539", "2014-03-31": "$12,099", "2013-12-31": "$11,353", "2013-09-30": "$10,359", "2013-06-30": "$10,359", "2013-03-31": "$10,610", "2012-12-31": "$10,735", "2012-09-30": "$9,512", "2012-06-30": "$9,033", "2012-03-31": "$8,366", "2011-12-31": "$8,369", "2011-09-30": "$9,024", "2011-06-30": "$8,927", "2011-03-31": "$8,577", "2010-12-31": "$8,600", "2010-09-30": "$8,002", "2010-06-30": "$8,358", "2010-03-31": "$8,615", "2009-12-31": "$8,259", "2009-09-30": "$8,258", "2009-06-30": "$8,265", "2009-03-31": "$8,278", "2008-12-31": "$7,683", "2008-09-30": "$7,827", "2008-06-30": "$7,869", "2008-03-31": "$7,799", "2007-12-31": "$7,757", "2007-09-30": "$7,425", "2007-06-30": "$7,443", "2007-03-31": "$7,508", "2006-12-31": "$7,622", "2006-09-30": "$7,275", "2006-06-30": "$7,293", "2006-03-31": "$7,253", "2005-12-31": "$7,591", "2005-09-30": "$7,599", "2005-06-30": "$7,646", "2005-03-31": "$7,650"}}, "total-liabilities": {"Williams Annual Total Liabilities (Millions of US $)": {"2019": "$29,676", "2018": "$29,305", "2017": "$30,177", "2016": "$32,789", "2015": "$32,795", "2014": "$30,283", "2013": "$18,221", "2012": "$16,900", "2011": "$13,916", "2010": "$16,838", "2009": "$16,261", "2008": "$16,952", "2007": "$18,686", "2006": "$19,329", "2005": "$24,015"}, "Williams Quarterly Total Liabilities (Millions of US $)": {"2020-09-30": "$29,422", "2020-06-30": "$30,263", "2020-03-31": "$29,370", "2019-12-31": "$29,676", "2019-09-30": "$29,422", "2019-06-30": "$29,428", "2019-03-31": "$30,245", "2018-12-31": "$29,305", "2018-09-30": "$30,194", "2018-06-30": "$30,927", "2018-03-31": "$31,149", "2017-12-31": "$30,177", "2017-09-30": "$31,238", "2017-06-30": "$33,589", "2017-03-31": "$32,103", "2016-12-31": "$32,789", "2016-09-30": "$33,064", "2016-06-30": "$33,702", "2016-03-31": "$33,183", "2015-12-31": "$32,795", "2015-09-30": "$32,559", "2015-06-30": "$31,992", "2015-03-31": "$30,876", "2014-12-31": "$30,283", "2014-09-30": "$29,126", "2014-06-30": "$23,027", "2014-03-31": "$19,589", "2013-12-31": "$18,221", "2013-09-30": "$17,509", "2013-06-30": "$17,686", "2013-03-31": "$16,946", "2012-12-31": "$16,900", "2012-09-30": "$15,272", "2012-06-30": "$14,640", "2012-03-31": "$14,066", "2011-12-31": "$13,916", "2011-09-30": "$16,893", "2011-06-30": "$16,660", "2011-03-31": "$16,204", "2010-12-31": "$16,838", "2010-09-30": "$15,672", "2010-06-30": "$15,921", "2010-03-31": "$16,167", "2009-12-31": "$16,261", "2009-09-30": "$16,097", "2009-06-30": "$16,173", "2009-03-31": "$16,512", "2008-12-31": "$16,952", "2008-09-30": "$18,319", "2008-06-30": "$23,564", "2008-03-31": "$19,371", "2007-12-31": "$18,686", "2007-09-30": "$19,381", "2007-06-30": "$19,623", "2007-03-31": "$19,744", "2006-12-31": "$19,329", "2006-09-30": "$18,750", "2006-06-30": "$19,735", "2006-03-31": "$20,104", "2005-12-31": "$24,015", "2005-09-30": "$28,501", "2005-06-30": "$21,046", "2005-03-31": "$21,173"}}, "total-share-holder-equity": {"Williams Annual Share Holder Equity (Millions of US $)": {"2019": "$16,364", "2018": "$15,997", "2017": "$16,175", "2016": "$14,046", "2015": "$16,225", "2014": "$20,172", "2013": "$8,921", "2012": "$7,427", "2011": "$2,586", "2010": "$8,134", "2009": "$9,019", "2008": "$9,054", "2007": "$6,375", "2006": "$6,073", "2005": "$5,428"}, "Williams Quarterly Share Holder Equity (Millions of US $)": {"2020-09-30": "$14,898", "2020-06-30": "$15,080", "2020-03-31": "$15,259", "2019-12-31": "$16,364", "2019-09-30": "$16,859", "2019-06-30": "$17,081", "2019-03-31": "$15,725", "2018-12-31": "$15,997", "2018-09-30": "$16,959", "2018-06-30": "$15,447", "2018-03-31": "$15,903", "2017-12-31": "$16,175", "2017-09-30": "$14,882", "2017-06-30": "$15,181", "2017-03-31": "$15,409", "2016-12-31": "$14,046", "2016-09-30": "$14,224", "2016-06-30": "$14,422", "2016-03-31": "$15,624", "2015-12-31": "$16,225", "2015-09-30": "$18,260", "2015-06-30": "$19,171", "2015-03-31": "$19,581", "2014-12-31": "$20,172", "2014-09-30": "$20,681", "2014-06-30": "$11,922", "2014-03-31": "$8,717", "2013-12-31": "$8,921", "2013-09-30": "$8,946", "2013-06-30": "$7,971", "2013-03-31": "$7,870", "2012-12-31": "$7,427", "2012-09-30": "$5,991", "2012-06-30": "$5,627", "2012-03-31": "$3,724", "2011-12-31": "$2,586", "2011-09-30": "$9,253", "2011-06-30": "$9,045", "2011-03-31": "$8,879", "2010-12-31": "$8,134", "2010-09-30": "$8,176", "2010-06-30": "$9,026", "2010-03-31": "$8,962", "2009-12-31": "$9,019", "2009-09-30": "$8,855", "2009-06-30": "$8,853", "2009-03-31": "$8,856", "2008-12-31": "$9,054", "2008-09-30": "$8,574", "2008-06-30": "$7,652", "2008-03-31": "$7,801", "2007-12-31": "$6,375", "2007-09-30": "$6,456", "2007-06-30": "$6,423", "2007-03-31": "$6,192", "2006-12-31": "$6,073", "2006-09-30": "$6,071", "2006-06-30": "$5,882", "2006-03-31": "$5,926", "2005-12-31": "$5,428", "2005-09-30": "$5,154", "2005-06-30": "$5,354", "2005-03-31": "$5,261"}}, "profit-margins": {"current": "3.01%"}, "gross margin": {"2020-09-30": "79.75%", "2020-06-30": "79.23%", "2020-03-31": "77.27%", "2019-12-31": "76.09%", "2019-09-30": "74.57%", "2019-06-30": "71.33%", "2019-03-31": "69.73%", "2018-12-31": "68.83%", "2018-09-30": "68.78%", "2018-06-30": "70.68%", "2018-03-31": "71.30%", "2017-12-31": "71.36%", "2017-09-30": "72.94%", "2017-06-30": "73.52%", "2017-03-31": "74.63%", "2016-12-31": "77.00%", "2016-09-30": "78.42%", "2016-06-30": "78.59%", "2016-03-31": "77.62%", "2015-12-31": "75.83%", "2015-09-30": "72.01%", "2015-06-30": "68.07%", "2015-03-31": "64.37%", "2014-12-31": "60.51%", "2014-09-30": "57.71%", "2014-06-30": "56.35%", "2014-03-31": "55.79%", "2013-12-31": "55.87%", "2013-09-30": "55.17%", "2013-06-30": "55.13%", "2013-03-31": "54.25%", "2012-12-31": "53.30%", "2012-09-30": "65.96%", "2012-06-30": "76.61%", "2012-03-31": "88.15%", "2011-12-31": "100.00%", "2011-09-30": "100.00%", "2011-06-30": "100.00%", "2011-03-31": "100.00%", "2010-12-31": "100.00%", "2010-09-30": "100.00%", "2010-06-30": "100.00%", "2010-03-31": "100.00%", "2009-12-31": "100.00%", "2009-09-30": "100.00%", "2009-06-30": "100.00%", "2009-03-31": "100.00%", "2008-12-31": "100.00%", "2008-09-30": "100.00%", "2008-06-30": "100.00%", "2008-03-31": "100.00%", "2007-12-31": "100.00%", "2007-09-30": "100.00%", "2007-06-30": "100.00%", "2007-03-31": "100.00%", "2006-12-31": "100.00%", "2006-09-30": "100.00%", "2006-06-30": "100.00%", "2006-03-31": "100.00%", "2005-12-31": "100.00%"}, "operating margin": {"2020-09-30": "24.80%", "2020-06-30": "24.42%", "2020-03-31": "22.22%", "2019-12-31": "23.42%", "2019-09-30": "12.69%", "2019-06-30": "10.76%", "2019-03-31": "9.69%", "2018-12-31": "8.84%", "2018-09-30": "14.32%", "2018-06-30": "12.29%", "2018-03-31": "12.15%", "2017-12-31": "11.54%", "2017-09-30": "20.65%", "2017-06-30": "21.50%", "2017-03-31": "10.95%", "2016-12-31": "9.19%", "2016-09-30": "-8.62%", "2016-06-30": "-8.60%", "2016-03-31": "3.57%", "2015-12-31": "3.07%", "2015-09-30": "20.09%", "2015-06-30": "18.76%", "2015-03-31": "18.10%", "2014-12-31": "20.54%", "2014-09-30": "18.18%", "2014-06-30": "19.82%", "2014-03-31": "20.14%", "2013-12-31": "20.04%", "2013-09-30": "21.11%", "2013-06-30": "21.24%", "2013-03-31": "20.76%", "2012-12-31": "21.53%", "2012-09-30": "22.58%", "2012-06-30": "23.01%", "2012-03-31": "24.20%", "2011-12-31": "23.54%", "2011-09-30": "22.98%", "2011-06-30": "-0.10%", "2011-03-31": "-0.63%", "2010-12-31": "-0.13%", "2010-09-30": "0.64%", "2010-06-30": "18.76%", "2010-03-31": "18.83%", "2009-12-31": "17.94%", "2009-09-30": "15.70%", "2009-06-30": "17.04%", "2009-03-31": "18.60%", "2008-12-31": "21.04%", "2008-09-30": "22.03%", "2008-06-30": "21.01%", "2008-03-31": "19.87%", "2007-12-31": "17.45%", "2007-09-30": "18.00%", "2007-06-30": "16.90%", "2007-03-31": "13.09%", "2006-12-31": "11.70%", "2006-09-30": "15.21%", "2006-06-30": "12.27%", "2006-03-31": "13.21%", "2005-12-31": "14.40%"}, "ebitda margin": {"2020-09-30": "47.83%", "2020-06-30": "49.69%", "2020-03-31": "46.61%", "2019-12-31": "45.02%", "2019-09-30": "33.44%", "2019-06-30": "31.52%", "2019-03-31": "30.09%", "2018-12-31": "29.33%", "2018-09-30": "34.73%", "2018-06-30": "33.50%", "2018-03-31": "34.24%", "2017-12-31": "34.13%", "2017-09-30": "43.44%", "2017-06-30": "44.33%", "2017-03-31": "34.37%", "2016-12-31": "33.67%", "2016-09-30": "30.59%", "2016-06-30": "31.12%", "2016-03-31": "42.62%", "2015-12-31": "41.60%", "2015-09-30": "43.42%", "2015-06-30": "40.39%", "2015-03-31": "37.22%", "2014-12-31": "36.64%", "2014-09-30": "32.35%", "2014-06-30": "32.44%", "2014-03-31": "32.34%", "2013-12-31": "31.92%", "2013-09-30": "33.19%", "2013-06-30": "32.97%", "2013-03-31": "32.10%", "2012-12-31": "32.11%", "2012-09-30": "35.53%", "2012-06-30": "38.43%", "2012-03-31": "42.13%", "2011-12-31": "44.55%", "2011-09-30": "44.85%", "2011-06-30": "20.30%", "2011-03-31": "18.57%", "2010-12-31": "17.30%", "2010-09-30": "16.71%", "2010-06-30": "35.03%", "2010-03-31": "35.86%", "2009-12-31": "36.26%", "2009-09-30": "34.14%", "2009-06-30": "32.81%", "2009-03-31": "31.54%", "2008-12-31": "32.08%", "2008-09-30": "28.47%", "2008-06-30": "27.37%", "2008-03-31": "26.10%", "2007-12-31": "23.83%", "2007-09-30": "29.46%", "2007-06-30": "28.05%", "2007-03-31": "24.28%", "2006-12-31": "21.48%", "2006-09-30": "25.01%", "2006-06-30": "21.03%", "2006-03-31": "21.00%", "2005-12-31": "21.97%"}, "pre tax profit margin": {"2020-09-30": "1.71%", "2020-06-30": "0.22%", "2020-03-31": "0.09%", "2019-12-31": "12.97%", "2019-09-30": "3.84%", "2019-06-30": "4.53%", "2019-03-31": "3.34%", "2018-12-31": "3.81%", "2018-09-30": "6.41%", "2018-06-30": "3.82%", "2018-03-31": "3.12%", "2017-12-31": "6.66%", "2017-09-30": "13.74%", "2017-06-30": "14.35%", "2017-03-31": "3.09%", "2016-12-31": "-5.00%", "2016-09-30": "-30.72%", "2016-06-30": "-37.26%", "2016-03-31": "-24.19%", "2015-12-31": "-23.27%", "2015-09-30": "6.60%", "2015-06-30": "44.29%", "2015-03-31": "44.45%", "2014-12-31": "46.93%", "2014-09-30": "46.83%", "2014-06-30": "13.49%", "2014-03-31": "14.71%", "2013-12-31": "15.74%", "2013-09-30": "16.58%", "2013-06-30": "16.52%", "2013-03-31": "15.45%", "2012-12-31": "17.22%", "2012-09-30": "15.13%", "2012-06-30": "15.68%", "2012-03-31": "16.79%", "2011-12-31": "15.16%", "2011-09-30": "17.35%", "2011-06-30": "-5.22%", "2011-03-31": "-5.26%", "2010-12-31": "-11.33%", "2010-09-30": "-9.74%", "2010-06-30": "7.78%", "2010-03-31": "7.01%", "2009-12-31": "11.42%", "2009-09-30": "8.64%", "2009-06-30": "11.22%", "2009-03-31": "13.99%", "2008-12-31": "17.81%", "2008-09-30": "19.58%", "2008-06-30": "18.27%", "2008-03-31": "16.65%", "2007-12-31": "13.67%", "2007-09-30": "12.91%", "2007-06-30": "11.51%", "2007-03-31": "7.09%", "2006-12-31": "6.00%", "2006-09-30": "8.51%", "2006-06-30": "5.69%", "2006-03-31": "6.71%", "2005-12-31": "7.91%"}, "net profit margin": {"2020-09-30": "2.79%", "2020-06-30": "1.64%", "2020-03-31": "1.67%", "2019-12-31": "10.33%", "2019-09-30": "1.83%", "2019-06-30": "0.71%", "2019-03-31": "-1.32%", "2018-12-31": "-1.80%", "2018-09-30": "24.14%", "2018-06-30": "24.19%", "2018-03-31": "24.02%", "2017-12-31": "27.07%", "2017-09-30": "5.90%", "2017-06-30": "6.24%", "2017-03-31": "0.18%", "2016-12-31": "-5.65%", "2016-09-30": "-15.38%", "2016-06-30": "-17.01%", "2016-03-31": "-9.67%", "2015-12-31": "-7.76%", "2015-09-30": "4.50%", "2015-06-30": "26.46%", "2015-03-31": "26.88%", "2014-12-31": "27.68%", "2014-09-30": "26.65%", "2014-06-30": "5.51%", "2014-03-31": "6.02%", "2013-12-31": "6.27%", "2013-09-30": "8.39%", "2013-06-30": "8.43%", "2013-03-31": "8.20%", "2012-12-31": "11.47%", "2012-09-30": "3.45%", "2012-06-30": "4.82%", "2012-03-31": "5.92%", "2011-12-31": "4.74%", "2011-09-30": "13.13%", "2011-06-30": "-6.85%", "2011-03-31": "-7.11%", "2010-12-31": "-12.30%", "2010-09-30": "-11.56%", "2010-06-30": "3.30%", "2010-03-31": "2.96%", "2009-12-31": "3.45%", "2009-09-30": "2.85%", "2009-06-30": "4.95%", "2009-03-31": "6.87%", "2008-12-31": "12.00%", "2008-09-30": "12.79%", "2008-06-30": "11.75%", "2008-03-31": "12.60%", "2007-12-31": "9.67%", "2007-09-30": "9.51%", "2007-06-30": "8.87%", "2007-03-31": "3.60%", "2006-12-31": "3.32%", "2006-09-30": "2.65%", "2006-06-30": "1.38%", "2006-03-31": "2.48%", "2005-12-31": "3.20%"}, "pe ratio": {"current": "21.66", "2021-02-05": "122.72", "2020-09-30": "107.22", "2020-06-30": "166.52", "2020-03-31": "111.11", "2019-12-31": "30.56", "2019-09-30": "166.51", "2019-06-30": "310.48", "2019-03-31": "0.00", "2018-12-31": "0.00", "2018-09-30": "9.24", "2018-06-30": "9.44", "2018-03-31": "8.77", "2017-12-31": "9.53", "2017-09-30": "42.65", "2017-06-30": "39.81", "2017-03-31": "0.00", "2016-12-31": "0.00", "2016-09-30": "0.00", "2016-06-30": "0.00", "2016-03-31": "0.00", "2015-12-31": "0.00", "2015-09-30": "58.04", "2015-06-30": "14.74", "2015-03-31": "12.84", "2014-12-31": "10.82", "2014-09-30": "14.61", "2014-06-30": "73.20", "2014-03-31": "45.42", "2013-12-31": "40.69", "2013-09-30": "27.04", "2013-06-30": "22.60", "2013-03-31": "25.81", "2012-12-31": "14.78", "2012-09-30": "51.72", "2012-06-30": "28.15", "2012-03-31": "23.46", "2011-12-31": "25.49", "2011-09-30": "7.15", "2011-06-30": "0.00", "2011-03-31": "0.00", "2010-12-31": "0.00", "2010-09-30": "0.00", "2010-06-30": "17.04", "2010-03-31": "24.79", "2009-12-31": "20.64", "2009-09-30": "21.41", "2009-06-30": "9.41", "2009-03-31": "4.17", "2008-12-31": "2.77", "2008-09-30": "4.19", "2008-06-30": "8.06", "2008-03-31": "6.63", "2007-12-31": "9.92", "2007-09-30": "10.24", "2007-06-30": "10.46", "2007-03-31": "24.84", "2006-12-31": "22.72"}, "price sales": {"2021-02-05": "3.47", "2020-09-30": "3.03", "2020-06-30": "2.85", "2020-03-31": "2.01", "2019-12-31": "3.21", "2019-09-30": "2.97", "2019-06-30": "3.15", "2019-03-31": "2.88", "2018-12-31": "1.99", "2018-09-30": "2.32", "2018-06-30": "2.28", "2018-03-31": "2.10", "2017-12-31": "2.57", "2017-09-30": "2.45", "2017-06-30": "2.38", "2017-03-31": "2.31", "2016-12-31": "2.45", "2016-09-30": "2.46", "2016-06-30": "1.75", "2016-03-31": "1.24", "2015-12-31": "1.90", "2015-09-30": "2.59", "2015-06-30": "3.84", "2015-03-31": "3.36", "2014-12-31": "2.88", "2014-09-30": "3.69", "2014-06-30": "3.99", "2014-03-31": "2.71", "2013-12-31": "2.53", "2013-09-30": "2.23", "2013-06-30": "1.90", "2013-03-31": "2.09", "2012-12-31": "1.70", "2012-09-30": "1.72", "2012-06-30": "1.35", "2012-03-31": "1.39", "2011-12-31": "1.23", "2011-09-30": "0.94", "2011-06-30": "1.10", "2011-03-31": "1.09", "2010-12-31": "0.78", "2010-09-30": "0.57", "2010-06-30": "0.55", "2010-03-31": "0.72", "2009-12-31": "0.71", "2009-09-30": "0.61", "2009-06-30": "0.47", "2009-03-31": "0.29", "2008-12-31": "0.32", "2008-09-30": "0.52", "2008-06-30": "0.92", "2008-03-31": "0.82", "2007-12-31": "0.96", "2007-09-30": "0.97", "2007-06-30": "0.93", "2007-03-31": "0.89", "2006-12-31": "0.75"}, "price book": {"current": "1.80", "2021-02-05": "1.80", "2020-09-30": "1.57", "2020-06-30": "1.47", "2020-03-31": "1.06", "2019-12-31": "1.61", "2019-09-30": "1.56", "2019-06-30": "1.76", "2019-03-31": "1.93", "2018-12-31": "1.44", "2018-09-30": "1.65", "2018-06-30": "1.22", "2018-03-31": "1.12", "2017-12-31": "1.27", "2017-09-30": "1.35", "2017-06-30": "1.32", "2017-03-31": "1.26", "2016-12-31": "1.31", "2016-09-30": "1.26", "2016-06-30": "0.87", "2016-03-31": "0.58", "2015-12-31": "0.86", "2015-09-30": "1.07", "2015-06-30": "1.57", "2015-03-31": "1.33", "2014-12-31": "1.13", "2014-09-30": "1.35", "2014-06-30": "2.43", "2014-03-31": "2.11", "2013-12-31": "1.93", "2013-09-30": "1.80", "2013-06-30": "1.78", "2013-03-31": "2.06", "2012-12-31": "1.88", "2012-09-30": "2.27", "2012-06-30": "1.97", "2012-03-31": "3.00", "2011-12-31": "3.73", "2011-09-30": "0.76", "2011-06-30": "0.96", "2011-03-31": "1.00", "2010-12-31": "0.86", "2010-09-30": "0.65", "2010-06-30": "0.56", "2010-03-31": "0.71", "2009-12-31": "0.64", "2009-09-30": "0.55", "2009-06-30": "0.48", "2009-03-31": "0.34", "2008-12-31": "0.42", "2008-09-30": "0.72", "2008-06-30": "1.38", "2008-03-31": "1.11", "2007-12-31": "1.48", "2007-09-30": "1.40", "2007-06-30": "1.32", "2007-03-31": "1.22", "2006-12-31": "1.14", "2006-09-30": "1.04", "2006-06-30": "1.04", "2006-03-31": "0.94"}, "price fcf": {"2021-02-05": "", "2020-09-30": "$1.64", "2020-06-30": "$1.59", "2020-03-31": "$1.38", "2019-12-31": "$1.27", "2019-09-30": "$1.15", "2019-06-30": "$1.14", "2019-03-31": "$0.64", "2018-12-31": "$0.03", "2018-09-30": "$-0.15", "2018-06-30": "$-0.13", "2018-03-31": "$0.21", "2017-12-31": "$0.78", "2017-09-30": "$2.72", "2017-06-30": "$2.82", "2017-03-31": "$2.71", "2016-12-31": "$2.84", "2016-09-30": "$0.57", "2016-06-30": "$0.18", "2016-03-31": "$-0.00", "2015-12-31": "$-0.61", "2015-09-30": "$-0.65", "2015-06-30": "$-1.32", "2015-03-31": "$-2.32", "2014-12-31": "$-2.60", "2014-09-30": "$-3.14", "2014-06-30": "$-2.93", "2014-03-31": "$-2.15", "2013-12-31": "$-1.97", "2013-09-30": "$-1.76", "2013-06-30": "$-1.54", "2013-03-31": "$-1.60", "2012-12-31": "$-1.11", "2012-09-30": "$-0.37", "2012-06-30": "$-0.01", "2012-03-31": "$0.77", "2011-12-31": "$1.07", "2011-09-30": "$1.01", "2011-06-30": "$0.23", "2011-03-31": "$0.00", "2010-12-31": "$-0.15", "2010-09-30": "$0.14", "2010-06-30": "$0.82", "2010-03-31": "$0.81", "2009-12-31": "$0.31", "2009-09-30": "$-0.21", "2009-06-30": "$-0.38", "2009-03-31": "$-0.60", "2008-12-31": "$-0.07", "2008-09-30": "$-0.30", "2008-06-30": "$-0.19", "2008-03-31": "$-0.31", "2007-12-31": "$-1.02", "2007-09-30": "$-0.93", "2007-06-30": "$-0.85", "2007-03-31": "$-0.84", "2006-12-31": "$-0.98"}, "net worth": {"value": "$26.81B"}, "current ratio": {"current": "0.75", "2020-09-30": "0.75", "2020-06-30": "0.96", "2020-03-31": "0.74", "2019-12-31": "0.40", "2019-09-30": "0.43", "2019-06-30": "0.60", "2019-03-31": "0.31", "2018-12-31": "0.81", "2018-09-30": "0.72", "2018-06-30": "0.79", "2018-03-31": "1.11", "2017-12-31": "0.82", "2017-09-30": "0.97", "2017-06-30": "0.99", "2017-03-31": "1.39", "2016-12-31": "0.50", "2016-09-30": "0.66", "2016-06-30": "0.86", "2016-03-31": "0.45", "2015-12-31": "0.61", "2015-09-30": "0.33", "2015-06-30": "0.38", "2015-03-31": "0.70", "2014-12-31": "0.74", "2014-09-30": "0.65", "2014-06-30": "0.88", "2014-03-31": "0.85", "2013-12-31": "0.85", "2013-09-30": "0.85", "2013-06-30": "0.82", "2013-03-31": "1.20", "2012-12-31": "1.24", "2012-09-30": "1.42", "2012-06-30": "1.30", "2012-03-31": "1.38", "2011-12-31": "1.13", "2011-09-30": "1.19", "2011-06-30": "1.18", "2011-03-31": "1.02", "2010-12-31": "0.98", "2010-09-30": "1.10", "2010-06-30": "1.59", "2010-03-31": "1.71", "2009-12-31": "1.53", "2009-09-30": "1.57", "2009-06-30": "1.68", "2009-03-31": "1.55", "2008-12-31": "1.25", "2008-09-30": "1.28", "2008-06-30": "1.09", "2008-03-31": "1.26", "2007-12-31": "1.25", "2007-09-30": "1.19", "2007-06-30": "1.27", "2007-03-31": "1.28", "2006-12-31": "1.35", "2006-09-30": "1.20", "2006-06-30": "1.23", "2006-03-31": "1.22", "2005-12-31": "1.15", "2005-09-30": "1.07", "2005-06-30": "1.18", "2005-03-31": "1.19"}, "quick ratio": {"2020-09-30": "0.67", "2020-06-30": "0.90", "2020-03-31": "0.69", "2019-12-31": "0.37", "2019-09-30": "0.39", "2019-06-30": "0.56", "2019-03-31": "0.28", "2018-12-31": "0.74", "2018-09-30": "0.66", "2018-06-30": "0.71", "2018-03-31": "1.04", "2017-12-31": "0.78", "2017-09-30": "0.91", "2017-06-30": "0.96", "2017-03-31": "1.32", "2016-12-31": "0.45", "2016-09-30": "0.61", "2016-06-30": "0.81", "2016-03-31": "0.40", "2015-12-31": "0.56", "2015-09-30": "0.29", "2015-06-30": "0.33", "2015-03-31": "0.61", "2014-12-31": "0.65", "2014-09-30": "0.55", "2014-06-30": "0.77", "2014-03-31": "0.77", "2013-12-31": "0.75", "2013-09-30": "0.74", "2013-06-30": "0.75", "2013-03-31": "1.07", "2012-12-31": "1.13", "2012-09-30": "1.31", "2012-06-30": "1.17", "2012-03-31": "1.26", "2011-12-31": "1.03", "2011-09-30": "1.07", "2011-06-30": "1.07", "2011-03-31": "0.91", "2010-12-31": "0.90", "2010-09-30": "0.99", "2010-06-30": "1.45", "2010-03-31": "1.61", "2009-12-31": "1.44", "2009-09-30": "1.47", "2009-06-30": "1.58", "2009-03-31": "1.46", "2008-12-31": "1.18", "2008-09-30": "1.21", "2008-06-30": "1.06", "2008-03-31": "1.21", "2007-12-31": "1.20", "2007-09-30": "1.15", "2007-06-30": "1.23", "2007-03-31": "1.22", "2006-12-31": "1.30", "2006-09-30": "1.14", "2006-06-30": "1.17", "2006-03-31": "1.17", "2005-12-31": "1.12", "2005-09-30": "1.04", "2005-06-30": "1.14", "2005-03-31": "1.15"}, "debt equity ratio": {"current": "1.48", "2020-09-30": "1.98", "2020-06-30": "2.01", "2020-03-31": "1.93", "2019-12-31": "1.81", "2019-09-30": "1.75", "2019-06-30": "1.72", "2019-03-31": "1.92", "2018-12-31": "1.83", "2018-09-30": "1.78", "2018-06-30": "2.00", "2018-03-31": "1.96", "2017-12-31": "1.87", "2017-09-30": "2.10", "2017-06-30": "2.21", "2017-03-31": "2.08", "2016-12-31": "2.33", "2016-09-30": "2.33", "2016-06-30": "2.34", "2016-03-31": "2.12", "2015-12-31": "2.02", "2015-09-30": "1.78", "2015-06-30": "1.67", "2015-03-31": "1.58", "2014-12-31": "1.50", "2014-09-30": "1.41", "2014-06-30": "1.93", "2014-03-31": "2.25", "2013-12-31": "2.04", "2013-09-30": "1.96", "2013-06-30": "2.22", "2013-03-31": "2.15", "2012-12-31": "2.28", "2012-09-30": "2.55", "2012-06-30": "2.60", "2012-03-31": "3.78", "2011-12-31": "5.38", "2011-09-30": "1.83", "2011-06-30": "1.84", "2011-03-31": "1.83", "2010-12-31": "2.07", "2010-09-30": "1.92", "2010-06-30": "1.76", "2010-03-31": "1.80", "2009-12-31": "1.80", "2009-09-30": "1.82", "2009-06-30": "1.83", "2009-03-31": "1.86", "2008-12-31": "1.87", "2008-09-30": "2.14", "2008-06-30": "3.08", "2008-03-31": "2.48", "2007-12-31": "2.93", "2007-09-30": "3.00", "2007-06-30": "3.06", "2007-03-31": "3.19", "2006-12-31": "3.18", "2006-09-30": "3.09", "2006-06-30": "3.36", "2006-03-31": "3.39", "2005-12-31": "4.43", "2005-09-30": "5.53", "2005-06-30": "3.93", "2005-03-31": "4.02"}, "return on equity": {"2020-09-30": "1.40%", "2020-06-30": "0.81%", "2020-03-31": "0.82%", "2019-12-31": "5.13%", "2019-09-30": "0.93%", "2019-06-30": "0.37%", "2019-03-31": "-0.71%", "2018-12-31": "-0.97%", "2018-09-30": "13.05%", "2018-06-30": "12.86%", "2018-03-31": "12.57%", "2017-12-31": "14.11%", "2017-09-30": "3.17%", "2017-06-30": "3.40%", "2017-03-31": "0.10%", "2016-12-31": "-2.91%", "2016-09-30": "-7.43%", "2016-06-30": "-7.59%", "2016-03-31": "-4.08%", "2015-12-31": "-3.12%", "2015-09-30": "1.75%", "2015-06-30": "10.33%", "2015-03-31": "11.30%", "2014-12-31": "13.75%", "2014-09-30": "15.18%", "2014-06-30": "3.84%", "2014-03-31": "4.73%", "2013-12-31": "5.10%", "2013-09-30": "7.36%", "2013-06-30": "8.30%", "2013-03-31": "8.87%", "2012-12-31": "15.09%", "2012-09-30": "5.93%", "2012-06-30": "7.23%", "2012-03-31": "7.77%", "2011-12-31": "5.05%", "2011-09-30": "11.26%", "2011-06-30": "-6.32%", "2011-03-31": "-6.82%", "2010-12-31": "-12.79%", "2010-09-30": "-12.49%", "2010-06-30": "3.42%", "2010-03-31": "2.96%", "2009-12-31": "3.20%", "2009-09-30": "2.56%", "2009-06-30": "5.11%", "2009-03-31": "8.74%", "2008-12-31": "17.62%", "2008-09-30": "20.62%", "2008-06-30": "19.79%", "2008-03-31": "20.62%", "2007-12-31": "15.56%", "2007-09-30": "14.51%", "2007-06-30": "13.25%", "2007-03-31": "5.14%", "2006-12-31": "5.16%", "2006-09-30": "3.93%", "2006-06-30": "2.27%", "2006-03-31": "4.46%", "2005-12-31": "5.91%"}, "return on assets": {"2020-09-30": "0.48%", "2020-06-30": "0.28%", "2020-03-31": "0.29%", "2019-12-31": "1.83%", "2019-09-30": "0.33%", "2019-06-30": "0.13%", "2019-03-31": "-0.25%", "2018-12-31": "-0.34%", "2018-09-30": "4.50%", "2018-06-30": "4.32%", "2018-03-31": "4.15%", "2017-12-31": "4.61%", "2017-09-30": "1.00%", "2017-06-30": "1.05%", "2017-03-31": "0.03%", "2016-12-31": "-0.89%", "2016-09-30": "-2.33%", "2016-06-30": "-2.49%", "2016-03-31": "-1.41%", "2015-12-31": "-1.13%", "2015-09-30": "0.66%", "2015-06-30": "4.07%", "2015-03-31": "4.40%", "2014-12-31": "5.17%", "2014-09-30": "5.44%", "2014-06-30": "1.27%", "2014-03-31": "1.52%", "2013-12-31": "1.65%", "2013-09-30": "2.34%", "2013-06-30": "2.53%", "2013-03-31": "2.63%", "2012-12-31": "4.11%", "2012-09-30": "1.40%", "2012-06-30": "1.90%", "2012-03-31": "2.22%", "2011-12-31": "1.61%", "2011-09-30": "3.90%", "2011-06-30": "-2.17%", "2011-03-31": "-2.36%", "2010-12-31": "-4.44%", "2010-09-30": "-4.43%", "2010-06-30": "1.22%", "2010-03-31": "1.05%", "2009-12-31": "1.13%", "2009-09-30": "0.90%", "2009-06-30": "1.75%", "2009-03-31": "2.73%", "2008-12-31": "5.24%", "2008-09-30": "5.68%", "2008-06-30": "5.12%", "2008-03-31": "5.36%", "2007-12-31": "3.85%", "2007-09-30": "3.53%", "2007-06-30": "3.21%", "2007-03-31": "1.22%", "2006-12-31": "1.21%", "2006-09-30": "0.86%", "2006-06-30": "0.44%", "2006-03-31": "0.84%", "2005-12-31": "1.08%"}, "return on investments": {"2020-09-30": "5.19%", "2020-06-30": "5.13%", "2020-03-31": "4.81%", "2019-12-31": "5.18%", "2019-09-30": "2.80%", "2019-06-30": "2.45%", "2019-03-31": "2.24%", "2018-12-31": "2.04%", "2018-09-30": "3.35%", "2018-06-30": "2.79%", "2018-03-31": "2.71%", "2017-12-31": "2.54%", "2017-09-30": "4.53%", "2017-06-30": "4.64%", "2017-03-31": "2.27%", "2016-12-31": "1.80%", "2016-09-30": "-1.61%", "2016-06-30": "-1.56%", "2016-03-31": "0.65%", "2015-12-31": "0.56%", "2015-09-30": "3.70%", "2015-06-30": "3.57%", "2015-03-31": "3.66%", "2014-12-31": "4.83%", "2014-09-30": "4.77%", "2014-06-30": "6.06%", "2014-03-31": "6.96%", "2013-12-31": "7.20%", "2013-09-30": "8.03%", "2013-06-30": "8.68%", "2013-03-31": "9.05%", "2012-12-31": "10.67%", "2012-09-30": "13.10%", "2012-06-30": "13.05%", "2012-03-31": "13.19%", "2011-12-31": "11.55%", "2011-09-30": "9.88%", "2011-06-30": "-0.05%", "2011-03-31": "-0.31%", "2010-12-31": "-0.07%", "2010-09-30": "0.36%", "2010-06-30": "10.06%", "2010-03-31": "9.73%", "2009-12-31": "8.63%", "2009-09-30": "7.39%", "2009-06-30": "9.22%", "2009-03-31": "12.29%", "2008-12-31": "15.91%", "2008-09-30": "17.50%", "2008-06-30": "16.92%", "2008-03-31": "15.32%", "2007-12-31": "12.86%", "2007-09-30": "12.53%", "2007-06-30": "11.44%", "2007-03-31": "8.39%", "2006-12-31": "8.15%", "2006-09-30": "9.96%", "2006-06-30": "8.66%", "2006-03-31": "10.03%", "2005-12-31": "10.90%"}, "return on tangible equity": {"2020-09-30": "2.80%", "2020-06-30": "1.59%", "2020-03-31": "1.60%", "2019-12-31": "10.02%", "2019-09-30": "1.81%", "2019-06-30": "0.73%", "2019-03-31": "-1.45%", "2018-12-31": "-2.00%", "2018-09-30": "27.74%", "2018-06-30": "28.99%", "2018-03-31": "29.64%", "2017-12-31": "34.88%", "2017-09-30": "8.61%", "2017-06-30": "9.81%", "2017-03-31": "0.29%", "2016-12-31": "-8.86%", "2016-09-30": "-21.45%", "2016-06-30": "-20.81%", "2016-03-31": "-10.52%", "2015-12-31": "-7.77%", "2015-09-30": "4.24%", "2015-06-30": "25.22%", "2015-03-31": "23.77%", "2014-12-31": "25.95%", "2014-09-30": "24.91%", "2014-06-30": "5.04%", "2014-03-31": "6.45%", "2013-12-31": "7.03%", "2013-09-30": "10.36%", "2013-06-30": "12.22%", "2013-03-31": "13.67%", "2012-12-31": "22.93%", "2012-09-30": "8.54%", "2012-06-30": "8.47%", "2012-03-31": "8.00%", "2011-12-31": "5.06%", "2011-09-30": "11.26%", "2011-06-30": "-6.32%", "2011-03-31": "-7.02%", "2010-12-31": "-13.60%", "2010-09-30": "-13.68%", "2010-06-30": "3.86%", "2010-03-31": "3.34%", "2009-12-31": "3.61%", "2009-09-30": "2.89%", "2009-06-30": "5.76%", "2009-03-31": "9.92%", "2008-12-31": "20.07%", "2008-09-30": "23.78%", "2008-06-30": "23.09%", "2008-03-31": "24.25%", "2007-12-31": "18.50%", "2007-09-30": "17.29%", "2007-06-30": "15.83%", "2007-03-31": "6.17%", "2006-12-31": "6.21%", "2006-09-30": "4.76%", "2006-06-30": "2.77%", "2006-03-31": "5.48%", "2005-12-31": "7.30%"}, "dividend yield history": {"last payout": "$1.60", "last yield": "7.24%"}}