{"ticker": "WSM", "price": {"title": "Williams-Sonoma Historical Annual Stock Price Data", "value": 128.75, "historical": {"2021": {"Average Stock Price": "123.1788", "Year Open": "102.9500", "Year High": "147.6000", "Year Low": "102.9500", "Year Close": "128.7500", "Annual % Change": "26.42%"}, "2020": {"Average Stock Price": "80.8773", "Year Open": "72.6400", "Year High": "112.9600", "Year Low": "30.6600", "Year Close": "101.8400", "Annual % Change": "38.67%"}, "2019": {"Average Stock Price": "62.1513", "Year Open": "50.1700", "Year High": "74.0100", "Year Low": "49.8400", "Year Close": "73.4400", "Annual % Change": "45.57%"}, "2018": {"Average Stock Price": "56.7704", "Year Open": "52.7000", "Year High": "72.9400", "Year Low": "45.5400", "Year Close": "50.4500", "Annual % Change": "-2.42%"}, "2017": {"Average Stock Price": "49.3137", "Year Open": "49.4800", "Year High": "55.5900", "Year Low": "42.8500", "Year Close": "51.7000", "Annual % Change": "6.84%"}, "2016": {"Average Stock Price": "53.0837", "Year Open": "57.4700", "Year High": "61.5500", "Year Low": "46.2200", "Year Close": "48.3900", "Annual % Change": "-17.15%"}, "2015": {"Average Stock Price": "76.8170", "Year Open": "74.8500", "Year High": "88.6700", "Year Low": "58.3300", "Year Close": "58.4100", "Annual % Change": "-22.82%"}, "2014": {"Average Stock Price": "65.7456", "Year Open": "58.8700", "Year High": "76.5100", "Year Low": "52.8500", "Year Close": "75.6800", "Annual % Change": "29.86%"}, "2013": {"Average Stock Price": "53.5820", "Year Open": "45.4500", "Year High": "61.3300", "Year Low": "43.6000", "Year Close": "58.2800", "Annual % Change": "33.15%"}, "2012": {"Average Stock Price": "39.2928", "Year Open": "36.9400", "Year High": "47.9300", "Year Low": "33.0600", "Year Close": "43.7700", "Annual % Change": "13.69%"}, "2011": {"Average Stock Price": "36.6483", "Year Open": "36.0900", "Year High": "45.2400", "Year Low": "28.8100", "Year Close": "38.5000", "Annual % Change": "7.87%"}, "2010": {"Average Stock Price": "28.0925", "Year Open": "20.8300", "Year High": "36.0700", "Year Low": "18.9300", "Year Close": "35.6900", "Annual % Change": "71.75%"}, "2009": {"Average Stock Price": "14.5437", "Year Open": "8.3100", "Year High": "22.4100", "Year Low": "6.8500", "Year Close": "20.7800", "Annual % Change": "164.38%"}, "2008": {"Average Stock Price": "19.0589", "Year Open": "24.9100", "Year High": "27.7200", "Year Low": "4.7200", "Year Close": "7.8600", "Annual % Change": "-69.65%"}, "2007": {"Average Stock Price": "32.4023", "Year Open": "31.3900", "Year High": "36.5200", "Year Low": "25.9000", "Year Close": "25.9000", "Annual % Change": "-17.62%"}, "2006": {"Average Stock Price": "36.2639", "Year Open": "43.6200", "Year High": "45.0900", "Year Low": "28.5700", "Year Close": "31.4400", "Annual % Change": "-27.14%"}, "2005": {"Average Stock Price": "38.4348", "Year Open": "36.0000", "Year High": "44.8200", "Year Low": "33.4900", "Year Close": "43.1500", "Annual % Change": "23.14%"}, "2004": {"Average Stock Price": "33.8212", "Year Open": "34.1300", "Year High": "41.2100", "Year Low": "28.7900", "Year Close": "35.0400", "Annual % Change": "0.78%"}, "2003": {"Average Stock Price": "28.1694", "Year Open": "28.2600", "Year High": "37.1500", "Year Low": "20.3700", "Year Close": "34.7700", "Annual % Change": "28.07%"}, "2002": {"Average Stock Price": "25.1914", "Year Open": "20.5250", "Year High": "32.8000", "Year Low": "19.9600", "Year Close": "27.1500", "Annual % Change": "26.57%"}, "2001": {"Average Stock Price": "15.5457", "Year Open": "10.8100", "Year High": "21.7800", "Year Low": "10.8100", "Year Close": "21.4500", "Annual % Change": "114.50%"}, "2000": {"Average Stock Price": "14.9538", "Year Open": "21.8100", "Year High": "22.3750", "Year Low": "8.0950", "Year Close": "10.0000", "Annual % Change": "-56.52%"}, "1999": {"Average Stock Price": "19.2957", "Year Open": "18.9700", "Year High": "29.5950", "Year Low": "12.8100", "Year Close": "23.0000", "Annual % Change": "14.12%"}, "1998": {"Average Stock Price": "13.8099", "Year Open": "10.2025", "Year High": "20.1550", "Year Low": "8.7800", "Year Close": "20.1550", "Annual % Change": "92.50%"}, "1997": {"Average Stock Price": "9.3520", "Year Open": "8.6725", "Year High": "12.4375", "Year Low": "6.2975", "Year Close": "10.4700", "Annual % Change": "15.12%"}, "1996": {"Average Stock Price": "6.0322", "Year Open": "4.7500", "Year High": "9.0950", "Year Low": "3.4375", "Year Close": "9.0950", "Annual % Change": "96.65%"}, "1995": {"Average Stock Price": "5.3009", "Year Open": "7.4700", "Year High": "7.4700", "Year Low": "3.9525", "Year Close": "4.6250", "Annual % Change": "-38.46%"}, "1994": {"Average Stock Price": "6.1330", "Year Open": "4.2806", "Year High": "8.6875", "Year Low": "3.9471", "Year Close": "7.5150", "Annual % Change": "63.85%"}, "1993": {"Average Stock Price": "2.2004", "Year Open": "1.3898", "Year High": "4.5864", "Year Low": "1.1674", "Year Close": "4.5864", "Annual % Change": "217.31%"}, "1992": {"Average Stock Price": "1.4439", "Year Open": "1.8346", "Year High": "2.0291", "Year Low": "0.9862", "Year Close": "1.4454", "Annual % Change": "-22.39%"}, "1991": {"Average Stock Price": "2.3411", "Year Open": "2.2370", "Year High": "3.1688", "Year Low": "1.4454", "Year Close": "1.8624", "Annual % Change": "-16.25%"}}}, "market cap": {"value": "$9.86B"}, "income statement": {"Revenue": {"2020-01-31": "5898.00800", "2019-01-31": "5671.59300", "2018-01-31": "5292.35900", "2017-01-31": "5083.81200", "2016-01-31": "4976.09000", "2015-01-31": "4698.71900", "2014-01-31": "4387.88900", "2013-01-31": "4042.87000", "2012-01-31": "3720.89500", "2011-01-31": "3504.15800", "2010-01-31": "3102.70400", "2009-01-31": "3361.47200", "2008-01-31": "3944.93400", "2007-01-31": "3727.51300", "2006-01-31": "3538.94700", "2005-01-31": "3136.93100"}, "Cost Of Goods Sold": {"2020-01-31": "3758.91600", "2019-01-31": "3570.58000", "2018-01-31": "3360.64800", "2017-01-31": "3200.50200", "2016-01-31": "3131.87600", "2015-01-31": "2898.21500", "2014-01-31": "2683.67300", "2013-01-31": "2450.39400", "2012-01-31": "2261.03900", "2011-01-31": "2130.29900", "2010-01-31": "1999.46700", "2009-01-31": "2226.30000", "2008-01-31": "2408.96300", "2007-01-31": "2240.22600", "2006-01-31": "2103.46500", "2005-01-31": "1865.78600"}, "Gross Profit": {"2020-01-31": "2139.09200", "2019-01-31": "2101.01300", "2018-01-31": "1931.71100", "2017-01-31": "1883.31000", "2016-01-31": "1844.21400", "2015-01-31": "1800.50400", "2014-01-31": "1704.21600", "2013-01-31": "1592.47600", "2012-01-31": "1459.85600", "2011-01-31": "1373.85900", "2010-01-31": "1103.23700", "2009-01-31": "1135.17200", "2008-01-31": "1535.97100", "2007-01-31": "1487.28700", "2006-01-31": "1435.48200", "2005-01-31": "1271.14500"}, "Research And Development Expenses": {"2020-01-31": "", "2019-01-31": "", "2018-01-31": "", "2017-01-31": "", "2016-01-31": "", "2015-01-31": "", "2014-01-31": "", "2013-01-31": "", "2012-01-31": "", "2011-01-31": "", "2010-01-31": "", "2009-01-31": "", "2008-01-31": "", "2007-01-31": "", "2006-01-31": "", "2005-01-31": ""}, "SG&A Expenses": {"2020-01-31": "1673.21800", "2019-01-31": "1665.06000", "2018-01-31": "1477.90000", "2017-01-31": "1410.71100", "2016-01-31": "1355.58000", "2015-01-31": "1298.23900", "2014-01-31": "1252.11800", "2013-01-31": "1183.31300", "2012-01-31": "1078.12400", "2011-01-31": "1050.44500", "2010-01-31": "981.79500", "2009-01-31": "1093.01900", "2008-01-31": "1222.57300", "2007-01-31": "1159.78600", "2006-01-31": "1090.39200", "2005-01-31": "961.17600"}, "Other Operating Income Or Expenses": {"2020-01-31": "", "2019-01-31": "", "2018-01-31": "", "2017-01-31": "", "2016-01-31": "", "2015-01-31": "", "2014-01-31": "", "2013-01-31": "", "2012-01-31": "", "2011-01-31": "", "2010-01-31": "", "2009-01-31": "", "2008-01-31": "", "2007-01-31": "", "2006-01-31": "", "2005-01-31": ""}, "Operating Expenses": {"2020-01-31": "5432.13400", "2019-01-31": "5235.64000", "2018-01-31": "4838.54800", "2017-01-31": "4611.21300", "2016-01-31": "4487.45600", "2015-01-31": "4196.45400", "2014-01-31": "3935.79100", "2013-01-31": "3633.70700", "2012-01-31": "3339.16300", "2011-01-31": "3180.74400", "2010-01-31": "2981.26200", "2009-01-31": "3319.31900", "2008-01-31": "3631.53600", "2007-01-31": "3400.01200", "2006-01-31": "3193.85700", "2005-01-31": "2826.96200"}, "Operating Income": {"2020-01-31": "465.87400", "2019-01-31": "435.95260", "2018-01-31": "453.81100", "2017-01-31": "472.59910", "2016-01-31": "488.63380", "2015-01-31": "502.26510", "2014-01-31": "452.09810", "2013-01-31": "409.16310", "2012-01-31": "381.73190", "2011-01-31": "323.41380", "2010-01-31": "121.44210", "2009-01-31": "42.15280", "2008-01-31": "313.39820", "2007-01-31": "327.50070", "2006-01-31": "345.09010", "2005-01-31": "309.96900"}, "Total Non-Operating Income/Expense": {"2020-01-31": "-8.85300", "2019-01-31": "-6.70600", "2018-01-31": "-1.37200", "2017-01-31": "-0.68800", "2016-01-31": "-0.62700", "2015-01-31": "-0.06200", "2014-01-31": "0.58400", "2013-01-31": "0.79300", "2012-01-31": "0.09800", "2011-01-31": "-0.35400", "2010-01-31": "-1.15300", "2009-01-31": "-0.20000", "2008-01-31": "2.94200", "2007-01-31": "9.68500", "2006-01-31": "3.70800", "2005-01-31": "0.23600"}, "Pre-Tax Income": {"2020-01-31": "457.02100", "2019-01-31": "429.24700", "2018-01-31": "452.43900", "2017-01-31": "471.91100", "2016-01-31": "488.00700", "2015-01-31": "502.20300", "2014-01-31": "452.68200", "2013-01-31": "409.95600", "2012-01-31": "381.83000", "2011-01-31": "323.06000", "2010-01-31": "120.28900", "2009-01-31": "41.95300", "2008-01-31": "316.34000", "2007-01-31": "337.18600", "2006-01-31": "348.79800", "2005-01-31": "310.20500"}, "Income Taxes": {"2020-01-31": "100.95900", "2019-01-31": "95.56300", "2018-01-31": "192.89400", "2017-01-31": "166.52400", "2016-01-31": "177.93900", "2015-01-31": "193.34900", "2014-01-31": "173.78000", "2013-01-31": "153.22600", "2012-01-31": "144.89900", "2011-01-31": "122.83300", "2010-01-31": "42.84700", "2009-01-31": "11.92900", "2008-01-31": "120.58300", "2007-01-31": "128.31800", "2006-01-31": "133.93200", "2005-01-31": "118.97100"}, "Income After Taxes": {"2020-01-31": "356.06200", "2019-01-31": "333.68400", "2018-01-31": "259.54500", "2017-01-31": "305.38700", "2016-01-31": "310.06800", "2015-01-31": "308.85400", "2014-01-31": "278.90200", "2013-01-31": "256.73000", "2012-01-31": "236.93100", "2011-01-31": "200.22700", "2010-01-31": "77.44200", "2009-01-31": "30.02400", "2008-01-31": "195.75700", "2007-01-31": "208.86800", "2006-01-31": "214.86600", "2005-01-31": "191.23400"}, "Other Income": {"2020-01-31": "", "2019-01-31": "", "2018-01-31": "", "2017-01-31": "", "2016-01-31": "", "2015-01-31": "", "2014-01-31": "", "2013-01-31": "", "2012-01-31": "", "2011-01-31": "", "2010-01-31": "", "2009-01-31": "", "2008-01-31": "", "2007-01-31": "", "2006-01-31": "", "2005-01-31": ""}, "Income From Continuous Operations": {"2020-01-31": "356.06200", "2019-01-31": "333.68400", "2018-01-31": "259.54500", "2017-01-31": "305.38700", "2016-01-31": "310.06800", "2015-01-31": "308.85400", "2014-01-31": "278.90200", "2013-01-31": "256.73000", "2012-01-31": "236.93100", "2011-01-31": "200.22700", "2010-01-31": "77.44200", "2009-01-31": "30.02400", "2008-01-31": "195.75700", "2007-01-31": "208.86800", "2006-01-31": "214.86600", "2005-01-31": "191.23400"}, "Income From Discontinued Operations": {"2020-01-31": "", "2019-01-31": "", "2018-01-31": "", "2017-01-31": "", "2016-01-31": "", "2015-01-31": "", "2014-01-31": "", "2013-01-31": "", "2012-01-31": "", "2011-01-31": "", "2010-01-31": "", "2009-01-31": "", "2008-01-31": "", "2007-01-31": "", "2006-01-31": "", "2005-01-31": ""}, "Net Income": {"2020-01-31": "356.06200", "2019-01-31": "333.68400", "2018-01-31": "259.54500", "2017-01-31": "305.38700", "2016-01-31": "310.06800", "2015-01-31": "308.85400", "2014-01-31": "278.90200", "2013-01-31": "256.73000", "2012-01-31": "236.93100", "2011-01-31": "200.22700", "2010-01-31": "77.44200", "2009-01-31": "30.02400", "2008-01-31": "195.75700", "2007-01-31": "208.86800", "2006-01-31": "214.86600", "2005-01-31": "191.23400"}, "EBITDA": {"2020-01-31": "645.91900", "2019-01-31": "598.56160", "2018-01-31": "611.51610", "2017-01-31": "620.58220", "2016-01-31": "631.67280", "2015-01-31": "640.11910", "2014-01-31": "576.51110", "2013-01-31": "516.92210", "2012-01-31": "484.73790", "2011-01-31": "430.92880", "2010-01-31": "236.43910", "2009-01-31": "158.96980", "2008-01-31": "424.69920", "2007-01-31": "433.84880", "2006-01-31": "443.38010", "2005-01-31": "399.06300"}, "EBIT": {"2020-01-31": "465.87400", "2019-01-31": "435.95260", "2018-01-31": "453.81100", "2017-01-31": "472.59910", "2016-01-31": "488.63380", "2015-01-31": "502.26510", "2014-01-31": "452.09810", "2013-01-31": "409.16310", "2012-01-31": "381.73190", "2011-01-31": "323.41380", "2010-01-31": "121.44210", "2009-01-31": "42.15280", "2008-01-31": "313.39820", "2007-01-31": "327.50070", "2006-01-31": "345.09010", "2005-01-31": "309.96900"}, "Basic Shares Outstanding": {"2020-01-31": "78.10800", "2019-01-31": "81.42000", "2018-01-31": "85.59200", "2017-01-31": "88.59400", "2016-01-31": "90.78700", "2015-01-31": "93.63400", "2014-01-31": "96.66900", "2013-01-31": "99.26600", "2012-01-31": "104.35200", "2011-01-31": "106.95600", "2010-01-31": "105.76300", "2009-01-31": "105.53000", "2008-01-31": "109.27300", "2007-01-31": "114.02000", "2006-01-31": "115.61600", "2005-01-31": "116.15900"}, "Shares Outstanding": {"2020-01-31": "79.22500", "2019-01-31": "82.34000", "2018-01-31": "86.08000", "2017-01-31": "89.46200", "2016-01-31": "92.10200", "2015-01-31": "95.20000", "2014-01-31": "98.76500", "2013-01-31": "101.05100", "2012-01-31": "106.58200", "2011-01-31": "109.52200", "2010-01-31": "107.37300", "2009-01-31": "106.88000", "2008-01-31": "111.44700", "2007-01-31": "116.77300", "2006-01-31": "118.42700", "2005-01-31": "119.34700"}, "Basic EPS": {"2020-01-31": "4.56000", "2019-01-31": "4.10000", "2018-01-31": "3.03000", "2017-01-31": "3.45000", "2016-01-31": "3.42000", "2015-01-31": "3.30000", "2014-01-31": "2.89000", "2013-01-31": "2.59000", "2012-01-31": "2.27000", "2011-01-31": "1.87000", "2010-01-31": "0.73000", "2009-01-31": "0.28000", "2008-01-31": "1.79000", "2007-01-31": "1.83000", "2006-01-31": "1.86000", "2005-01-31": "1.65000"}, "EPS - Earnings Per Share": {"2020-01-31": "4.49000", "2019-01-31": "4.05000", "2018-01-31": "3.02000", "2017-01-31": "3.41000", "2016-01-31": "3.37000", "2015-01-31": "3.24000", "2014-01-31": "2.82000", "2013-01-31": "2.54000", "2012-01-31": "2.22000", "2011-01-31": "1.83000", "2010-01-31": "0.72000", "2009-01-31": "0.28000", "2008-01-31": "1.76000", "2007-01-31": "1.79000", "2006-01-31": "1.81000", "2005-01-31": "1.60000"}}, "income statement, quarterly": {"Revenue": {"2020-10-31": "1764.53600", "2020-07-31": "1490.77700", "2020-04-30": "1235.20300", "2020-01-31": "1843.59000", "2019-10-31": "1442.47200", "2019-07-31": "1370.81400", "2019-04-30": "1241.13200", "2019-01-31": "1836.43600", "2018-10-31": "1356.98300", "2018-07-31": "1275.17400", "2018-04-30": "1203.00000", "2018-01-31": "1679.91000", "2017-10-31": "1299.33600", "2017-07-31": "1201.60600", "2017-04-30": "1111.50700", "2017-01-31": "1581.58100", "2016-10-31": "1245.38500", "2016-07-31": "1159.02900", "2016-04-30": "1097.81700", "2016-01-31": "1586.30400", "2015-10-31": "1232.08200", "2015-07-31": "1127.02800", "2015-04-30": "1030.67600", "2015-01-31": "1542.12500", "2014-10-31": "1143.16200", "2014-07-31": "1039.10200", "2014-04-30": "974.33000", "2014-01-31": "1466.32400", "2013-10-31": "1051.54800", "2013-07-31": "982.20900", "2013-04-30": "887.80800", "2013-01-31": "1406.41900", "2012-10-31": "944.55400", "2012-07-31": "874.28300", "2012-04-30": "817.61400", "2012-01-31": "1268.14400", "2011-10-31": "867.17600", "2011-07-31": "814.75000", "2011-04-30": "770.82500", "2011-01-31": "1195.45100", "2010-10-31": "815.51600", "2010-07-31": "775.55400", "2010-04-30": "717.63700", "2010-01-31": "1089.67800", "2009-10-31": "729.29700", "2009-07-31": "672.11400", "2009-04-30": "611.61500", "2009-01-31": "1008.01500", "2008-10-31": "752.05200", "2008-07-31": "819.62100", "2008-04-30": "781.78400", "2008-01-31": "1374.35500", "2007-10-31": "895.13200", "2007-07-31": "859.39600", "2007-04-30": "816.05100", "2007-01-31": "1254.93300", "2006-10-31": "852.75800", "2006-07-31": "825.53600", "2006-04-30": "794.28600", "2006-01-31": "1214.39700", "2005-10-31": "827.62300", "2005-07-31": "776.23900", "2005-04-30": "720.68800", "2005-01-31": "1083.63900"}, "Cost Of Goods Sold": {"2020-10-31": "1058.95300", "2020-07-31": "939.57500", "2020-04-30": "820.94300", "2020-01-31": "1150.86200", "2019-10-31": "924.30000", "2019-07-31": "886.95300", "2019-04-30": "796.80100", "2019-01-31": "1126.51300", "2018-10-31": "861.99900", "2018-07-31": "811.23200", "2018-04-30": "770.83600", "2018-01-31": "1033.73700", "2017-10-31": "832.26900", "2017-07-31": "778.89500", "2017-04-30": "715.74700", "2017-01-31": "959.54990", "2016-10-31": "787.16200", "2016-07-31": "748.49000", "2016-04-30": "705.30000", "2016-01-31": "978.74380", "2015-10-31": "780.89400", "2015-07-31": "720.40300", "2015-04-30": "651.83500", "2015-01-31": "923.53390", "2014-10-31": "711.75500", "2014-07-31": "657.00400", "2014-04-30": "605.92200", "2014-01-31": "870.60530", "2013-10-31": "646.16000", "2013-07-31": "613.28500", "2013-04-30": "553.62300", "2013-01-31": "825.68700", "2012-10-31": "576.55600", "2012-07-31": "539.80300", "2012-04-30": "508.34800", "2012-01-31": "744.85510", "2011-10-31": "535.21300", "2011-07-31": "506.02900", "2011-04-30": "474.94200", "2011-01-31": "690.15810", "2010-10-31": "504.23500", "2010-07-31": "488.82700", "2010-04-30": "447.07900", "2010-01-31": "638.59700", "2009-10-31": "476.44500", "2009-07-31": "456.77300", "2009-04-30": "427.65200", "2009-01-31": "668.38910", "2008-10-31": "511.57200", "2008-07-31": "540.77400", "2008-04-30": "505.56500", "2008-01-31": "802.52980", "2007-10-31": "553.05100", "2007-07-31": "539.30100", "2007-04-30": "514.08100", "2007-01-31": "713.36500", "2006-10-31": "527.02000", "2006-07-31": "510.97600", "2006-04-30": "488.86500", "2006-01-31": "684.74910", "2005-10-31": "501.54600", "2005-07-31": "481.40400", "2005-04-30": "435.76600", "2005-01-31": "598.61200"}, "Gross Profit": {"2020-10-31": "705.58300", "2020-07-31": "551.20200", "2020-04-30": "414.26000", "2020-01-31": "692.72780", "2019-10-31": "518.17210", "2019-07-31": "483.86100", "2019-04-30": "444.33090", "2019-01-31": "709.92290", "2018-10-31": "494.98400", "2018-07-31": "463.94200", "2018-04-30": "432.16400", "2018-01-31": "646.17320", "2017-10-31": "467.06710", "2017-07-31": "422.71090", "2017-04-30": "395.75990", "2017-01-31": "622.03110", "2016-10-31": "458.22300", "2016-07-31": "410.53910", "2016-04-30": "392.51700", "2016-01-31": "607.56010", "2015-10-31": "451.18800", "2015-07-31": "406.62490", "2015-04-30": "378.84100", "2015-01-31": "618.59110", "2014-10-31": "431.40700", "2014-07-31": "382.09800", "2014-04-30": "368.40800", "2014-01-31": "595.71910", "2013-10-31": "405.38800", "2013-07-31": "368.92400", "2013-04-30": "334.18500", "2013-01-31": "580.73220", "2012-10-31": "367.99800", "2012-07-31": "334.48000", "2012-04-30": "309.26600", "2012-01-31": "523.28890", "2011-10-31": "331.96300", "2011-07-31": "308.72100", "2011-04-30": "295.88300", "2011-01-31": "505.29310", "2010-10-31": "311.28100", "2010-07-31": "286.72700", "2010-04-30": "270.55800", "2010-01-31": "451.08120", "2009-10-31": "252.85200", "2009-07-31": "215.34100", "2009-04-30": "183.96300", "2009-01-31": "339.62590", "2008-10-31": "240.48000", "2008-07-31": "278.84700", "2008-04-30": "276.21900", "2008-01-31": "571.82510", "2007-10-31": "342.08100", "2007-07-31": "320.09500", "2007-04-30": "301.97000", "2007-01-31": "541.56770", "2006-10-31": "325.73800", "2006-07-31": "314.56000", "2006-04-30": "305.42100", "2006-01-31": "529.64780", "2005-10-31": "326.07700", "2005-07-31": "294.83500", "2005-04-30": "284.92200", "2005-01-31": "485.02690"}, "Research And Development Expenses": {"2020-10-31": "", "2020-07-31": "", "2020-04-30": "", "2020-01-31": "", "2019-10-31": "", "2019-07-31": "", "2019-04-30": "", "2019-01-31": "", "2018-10-31": "", "2018-07-31": "", "2018-04-30": "", "2018-01-31": "", "2017-10-31": "", "2017-07-31": "", "2017-04-30": "", "2017-01-31": "", "2016-10-31": "", "2016-07-31": "", "2016-04-30": "", "2016-01-31": "", "2015-10-31": "", "2015-07-31": "", "2015-04-30": "", "2015-01-31": "", "2014-10-31": "", "2014-07-31": "", "2014-04-30": "", "2014-01-31": "", "2013-10-31": "", "2013-07-31": "", "2013-04-30": "", "2013-01-31": "", "2012-10-31": "", "2012-07-31": "", "2012-04-30": "", "2012-01-31": "", "2011-10-31": "", "2011-07-31": "", "2011-04-30": "", "2011-01-31": "", "2010-10-31": "", "2010-07-31": "", "2010-04-30": "", "2010-01-31": "", "2009-10-31": "", "2009-07-31": "", "2009-04-30": "", "2009-01-31": "", "2008-10-31": "", "2008-07-31": "", "2008-04-30": "", "2008-01-31": "", "2007-10-31": "", "2007-07-31": "", "2007-04-30": "", "2007-01-31": "", "2006-10-31": "", "2006-07-31": "", "2006-04-30": "", "2006-01-31": "", "2005-10-31": "", "2005-07-31": "", "2005-04-30": "", "2005-01-31": ""}, "SG&A Expenses": {"2020-10-31": "430.97900", "2020-07-31": "365.84100", "2020-04-30": "365.61500", "2020-01-31": "489.04200", "2019-10-31": "416.28100", "2019-07-31": "397.69600", "2019-04-30": "370.19900", "2019-01-31": "509.07010", "2018-10-31": "400.60000", "2018-07-31": "389.77600", "2018-04-30": "365.61400", "2018-01-31": "447.23300", "2017-10-31": "356.25400", "2017-07-31": "341.12700", "2017-04-30": "333.28600", "2017-01-31": "406.21200", "2016-10-31": "348.24400", "2016-07-31": "327.26300", "2016-04-30": "328.99200", "2016-01-31": "384.88000", "2015-10-31": "340.50500", "2015-07-31": "323.28200", "2015-04-30": "306.91300", "2015-01-31": "380.70800", "2014-10-31": "326.68700", "2014-07-31": "296.76200", "2014-04-30": "294.08200", "2014-01-31": "377.98400", "2013-10-31": "312.89400", "2013-07-31": "290.83800", "2013-04-30": "270.40200", "2013-01-31": "370.29100", "2012-10-31": "288.70200", "2012-07-31": "264.37700", "2012-04-30": "259.94300", "2012-01-31": "326.08610", "2011-10-31": "263.21900", "2011-07-31": "244.63600", "2011-04-30": "244.18300", "2011-01-31": "321.69890", "2010-10-31": "255.11900", "2010-07-31": "235.53000", "2010-04-30": "238.09700", "2010-01-31": "310.28900", "2009-10-31": "243.39600", "2009-07-31": "214.90600", "2009-04-30": "213.20400", "2009-01-31": "320.40100", "2008-10-31": "259.85800", "2008-07-31": "253.42400", "2008-04-30": "259.33600", "2008-01-31": "374.60600", "2007-10-31": "297.21200", "2007-07-31": "277.22700", "2007-04-30": "273.52800", "2007-01-31": "346.33100", "2006-10-31": "282.41200", "2006-07-31": "260.31200", "2006-04-30": "270.73100", "2006-01-31": "336.81800", "2005-10-31": "266.72700", "2005-07-31": "245.62800", "2005-04-30": "241.21900", "2005-01-31": "300.98700"}, "Other Operating Income Or Expenses": {"2020-10-31": "", "2020-07-31": "", "2020-04-30": "", "2020-01-31": "", "2019-10-31": "", "2019-07-31": "", "2019-04-30": "", "2019-01-31": "", "2018-10-31": "", "2018-07-31": "", "2018-04-30": "", "2018-01-31": "", "2017-10-31": "", "2017-07-31": "", "2017-04-30": "", "2017-01-31": "", "2016-10-31": "", "2016-07-31": "", "2016-04-30": "", "2016-01-31": "", "2015-10-31": "", "2015-07-31": "", "2015-04-30": "", "2015-01-31": "", "2014-10-31": "", "2014-07-31": "", "2014-04-30": "", "2014-01-31": "", "2013-10-31": "", "2013-07-31": "", "2013-04-30": "", "2013-01-31": "", "2012-10-31": "", "2012-07-31": "", "2012-04-30": "", "2012-01-31": "", "2011-10-31": "", "2011-07-31": "", "2011-04-30": "", "2011-01-31": "", "2010-10-31": "", "2010-07-31": "", "2010-04-30": "", "2010-01-31": "", "2009-10-31": "", "2009-07-31": "", "2009-04-30": "", "2009-01-31": "", "2008-10-31": "", "2008-07-31": "", "2008-04-30": "", "2008-01-31": "", "2007-10-31": "", "2007-07-31": "", "2007-04-30": "", "2007-01-31": "", "2006-10-31": "", "2006-07-31": "", "2006-04-30": "", "2006-01-31": "", "2005-10-31": "", "2005-07-31": "", "2005-04-30": "", "2005-01-31": ""}, "Operating Expenses": {"2020-10-31": "1489.93200", "2020-07-31": "1305.41600", "2020-04-30": "1186.55800", "2020-01-31": "1639.90400", "2019-10-31": "1340.58100", "2019-07-31": "1284.64900", "2019-04-30": "1167.00000", "2019-01-31": "1635.58300", "2018-10-31": "1262.59900", "2018-07-31": "1201.00800", "2018-04-30": "1136.45000", "2018-01-31": "1480.97000", "2017-10-31": "1188.52300", "2017-07-31": "1120.02200", "2017-04-30": "1049.03300", "2017-01-31": "1365.76200", "2016-10-31": "1135.40600", "2016-07-31": "1075.75300", "2016-04-30": "1034.29200", "2016-01-31": "1363.62400", "2015-10-31": "1121.39900", "2015-07-31": "1043.68500", "2015-04-30": "958.74800", "2015-01-31": "1304.24200", "2014-10-31": "1038.44200", "2014-07-31": "953.76600", "2014-04-30": "900.00400", "2014-01-31": "1248.58900", "2013-10-31": "959.05400", "2013-07-31": "904.12300", "2013-04-30": "824.02500", "2013-01-31": "1195.97800", "2012-10-31": "865.25810", "2012-07-31": "804.18000", "2012-04-30": "768.29100", "2012-01-31": "1070.94100", "2011-10-31": "798.43200", "2011-07-31": "750.66500", "2011-04-30": "719.12500", "2011-01-31": "1011.85700", "2010-10-31": "759.35400", "2010-07-31": "724.35700", "2010-04-30": "685.17600", "2010-01-31": "948.88590", "2009-10-31": "719.84100", "2009-07-31": "671.67900", "2009-04-30": "640.85600", "2009-01-31": "988.79020", "2008-10-31": "771.43000", "2008-07-31": "794.19800", "2008-04-30": "764.90100", "2008-01-31": "1177.13600", "2007-10-31": "850.26310", "2007-07-31": "816.52800", "2007-04-30": "787.60900", "2007-01-31": "1059.69600", "2006-10-31": "809.43200", "2006-07-31": "771.28800", "2006-04-30": "759.59590", "2006-01-31": "1021.56700", "2005-10-31": "768.27290", "2005-07-31": "727.03200", "2005-04-30": "676.98500", "2005-01-31": "899.59890"}, "Operating Income": {"2020-10-31": "274.60400", "2020-07-31": "185.36100", "2020-04-30": "48.64500", "2020-01-31": "203.68590", "2019-10-31": "101.89100", "2019-07-31": "86.16490", "2019-04-30": "74.13200", "2019-01-31": "200.85300", "2018-10-31": "94.38400", "2018-07-31": "74.16590", "2018-04-30": "66.55010", "2018-01-31": "198.94010", "2017-10-31": "110.81310", "2017-07-31": "81.58400", "2017-04-30": "62.47400", "2017-01-31": "215.81900", "2016-10-31": "109.97900", "2016-07-31": "83.27610", "2016-04-30": "63.52500", "2016-01-31": "222.67990", "2015-10-31": "110.68310", "2015-07-31": "83.34290", "2015-04-30": "71.92800", "2015-01-31": "237.88290", "2014-10-31": "104.72000", "2014-07-31": "85.33610", "2014-04-30": "74.32600", "2014-01-31": "217.73540", "2013-10-31": "92.49400", "2013-07-31": "78.08600", "2013-04-30": "63.78300", "2013-01-31": "210.44120", "2012-10-31": "79.29600", "2012-07-31": "70.10300", "2012-04-30": "49.32300", "2012-01-31": "197.20310", "2011-10-31": "68.74400", "2011-07-31": "64.08500", "2011-04-30": "51.70000", "2011-01-31": "183.59400", "2010-10-31": "56.16200", "2010-07-31": "51.19700", "2010-04-30": "32.46100", "2010-01-31": "140.79230", "2009-10-31": "9.45600", "2009-07-31": "0.43500", "2009-04-30": "-29.24100", "2009-01-31": "19.22480", "2008-10-31": "-19.37800", "2008-07-31": "25.42300", "2008-04-30": "16.88300", "2008-01-31": "197.21910", "2007-10-31": "44.86900", "2007-07-31": "42.86800", "2007-04-30": "28.44200", "2007-01-31": "195.23670", "2006-10-31": "43.32600", "2006-07-31": "54.24800", "2006-04-30": "34.69010", "2006-01-31": "192.83000", "2005-10-31": "59.35000", "2005-07-31": "49.20700", "2005-04-30": "43.70300", "2005-01-31": "184.04000"}, "Total Non-Operating Income/Expense": {"2020-10-31": "-5.34400", "2020-07-31": "-6.46400", "2020-04-30": "-2.15900", "2020-01-31": "-1.36700", "2019-10-31": "-2.56400", "2019-07-31": "-2.66900", "2019-04-30": "-2.25300", "2019-01-31": "-1.63300", "2018-10-31": "-2.28800", "2018-07-31": "-1.58400", "2018-04-30": "-1.20100", "2018-01-31": "-0.39800", "2017-10-31": "-0.59400", "2017-07-31": "-0.48300", "2017-04-30": "0.10300", "2017-01-31": "-0.10100", "2016-10-31": "-0.48800", "2016-07-31": "-0.16700", "2016-04-30": "0.06800", "2016-01-31": "-0.00200", "2015-10-31": "-0.34200", "2015-07-31": "-0.27500", "2015-04-30": "-0.00800", "2015-01-31": "0.02600", "2014-10-31": "-0.11700", "2014-07-31": "-0.04000", "2014-04-30": "0.06900", "2014-01-31": "0.16700", "2013-10-31": "0.10300", "2013-07-31": "0.12500", "2013-04-30": "0.18900", "2013-01-31": "0.26100", "2012-10-31": "0.17300", "2012-07-31": "0.16800", "2012-04-30": "0.19100", "2012-01-31": "0.16100", "2011-10-31": "0.00700", "2011-07-31": "-0.06900", "2011-04-30": "-0.00100", "2011-01-31": "-0.02500", "2010-10-31": "-0.07800", "2010-07-31": "-0.12300", "2010-04-30": "-0.12800", "2010-01-31": "-0.16400", "2009-10-31": "-0.34100", "2009-07-31": "-0.37800", "2009-04-30": "-0.27000", "2009-01-31": "-0.03100", "2008-10-31": "-0.15800", "2008-07-31": "-0.19000", "2008-04-30": "0.17900", "2008-01-31": "0.66700", "2007-10-31": "-0.19000", "2007-07-31": "0.52600", "2007-04-30": "1.93900", "2007-01-31": "2.05800", "2006-10-31": "1.31800", "2006-07-31": "3.51400", "2006-04-30": "2.79500", "2006-01-31": "2.08500", "2005-10-31": "0.60800", "2005-07-31": "0.39400", "2005-04-30": "0.62100", "2005-01-31": "0.57500"}, "Pre-Tax Income": {"2020-10-31": "269.26000", "2020-07-31": "178.89700", "2020-04-30": "46.48600", "2020-01-31": "202.31900", "2019-10-31": "99.32700", "2019-07-31": "83.49600", "2019-04-30": "71.87900", "2019-01-31": "199.22000", "2018-10-31": "92.09600", "2018-07-31": "72.58200", "2018-04-30": "65.34900", "2018-01-31": "198.54200", "2017-10-31": "110.21900", "2017-07-31": "81.10100", "2017-04-30": "62.57700", "2017-01-31": "215.71800", "2016-10-31": "109.49100", "2016-07-31": "83.10900", "2016-04-30": "63.59300", "2016-01-31": "222.67800", "2015-10-31": "110.34100", "2015-07-31": "83.06800", "2015-04-30": "71.92000", "2015-01-31": "237.90900", "2014-10-31": "104.60300", "2014-07-31": "85.29600", "2014-04-30": "74.39500", "2014-01-31": "217.90200", "2013-10-31": "92.59700", "2013-07-31": "78.21100", "2013-04-30": "63.97200", "2013-01-31": "210.70200", "2012-10-31": "79.46900", "2012-07-31": "70.27100", "2012-04-30": "49.51400", "2012-01-31": "197.36400", "2011-10-31": "68.75100", "2011-07-31": "64.01600", "2011-04-30": "51.69900", "2011-01-31": "183.56900", "2010-10-31": "56.08400", "2010-07-31": "51.07400", "2010-04-30": "32.33300", "2010-01-31": "140.62800", "2009-10-31": "9.11500", "2009-07-31": "0.05700", "2009-04-30": "-29.51100", "2009-01-31": "19.19400", "2008-10-31": "-19.53600", "2008-07-31": "25.23300", "2008-04-30": "17.06200", "2008-01-31": "197.88600", "2007-10-31": "44.67900", "2007-07-31": "43.39400", "2007-04-30": "30.38100", "2007-01-31": "197.29500", "2006-10-31": "44.64400", "2006-07-31": "57.76200", "2006-04-30": "37.48500", "2006-01-31": "194.91500", "2005-10-31": "59.95800", "2005-07-31": "49.60100", "2005-04-30": "44.32400", "2005-01-31": "184.61500"}, "Income Taxes": {"2020-10-31": "67.48800", "2020-07-31": "44.33300", "2020-04-30": "11.06300", "2020-01-31": "36.27400", "2019-10-31": "24.61400", "2019-07-31": "20.84800", "2019-04-30": "19.22300", "2019-01-31": "43.88200", "2018-10-31": "10.63100", "2018-07-31": "20.86900", "2018-04-30": "20.18100", "2018-01-31": "102.78200", "2017-10-31": "38.90600", "2017-07-31": "28.18400", "2017-04-30": "23.02200", "2017-01-31": "71.09100", "2016-10-31": "40.11300", "2016-07-31": "31.32400", "2016-04-30": "23.99600", "2016-01-31": "81.55000", "2015-10-31": "39.85900", "2015-07-31": "29.40000", "2015-04-30": "27.13000", "2015-01-31": "90.87200", "2014-10-31": "39.69500", "2014-07-31": "34.54900", "2014-04-30": "28.23300", "2014-01-31": "84.10400", "2013-10-31": "35.87800", "2013-07-31": "29.29200", "2013-04-30": "24.50600", "2013-01-31": "76.96800", "2012-10-31": "30.56900", "2012-07-31": "26.89100", "2012-04-30": "18.79800", "2012-01-31": "74.77800", "2011-10-31": "25.33000", "2011-07-31": "24.70700", "2011-04-30": "20.08400", "2011-01-31": "70.16900", "2010-10-31": "19.55400", "2010-07-31": "20.31500", "2010-04-30": "12.79500", "2010-01-31": "52.20700", "2009-10-31": "1.78800", "2009-07-31": "-0.34200", "2009-04-30": "-10.80600", "2009-01-31": "7.00300", "2008-10-31": "-8.53800", "2008-07-31": "6.84900", "2008-04-30": "6.61500", "2008-01-31": "73.32200", "2007-10-31": "17.60200", "2007-07-31": "17.42800", "2007-04-30": "12.23100", "2007-01-31": "76.23100", "2006-10-31": "15.50200", "2006-07-31": "22.19900", "2006-04-30": "14.38600", "2006-01-31": "74.13200", "2005-10-31": "22.87100", "2005-07-31": "18.77800", "2005-04-30": "18.15100", "2005-01-31": "70.86700"}, "Income After Taxes": {"2020-10-31": "201.77200", "2020-07-31": "134.56400", "2020-04-30": "35.42300", "2020-01-31": "166.04500", "2019-10-31": "74.71300", "2019-07-31": "62.64800", "2019-04-30": "52.65600", "2019-01-31": "155.33800", "2018-10-31": "81.46500", "2018-07-31": "51.71300", "2018-04-30": "45.16800", "2018-01-31": "95.76000", "2017-10-31": "71.31300", "2017-07-31": "52.91700", "2017-04-30": "39.55500", "2017-01-31": "144.62700", "2016-10-31": "69.37800", "2016-07-31": "51.78500", "2016-04-30": "39.59700", "2016-01-31": "141.12800", "2015-10-31": "70.48200", "2015-07-31": "53.66800", "2015-04-30": "44.79000", "2015-01-31": "147.03700", "2014-10-31": "64.90800", "2014-07-31": "50.74700", "2014-04-30": "46.16200", "2014-01-31": "133.79800", "2013-10-31": "56.71900", "2013-07-31": "48.91900", "2013-04-30": "39.46600", "2013-01-31": "133.73400", "2012-10-31": "48.90000", "2012-07-31": "43.38000", "2012-04-30": "30.71600", "2012-01-31": "122.58600", "2011-10-31": "43.42100", "2011-07-31": "39.30900", "2011-04-30": "31.61500", "2011-01-31": "113.40000", "2010-10-31": "36.53000", "2010-07-31": "30.75900", "2010-04-30": "19.53800", "2010-01-31": "88.42100", "2009-10-31": "7.32700", "2009-07-31": "0.39900", "2009-04-30": "-18.70500", "2009-01-31": "12.19100", "2008-10-31": "-10.99800", "2008-07-31": "18.38400", "2008-04-30": "10.44700", "2008-01-31": "124.56400", "2007-10-31": "27.07700", "2007-07-31": "25.96600", "2007-04-30": "18.15000", "2007-01-31": "121.06400", "2006-10-31": "29.14200", "2006-07-31": "35.56300", "2006-04-30": "23.09900", "2006-01-31": "120.78300", "2005-10-31": "37.08700", "2005-07-31": "30.82300", "2005-04-30": "26.17300", "2005-01-31": "113.74800"}, "Other Income": {"2020-10-31": "", "2020-07-31": "", "2020-04-30": "", "2020-01-31": "", "2019-10-31": "", "2019-07-31": "", "2019-04-30": "", "2019-01-31": "", "2018-10-31": "", "2018-07-31": "", "2018-04-30": "", "2018-01-31": "", "2017-10-31": "", "2017-07-31": "", "2017-04-30": "", "2017-01-31": "", "2016-10-31": "", "2016-07-31": "", "2016-04-30": "", "2016-01-31": "", "2015-10-31": "", "2015-07-31": "", "2015-04-30": "", "2015-01-31": "", "2014-10-31": "", "2014-07-31": "", "2014-04-30": "", "2014-01-31": "", "2013-10-31": "", "2013-07-31": "", "2013-04-30": "", "2013-01-31": "", "2012-10-31": "", "2012-07-31": "", "2012-04-30": "", "2012-01-31": "", "2011-10-31": "", "2011-07-31": "", "2011-04-30": "", "2011-01-31": "", "2010-10-31": "", "2010-07-31": "", "2010-04-30": "", "2010-01-31": "", "2009-10-31": "", "2009-07-31": "", "2009-04-30": "", "2009-01-31": "", "2008-10-31": "", "2008-07-31": "", "2008-04-30": "", "2008-01-31": "", "2007-10-31": "", "2007-07-31": "", "2007-04-30": "", "2007-01-31": "", "2006-10-31": "", "2006-07-31": "", "2006-04-30": "", "2006-01-31": "", "2005-10-31": "", "2005-07-31": "", "2005-04-30": "", "2005-01-31": ""}, "Income From Continuous Operations": {"2020-10-31": "201.77200", "2020-07-31": "134.56400", "2020-04-30": "35.42300", "2020-01-31": "166.04500", "2019-10-31": "74.71300", "2019-07-31": "62.64800", "2019-04-30": "52.65600", "2019-01-31": "155.33800", "2018-10-31": "81.46500", "2018-07-31": "51.71300", "2018-04-30": "45.16800", "2018-01-31": "95.76000", "2017-10-31": "71.31300", "2017-07-31": "52.91700", "2017-04-30": "39.55500", "2017-01-31": "144.62700", "2016-10-31": "69.37800", "2016-07-31": "51.78500", "2016-04-30": "39.59700", "2016-01-31": "141.12800", "2015-10-31": "70.48200", "2015-07-31": "53.66800", "2015-04-30": "44.79000", "2015-01-31": "147.03700", "2014-10-31": "64.90800", "2014-07-31": "50.74700", "2014-04-30": "46.16200", "2014-01-31": "133.79800", "2013-10-31": "56.71900", "2013-07-31": "48.91900", "2013-04-30": "39.46600", "2013-01-31": "133.73400", "2012-10-31": "48.90000", "2012-07-31": "43.38000", "2012-04-30": "30.71600", "2012-01-31": "122.58600", "2011-10-31": "43.42100", "2011-07-31": "39.30900", "2011-04-30": "31.61500", "2011-01-31": "113.40000", "2010-10-31": "36.53000", "2010-07-31": "30.75900", "2010-04-30": "19.53800", "2010-01-31": "88.42100", "2009-10-31": "7.32700", "2009-07-31": "0.39900", "2009-04-30": "-18.70500", "2009-01-31": "12.19100", "2008-10-31": "-10.99800", "2008-07-31": "18.38400", "2008-04-30": "10.44700", "2008-01-31": "124.56400", "2007-10-31": "27.07700", "2007-07-31": "25.96600", "2007-04-30": "18.15000", "2007-01-31": "121.06400", "2006-10-31": "29.14200", "2006-07-31": "35.56300", "2006-04-30": "23.09900", "2006-01-31": "120.78300", "2005-10-31": "37.08700", "2005-07-31": "30.82300", "2005-04-30": "26.17300", "2005-01-31": "113.74800"}, "Income From Discontinued Operations": {"2020-10-31": "", "2020-07-31": "", "2020-04-30": "", "2020-01-31": "", "2019-10-31": "", "2019-07-31": "", "2019-04-30": "", "2019-01-31": "", "2018-10-31": "", "2018-07-31": "", "2018-04-30": "", "2018-01-31": "", "2017-10-31": "", "2017-07-31": "", "2017-04-30": "", "2017-01-31": "", "2016-10-31": "", "2016-07-31": "", "2016-04-30": "", "2016-01-31": "", "2015-10-31": "", "2015-07-31": "", "2015-04-30": "", "2015-01-31": "", "2014-10-31": "", "2014-07-31": "", "2014-04-30": "", "2014-01-31": "", "2013-10-31": "", "2013-07-31": "", "2013-04-30": "", "2013-01-31": "", "2012-10-31": "", "2012-07-31": "", "2012-04-30": "", "2012-01-31": "", "2011-10-31": "", "2011-07-31": "", "2011-04-30": "", "2011-01-31": "", "2010-10-31": "", "2010-07-31": "", "2010-04-30": "", "2010-01-31": "", "2009-10-31": "", "2009-07-31": "", "2009-04-30": "", "2009-01-31": "", "2008-10-31": "", "2008-07-31": "", "2008-04-30": "", "2008-01-31": "", "2007-10-31": "", "2007-07-31": "", "2007-04-30": "", "2007-01-31": "", "2006-10-31": "", "2006-07-31": "", "2006-04-30": "", "2006-01-31": "", "2005-10-31": "", "2005-07-31": "", "2005-04-30": "", "2005-01-31": ""}, "Net Income": {"2020-10-31": "201.77200", "2020-07-31": "134.56400", "2020-04-30": "35.42300", "2020-01-31": "166.04500", "2019-10-31": "74.71300", "2019-07-31": "62.64800", "2019-04-30": "52.65600", "2019-01-31": "155.33800", "2018-10-31": "81.46500", "2018-07-31": "51.71300", "2018-04-30": "45.16800", "2018-01-31": "95.76000", "2017-10-31": "71.31300", "2017-07-31": "52.91700", "2017-04-30": "39.55500", "2017-01-31": "144.62700", "2016-10-31": "69.37800", "2016-07-31": "51.78500", "2016-04-30": "39.59700", "2016-01-31": "141.12800", "2015-10-31": "70.48200", "2015-07-31": "53.66800", "2015-04-30": "44.79000", "2015-01-31": "147.03700", "2014-10-31": "64.90800", "2014-07-31": "50.74700", "2014-04-30": "46.16200", "2014-01-31": "133.79800", "2013-10-31": "56.71900", "2013-07-31": "48.91900", "2013-04-30": "39.46600", "2013-01-31": "133.73400", "2012-10-31": "48.90000", "2012-07-31": "43.38000", "2012-04-30": "30.71600", "2012-01-31": "122.58600", "2011-10-31": "43.42100", "2011-07-31": "39.30900", "2011-04-30": "31.61500", "2011-01-31": "113.40000", "2010-10-31": "36.53000", "2010-07-31": "30.75900", "2010-04-30": "19.53800", "2010-01-31": "88.42100", "2009-10-31": "7.32700", "2009-07-31": "0.39900", "2009-04-30": "-18.70500", "2009-01-31": "12.19100", "2008-10-31": "-10.99800", "2008-07-31": "18.38400", "2008-04-30": "10.44700", "2008-01-31": "124.56400", "2007-10-31": "27.07700", "2007-07-31": "25.96600", "2007-04-30": "18.15000", "2007-01-31": "121.06400", "2006-10-31": "29.14200", "2006-07-31": "35.56300", "2006-04-30": "23.09900", "2006-01-31": "120.78300", "2005-10-31": "37.08700", "2005-07-31": "30.82300", "2005-04-30": "26.17300", "2005-01-31": "113.74800"}, "EBITDA": {"2020-10-31": "320.26100", "2020-07-31": "230.68700", "2020-04-30": "93.46400", "2020-01-31": "249.22090", "2019-10-31": "146.88500", "2019-07-31": "131.14890", "2019-04-30": "118.66400", "2019-01-31": "242.02300", "2018-10-31": "135.22400", "2018-07-31": "113.61590", "2018-04-30": "107.69910", "2018-01-31": "240.15910", "2017-10-31": "149.93110", "2017-07-31": "120.47900", "2017-04-30": "100.94700", "2017-01-31": "254.84600", "2016-10-31": "148.11600", "2016-07-31": "118.84210", "2016-04-30": "98.77800", "2016-01-31": "258.95190", "2015-10-31": "146.29210", "2015-07-31": "119.02190", "2015-04-30": "107.40700", "2015-01-31": "273.17890", "2014-10-31": "140.42900", "2014-07-31": "119.33710", "2014-04-30": "107.17400", "2014-01-31": "249.79140", "2013-10-31": "123.64000", "2013-07-31": "109.04100", "2013-04-30": "94.03900", "2013-01-31": "239.33220", "2012-10-31": "106.02500", "2012-07-31": "96.01100", "2012-04-30": "75.55400", "2012-01-31": "222.26410", "2011-10-31": "94.78900", "2011-07-31": "90.04600", "2011-04-30": "77.63900", "2011-01-31": "210.49900", "2010-10-31": "82.59900", "2010-07-31": "78.27800", "2010-04-30": "59.55300", "2010-01-31": "168.57230", "2009-10-31": "38.84800", "2009-07-31": "29.75600", "2009-04-30": "-0.73700", "2009-01-31": "49.07280", "2008-10-31": "9.73900", "2008-07-31": "53.99500", "2008-04-30": "46.16300", "2008-01-31": "227.23910", "2007-10-31": "71.29600", "2007-07-31": "70.13400", "2007-04-30": "56.03000", "2007-01-31": "223.54270", "2006-10-31": "69.82400", "2006-07-31": "80.29400", "2006-04-30": "60.18810", "2006-01-31": "218.09190", "2005-10-31": "71.61900", "2005-07-31": "85.94700", "2005-04-30": "67.72200", "2005-01-31": "207.93100"}, "EBIT": {"2020-10-31": "274.60400", "2020-07-31": "185.36100", "2020-04-30": "48.64500", "2020-01-31": "203.68620", "2019-10-31": "101.89100", "2019-07-31": "86.16490", "2019-04-30": "74.13200", "2019-01-31": "200.85270", "2018-10-31": "94.38400", "2018-07-31": "74.16590", "2018-04-30": "66.55010", "2018-01-31": "198.93990", "2017-10-31": "110.81310", "2017-07-31": "81.58400", "2017-04-30": "62.47400", "2017-01-31": "215.81900", "2016-10-31": "109.97900", "2016-07-31": "83.27610", "2016-04-30": "63.52500", "2016-01-31": "222.67980", "2015-10-31": "110.68310", "2015-07-31": "83.34290", "2015-04-30": "71.92800", "2015-01-31": "237.88310", "2014-10-31": "104.72000", "2014-07-31": "85.33610", "2014-04-30": "74.32600", "2014-01-31": "217.73520", "2013-10-31": "92.49400", "2013-07-31": "78.08600", "2013-04-30": "63.78300", "2013-01-31": "210.44110", "2012-10-31": "79.29600", "2012-07-31": "70.10300", "2012-04-30": "49.32300", "2012-01-31": "197.20290", "2011-10-31": "68.74400", "2011-07-31": "64.08500", "2011-04-30": "51.70000", "2011-01-31": "183.59380", "2010-10-31": "56.16200", "2010-07-31": "51.19700", "2010-04-30": "32.46100", "2010-01-31": "140.79220", "2009-10-31": "9.45600", "2009-07-31": "0.43500", "2009-04-30": "-29.24100", "2009-01-31": "19.22490", "2008-10-31": "-19.37800", "2008-07-31": "25.42300", "2008-04-30": "16.88300", "2008-01-31": "197.21920", "2007-10-31": "44.86900", "2007-07-31": "42.86800", "2007-04-30": "28.44200", "2007-01-31": "195.23670", "2006-10-31": "43.32600", "2006-07-31": "54.24800", "2006-04-30": "34.69010", "2006-01-31": "192.83000", "2005-10-31": "59.35000", "2005-07-31": "49.20700", "2005-04-30": "43.70300", "2005-01-31": "184.04010"}, "Basic Shares Outstanding": {"2020-10-31": "77.48700", "2020-07-31": "77.78300", "2020-04-30": "77.26200", "2020-01-31": "78.10800", "2019-10-31": "77.89700", "2019-07-31": "78.48800", "2019-04-30": "78.68300", "2019-01-31": "81.42000", "2018-10-31": "80.47500", "2018-07-31": "82.34200", "2018-04-30": "83.39200", "2018-01-31": "85.59200", "2017-10-31": "84.94000", "2017-07-31": "86.42900", "2017-04-30": "86.96200", "2017-01-31": "88.59400", "2016-10-31": "88.38200", "2016-07-31": "89.03900", "2016-04-30": "89.29800", "2016-01-31": "90.78700", "2015-10-31": "90.43700", "2015-07-31": "91.24300", "2015-04-30": "91.70700", "2015-01-31": "93.63400", "2014-10-31": "93.06700", "2014-07-31": "93.97900", "2014-04-30": "93.99300", "2014-01-31": "96.66900", "2013-10-31": "95.45300", "2013-07-31": "96.89200", "2013-04-30": "97.70400", "2013-01-31": "99.26600", "2012-10-31": "98.44400", "2012-07-31": "99.20900", "2012-04-30": "100.17200", "2012-01-31": "104.35200", "2011-10-31": "103.65100", "2011-07-31": "104.46700", "2011-04-30": "104.91800", "2011-01-31": "106.95600", "2010-10-31": "106.15200", "2010-07-31": "107.66800", "2010-04-30": "107.12900", "2010-01-31": "105.76300", "2009-10-31": "105.81700", "2009-07-31": "105.71900", "2009-04-30": "105.66900", "2009-01-31": "105.53000", "2008-10-31": "105.63500", "2008-07-31": "105.56100", "2008-04-30": "105.40000", "2008-01-31": "109.27300", "2007-10-31": "108.30800", "2007-07-31": "109.88400", "2007-04-30": "110.03600", "2007-01-31": "114.02000", "2006-10-31": "113.26800", "2006-07-31": "115.02600", "2006-04-30": "114.83300", "2006-01-31": "115.61600", "2005-10-31": "116.07000", "2005-07-31": "115.97800", "2005-04-30": "115.42700", "2005-01-31": "116.15900"}, "Shares Outstanding": {"2020-10-31": "79.33200", "2020-07-31": "79.26400", "2020-04-30": "78.39900", "2020-01-31": "79.22500", "2019-10-31": "79.19100", "2019-07-31": "79.47000", "2019-04-30": "79.86700", "2019-01-31": "82.34000", "2018-10-31": "81.64100", "2018-07-31": "83.16700", "2018-04-30": "84.17400", "2018-01-31": "86.08000", "2017-10-31": "85.38400", "2017-07-31": "86.84800", "2017-04-30": "87.71000", "2017-01-31": "89.46200", "2016-10-31": "89.14400", "2016-07-31": "89.73600", "2016-04-30": "90.51400", "2016-01-31": "92.10200", "2015-10-31": "91.80100", "2015-07-31": "92.56400", "2015-04-30": "93.30000", "2015-01-31": "95.20000", "2014-10-31": "94.92000", "2014-07-31": "95.83900", "2014-04-30": "95.61800", "2014-01-31": "98.76500", "2013-10-31": "97.86300", "2013-07-31": "98.95700", "2013-04-30": "99.51500", "2013-01-31": "101.05100", "2012-10-31": "100.41800", "2012-07-31": "100.81800", "2012-04-30": "101.95600", "2012-01-31": "106.58200", "2011-10-31": "105.72100", "2011-07-31": "106.76600", "2011-04-30": "107.18300", "2011-01-31": "109.52200", "2010-10-31": "108.90800", "2010-07-31": "110.22400", "2010-04-30": "109.63900", "2010-01-31": "107.37300", "2009-10-31": "108.62600", "2009-07-31": "107.03300", "2009-04-30": "105.66900", "2009-01-31": "106.88000", "2008-10-31": "105.63500", "2008-07-31": "107.01000", "2008-04-30": "107.11400", "2008-01-31": "111.44700", "2007-10-31": "110.38900", "2007-07-31": "112.02200", "2007-04-30": "112.35500", "2007-01-31": "116.77300", "2006-10-31": "115.84900", "2006-07-31": "117.72400", "2006-04-30": "117.74900", "2006-01-31": "118.42700", "2005-10-31": "118.90000", "2005-07-31": "118.88600", "2005-04-30": "118.10900", "2005-01-31": "119.34700"}, "Basic EPS": {"2020-10-31": "2.60000", "2020-07-31": "1.73000", "2020-04-30": "0.46000", "2020-01-31": "2.13000", "2019-10-31": "0.96000", "2019-07-31": "0.80000", "2019-04-30": "0.67000", "2019-01-31": "1.92000", "2018-10-31": "1.01000", "2018-07-31": "0.63000", "2018-04-30": "0.54000", "2018-01-31": "1.13000", "2017-10-31": "0.84000", "2017-07-31": "0.61000", "2017-04-30": "0.45000", "2017-01-31": "1.65000", "2016-10-31": "0.78000", "2016-07-31": "0.58000", "2016-04-30": "0.44000", "2016-01-31": "1.56000", "2015-10-31": "0.78000", "2015-07-31": "0.59000", "2015-04-30": "0.49000", "2015-01-31": "1.57000", "2014-10-31": "0.70000", "2014-07-31": "0.54000", "2014-04-30": "0.49000", "2014-01-31": "1.40000", "2013-10-31": "0.59000", "2013-07-31": "0.50000", "2013-04-30": "0.40000", "2013-01-31": "1.34000", "2012-10-31": "0.50000", "2012-07-31": "0.44000", "2012-04-30": "0.31000", "2012-01-31": "1.17000", "2011-10-31": "0.42000", "2011-07-31": "0.38000", "2011-04-30": "0.30000", "2011-01-31": "1.06000", "2010-10-31": "0.34000", "2010-07-31": "0.29000", "2010-04-30": "0.18000", "2010-01-31": "0.84000", "2009-10-31": "0.07000", "2009-07-31": "0.00000", "2009-04-30": "-0.18000", "2009-01-31": "0.11000", "2008-10-31": "-0.10000", "2008-07-31": "0.17000", "2008-04-30": "0.10000", "2008-01-31": "1.14000", "2007-10-31": "0.25000", "2007-07-31": "0.24000", "2007-04-30": "0.16000", "2007-01-31": "1.06000", "2006-10-31": "0.26000", "2006-07-31": "0.31000", "2006-04-30": "0.20000", "2006-01-31": "1.04000", "2005-10-31": "0.32000", "2005-07-31": "0.27000", "2005-04-30": "0.23000", "2005-01-31": "0.99000"}, "EPS - Earnings Per Share": {"2020-10-31": "2.54000", "2020-07-31": "1.70000", "2020-04-30": "0.45000", "2020-01-31": "2.10000", "2019-10-31": "0.94000", "2019-07-31": "0.79000", "2019-04-30": "0.66000", "2019-01-31": "1.89000", "2018-10-31": "1.00000", "2018-07-31": "0.62000", "2018-04-30": "0.54000", "2018-01-31": "1.12000", "2017-10-31": "0.84000", "2017-07-31": "0.61000", "2017-04-30": "0.45000", "2017-01-31": "1.61000", "2016-10-31": "0.78000", "2016-07-31": "0.58000", "2016-04-30": "0.44000", "2016-01-31": "1.54000", "2015-10-31": "0.77000", "2015-07-31": "0.58000", "2015-04-30": "0.48000", "2015-01-31": "1.55000", "2014-10-31": "0.68000", "2014-07-31": "0.53000", "2014-04-30": "0.48000", "2014-01-31": "1.35000", "2013-10-31": "0.58000", "2013-07-31": "0.49000", "2013-04-30": "0.40000", "2013-01-31": "1.32000", "2012-10-31": "0.49000", "2012-07-31": "0.43000", "2012-04-30": "0.30000", "2012-01-31": "1.15000", "2011-10-31": "0.41000", "2011-07-31": "0.37000", "2011-04-30": "0.29000", "2011-01-31": "1.03000", "2010-10-31": "0.34000", "2010-07-31": "0.28000", "2010-04-30": "0.18000", "2010-01-31": "0.83000", "2009-10-31": "0.07000", "2009-07-31": "0.00000", "2009-04-30": "-0.18000", "2009-01-31": "0.11000", "2008-10-31": "-0.10000", "2008-07-31": "0.17000", "2008-04-30": "0.10000", "2008-01-31": "1.12000", "2007-10-31": "0.25000", "2007-07-31": "0.23000", "2007-04-30": "0.16000", "2007-01-31": "1.04000", "2006-10-31": "0.25000", "2006-07-31": "0.30000", "2006-04-30": "0.20000", "2006-01-31": "1.02000", "2005-10-31": "0.31000", "2005-07-31": "0.26000", "2005-04-30": "0.22000", "2005-01-31": "0.95000"}}, "balance sheet": {"Cash On Hand": {"2020-01-31": "432.16200", "2019-01-31": "338.95400", "2018-01-31": "390.13600", "2017-01-31": "213.71300", "2016-01-31": "193.64700", "2015-01-31": "222.92700", "2014-01-31": "344.41000", "2013-01-31": "440.61000", "2012-01-31": "517.48900", "2011-01-31": "640.91500", "2010-01-31": "513.94300", "2009-01-31": "148.82200", "2008-01-31": "118.95000", "2007-01-31": "275.42900", "2006-01-31": "360.98200", "2005-01-31": "239.21000"}, "Receivables": {"2020-01-31": "111.73700", "2019-01-31": "107.10200", "2018-01-31": "90.11900", "2017-01-31": "88.80300", "2016-01-31": "79.30400", "2015-01-31": "67.46500", "2014-01-31": "60.33000", "2013-01-31": "62.98500", "2012-01-31": "45.96100", "2011-01-31": "41.56500", "2010-01-31": "44.18700", "2009-01-31": "37.40500", "2008-01-31": "48.05200", "2007-01-31": "48.82100", "2006-01-31": "51.02000", "2005-01-31": "42.52000"}, "Inventory": {"2020-01-31": "1100.54400", "2019-01-31": "1124.99200", "2018-01-31": "1061.59300", "2017-01-31": "977.50500", "2016-01-31": "978.13800", "2015-01-31": "887.70100", "2014-01-31": "813.16000", "2013-01-31": "640.02400", "2012-01-31": "553.46100", "2011-01-31": "513.38100", "2010-01-31": "466.12400", "2009-01-31": "572.89900", "2008-01-31": "693.66100", "2007-01-31": "610.59900", "2006-01-31": "520.29200", "2005-01-31": "452.42100"}, "Pre-Paid Expenses": {"2020-01-31": "90.42600", "2019-01-31": "101.35600", "2018-01-31": "82.72100", "2017-01-31": "76.50700", "2016-01-31": "73.57300", "2015-01-31": "70.20700", "2014-01-31": "68.86500", "2013-01-31": "63.57000", "2012-01-31": "58.48200", "2011-01-31": "57.94500", "2010-01-31": "54.88600", "2009-01-31": "81.77800", "2008-01-31": "87.18300", "2007-01-31": "88.18000", "2006-01-31": "85.77200", "2005-01-31": "91.53800"}, "Other Current Assets": {"2020-01-31": "20.76600", "2019-01-31": "21.93900", "2018-01-31": "11.87600", "2017-01-31": "10.65200", "2016-01-31": "11.43800", "2015-01-31": "13.00500", "2014-01-31": "10.85200", "2013-01-31": "9.81900", "2012-01-31": "9.22900", "2011-01-31": "8.17600", "2010-01-31": "8.85800", "2009-01-31": "9.42000", "2008-01-31": "10.08600", "2007-01-31": "7.09700", "2006-01-31": "7.83100", "2005-01-31": "9.06100"}, "Total Current Assets": {"2020-01-31": "1755.63500", "2019-01-31": "1694.34300", "2018-01-31": "1636.44500", "2017-01-31": "1367.18000", "2016-01-31": "1336.10000", "2015-01-31": "1391.92300", "2014-01-31": "1419.10300", "2013-01-31": "1316.77200", "2012-01-31": "1276.36600", "2011-01-31": "1347.59400", "2010-01-31": "1180.19300", "2009-01-31": "940.67300", "2008-01-31": "1049.77500", "2007-01-31": "1100.96300", "2006-01-31": "1083.16400", "2005-01-31": "873.76500"}, "Property, Plant, And Equipment": {"2020-01-31": "929.03800", "2019-01-31": "929.63500", "2018-01-31": "932.28300", "2017-01-31": "923.28300", "2016-01-31": "886.81300", "2015-01-31": "883.01200", "2014-01-31": "849.29300", "2013-01-31": "812.03700", "2012-01-31": "734.67200", "2011-01-31": "730.55600", "2010-01-31": "829.02700", "2009-01-31": "942.21900", "2008-01-31": "981.07500", "2007-01-31": "912.58200", "2006-01-31": "880.30500", "2005-01-31": "852.41200"}, "Long-Term Investments": {"2020-01-31": "", "2019-01-31": "", "2018-01-31": "", "2017-01-31": "", "2016-01-31": "", "2015-01-31": "", "2014-01-31": "", "2013-01-31": "", "2012-01-31": "", "2011-01-31": "", "2010-01-31": "", "2009-01-31": "", "2008-01-31": "", "2007-01-31": "", "2006-01-31": "", "2005-01-31": ""}, "Goodwill And Intangible Assets": {"2020-01-31": "85.34300", "2019-01-31": "85.38200", "2018-01-31": "18.83800", "2017-01-31": "", "2016-01-31": "", "2015-01-31": "", "2014-01-31": "", "2013-01-31": "", "2012-01-31": "", "2011-01-31": "", "2010-01-31": "", "2009-01-31": "", "2008-01-31": "", "2007-01-31": "", "2006-01-31": "", "2005-01-31": ""}, "Other Long-Term Assets": {"2020-01-31": "69.66590", "2019-01-31": "59.42900", "2018-01-31": "130.87700", "2017-01-31": "51.17800", "2016-01-31": "52.73000", "2015-01-31": "51.07700", "2014-01-31": "54.51400", "2013-01-31": "46.47200", "2012-01-31": "37.41800", "2011-01-31": "20.96600", "2010-01-31": "16.14000", "2009-01-31": "16.01700", "2008-01-31": "18.00700", "2007-01-31": "16.11600", "2006-01-31": "18.15100", "2005-01-31": "19.36800"}, "Total Long-Term Assets": {"2020-01-31": "2298.40700", "2019-01-31": "1118.50100", "2018-01-31": "1149.30400", "2017-01-31": "1109.69900", "2016-01-31": "1081.32700", "2015-01-31": "938.35410", "2014-01-31": "917.63100", "2013-01-31": "870.90700", "2012-01-31": "784.47200", "2011-01-31": "784.16800", "2010-01-31": "898.97600", "2009-01-31": "994.79100", "2008-01-31": "1044.07900", "2007-01-31": "947.36800", "2006-01-31": "898.45600", "2005-01-31": "871.78000"}, "Total Assets": {"2020-01-31": "4054.04200", "2019-01-31": "2812.84400", "2018-01-31": "2785.74900", "2017-01-31": "2476.87900", "2016-01-31": "2417.42700", "2015-01-31": "2330.27700", "2014-01-31": "2336.73400", "2013-01-31": "2187.67900", "2012-01-31": "2060.83800", "2011-01-31": "2131.76200", "2010-01-31": "2079.16900", "2009-01-31": "1935.46400", "2008-01-31": "2093.85400", "2007-01-31": "2048.33100", "2006-01-31": "1981.62000", "2005-01-31": "1745.54500"}, "Total Current Liabilities": {"2020-01-31": "1609.55500", "2019-01-31": "1074.81200", "2018-01-31": "1007.82300", "2017-01-31": "961.25600", "2016-01-31": "996.42700", "2015-01-31": "875.94800", "2014-01-31": "861.09600", "2013-01-31": "657.12700", "2012-01-31": "571.79900", "2011-01-31": "611.71600", "2010-01-31": "563.48200", "2009-01-31": "460.73700", "2008-01-31": "611.53400", "2007-01-31": "627.73400", "2006-01-31": "590.39200", "2005-01-31": "522.15700"}, "Long Term Debt": {"2020-01-31": "", "2019-01-31": "299.62000", "2018-01-31": "299.42200", "2017-01-31": "", "2016-01-31": "", "2015-01-31": "", "2014-01-31": "1.96800", "2013-01-31": "3.75300", "2012-01-31": "5.47800", "2011-01-31": "7.13000", "2010-01-31": "8.67200", "2009-01-31": "10.25900", "2008-01-31": "11.23800", "2007-01-31": "12.82200", "2006-01-31": "14.49000", "2005-01-31": "19.15400"}, "Other Non-Current Liabilities": {"2020-01-31": "86.38900", "2019-01-31": "81.32400", "2018-01-31": "72.80400", "2017-01-31": "71.21500", "2016-01-31": "49.71300", "2015-01-31": "62.69800", "2014-01-31": "59.81200", "2013-01-31": "46.46300", "2012-01-31": "46.53700", "2011-01-31": "51.91800", "2010-01-31": "54.12000", "2009-01-31": "51.81200", "2008-01-31": "57.52300", "2007-01-31": "19.74000", "2006-01-31": "14.71100", "2005-01-31": "13.32200"}, "Total Long Term Liabilities": {"2020-01-31": "1208.62700", "2019-01-31": "582.31800", "2018-01-31": "574.36000", "2017-01-31": "267.40300", "2016-01-31": "222.77400", "2015-01-31": "229.62300", "2014-01-31": "219.63600", "2013-01-31": "221.41400", "2012-01-31": "233.77700", "2011-01-31": "261.18300", "2010-01-31": "304.09200", "2009-01-31": "326.74300", "2008-01-31": "316.59700", "2007-01-31": "269.16600", "2006-01-31": "265.91000", "2005-01-31": "265.72600"}, "Total Liabilities": {"2020-01-31": "2818.18200", "2019-01-31": "1657.13000", "2018-01-31": "1582.18300", "2017-01-31": "1228.65900", "2016-01-31": "1219.20100", "2015-01-31": "1105.57100", "2014-01-31": "1080.73200", "2013-01-31": "878.54100", "2012-01-31": "805.57600", "2011-01-31": "872.89900", "2010-01-31": "867.57400", "2009-01-31": "787.48000", "2008-01-31": "928.13100", "2007-01-31": "896.90000", "2006-01-31": "856.30200", "2005-01-31": "787.88300"}, "Common Stock Net": {"2020-01-31": "0.77200", "2019-01-31": "0.78900", "2018-01-31": "0.83700", "2017-01-31": "0.87300", "2016-01-31": "0.89600", "2015-01-31": "0.91900", "2014-01-31": "0.94100", "2013-01-31": "0.97700", "2012-01-31": "1.00500", "2011-01-31": "1.04900", "2010-01-31": "1.07000", "2009-01-31": "1.05700", "2008-01-31": "1.05400", "2007-01-31": "1.09900", "2006-01-31": "1.14800", "2005-01-31": "1.15400"}, "Retained Earnings (Accumulated Deficit)": {"2020-01-31": "644.79400", "2019-01-31": "584.33300", "2018-01-31": "647.42200", "2017-01-31": "701.70200", "2016-01-31": "668.54500", "2015-01-31": "701.21400", "2014-01-31": "729.04300", "2013-01-31": "790.91200", "2012-01-31": "762.94700", "2011-01-31": "777.93900", "2010-01-31": "751.29000", "2009-01-31": "725.05200", "2008-01-31": "746.20100", "2007-01-31": "784.32500", "2006-01-31": "791.32900", "2005-01-31": "664.61900"}, "Comprehensive Income": {"2020-01-31": "-14.58700", "2019-01-31": "-11.07300", "2018-01-31": "-6.78200", "2017-01-31": "-9.90300", "2016-01-31": "-10.61600", "2015-01-31": "-2.54800", "2014-01-31": "6.52400", "2013-01-31": "13.63300", "2012-01-31": "12.59000", "2011-01-31": "12.99000", "2010-01-31": "10.38700", "2009-01-31": "5.50900", "2008-01-31": "15.25100", "2007-01-31": "7.78400", "2006-01-31": "7.69500", "2005-01-31": "5.16900"}, "Other Share Holders Equity": {"2020-01-31": "", "2019-01-31": "", "2018-01-31": "", "2017-01-31": "", "2016-01-31": "", "2015-01-31": "", "2014-01-31": "", "2013-01-31": "", "2012-01-31": "", "2011-01-31": "", "2010-01-31": "", "2009-01-31": "", "2008-01-31": "", "2007-01-31": "", "2006-01-31": "", "2005-01-31": ""}, "Share Holder Equity": {"2020-01-31": "1235.86000", "2019-01-31": "1155.71400", "2018-01-31": "1203.56600", "2017-01-31": "1248.22000", "2016-01-31": "1198.22600", "2015-01-31": "1224.70600", "2014-01-31": "1256.00200", "2013-01-31": "1309.13800", "2012-01-31": "1255.26200", "2011-01-31": "1258.86300", "2010-01-31": "1211.59500", "2009-01-31": "1147.98400", "2008-01-31": "1165.72300", "2007-01-31": "1151.43100", "2006-01-31": "1125.31800", "2005-01-31": "957.66200"}, "Total Liabilities And Share Holders Equity": {"2020-01-31": "4054.04200", "2019-01-31": "2812.84400", "2018-01-31": "2785.74900", "2017-01-31": "2476.87900", "2016-01-31": "2417.42700", "2015-01-31": "2330.27700", "2014-01-31": "2336.73400", "2013-01-31": "2187.67900", "2012-01-31": "2060.83800", "2011-01-31": "2131.76200", "2010-01-31": "2079.16900", "2009-01-31": "1935.46400", "2008-01-31": "2093.85400", "2007-01-31": "2048.33100", "2006-01-31": "1981.62000", "2005-01-31": "1745.54500"}}, "balance sheet, quarterly": {"Cash On Hand": {"2020-10-31": "773.17000", "2020-07-31": "947.76000", "2020-04-30": "861.00200", "2020-01-31": "432.16200", "2019-10-31": "155.02500", "2019-07-31": "120.46700", "2019-04-30": "107.68300", "2019-01-31": "338.95400", "2018-10-31": "164.41400", "2018-07-31": "174.58000", "2018-04-30": "290.24400", "2018-01-31": "390.13600", "2017-10-31": "90.77900", "2017-07-31": "103.10900", "2017-04-30": "93.97500", "2017-01-31": "213.71300", "2016-10-31": "75.38100", "2016-07-31": "111.12200", "2016-04-30": "99.21700", "2016-01-31": "193.64700", "2015-10-31": "72.26400", "2015-07-31": "119.77600", "2015-04-30": "78.85100", "2015-01-31": "222.92700", "2014-10-31": "107.70300", "2014-07-31": "70.57400", "2014-04-30": "127.16500", "2014-01-31": "344.41000", "2013-10-31": "143.04200", "2013-07-31": "222.33100", "2013-04-30": "268.59700", "2013-01-31": "440.61000", "2012-10-31": "278.53300", "2012-07-31": "352.59300", "2012-04-30": "391.20100", "2012-01-31": "517.48900", "2011-10-31": "394.11900", "2011-07-31": "439.35500", "2011-04-30": "483.53900", "2011-01-31": "640.91500", "2010-10-31": "402.13400", "2010-07-31": "416.53900", "2010-04-30": "417.35300", "2010-01-31": "513.94300", "2009-10-31": "228.74400", "2009-07-31": "165.31500", "2009-04-30": "95.70400", "2009-01-31": "148.82200", "2008-10-31": "22.99400", "2008-07-31": "38.54400", "2008-04-30": "26.83800", "2008-01-31": "118.95000", "2007-10-31": "16.28500", "2007-07-31": "58.03900", "2007-04-30": "117.36300", "2007-01-31": "275.42900", "2006-10-31": "108.70600", "2006-07-31": "187.37700", "2006-04-30": "250.49400", "2006-01-31": "360.98200", "2005-10-31": "91.81100", "2005-07-31": "153.85400", "2005-04-30": "115.66800", "2005-01-31": "239.21000"}, "Receivables": {"2020-10-31": "129.78200", "2020-07-31": "128.73700", "2020-04-30": "104.82900", "2020-01-31": "111.73700", "2019-10-31": "110.13100", "2019-07-31": "111.11400", "2019-04-30": "102.19500", "2019-01-31": "107.10200", "2018-10-31": "113.58200", "2018-07-31": "106.32200", "2018-04-30": "102.63000", "2018-01-31": "90.11900", "2017-10-31": "92.28200", "2017-07-31": "78.73500", "2017-04-30": "63.98200", "2017-01-31": "88.80300", "2016-10-31": "96.38600", "2016-07-31": "98.05300", "2016-04-30": "75.36400", "2016-01-31": "79.30400", "2015-10-31": "88.53500", "2015-07-31": "81.75300", "2015-04-30": "64.72000", "2015-01-31": "67.46500", "2014-10-31": "63.66400", "2014-07-31": "69.65300", "2014-04-30": "54.72500", "2014-01-31": "60.33000", "2013-10-31": "74.88600", "2013-07-31": "62.80800", "2013-04-30": "60.66700", "2013-01-31": "62.98500", "2012-10-31": "59.56200", "2012-07-31": "53.42400", "2012-04-30": "47.68800", "2012-01-31": "45.96100", "2011-10-31": "54.14000", "2011-07-31": "51.40600", "2011-04-30": "42.05900", "2011-01-31": "41.56500", "2010-10-31": "41.92200", "2010-07-31": "37.88800", "2010-04-30": "34.58100", "2010-01-31": "44.18700", "2009-10-31": "42.18200", "2009-07-31": "40.32200", "2009-04-30": "42.46400", "2009-01-31": "37.40500", "2008-10-31": "47.11300", "2008-07-31": "62.72900", "2008-04-30": "60.41300", "2008-01-31": "48.05200", "2007-10-31": "58.19900", "2007-07-31": "63.84700", "2007-04-30": "43.63000", "2007-01-31": "48.82100", "2006-10-31": "57.87400", "2006-07-31": "74.52700", "2006-04-30": "58.92700", "2006-01-31": "51.02000", "2005-10-31": "60.23800", "2005-07-31": "46.79100", "2005-04-30": "46.74400", "2005-01-31": "42.52000"}, "Inventory": {"2020-10-31": "1125.47500", "2020-07-31": "1042.34000", "2020-04-30": "1070.68100", "2020-01-31": "1100.54400", "2019-10-31": "1258.54100", "2019-07-31": "1187.72800", "2019-04-30": "1155.42700", "2019-01-31": "1124.99200", "2018-10-31": "1197.55400", "2018-07-31": "1099.88800", "2018-04-30": "1052.89200", "2018-01-31": "1061.59300", "2017-10-31": "1176.94100", "2017-07-31": "1072.97600", "2017-04-30": "1037.10700", "2017-01-31": "977.50500", "2016-10-31": "1063.74700", "2016-07-31": "962.94300", "2016-04-30": "944.63200", "2016-01-31": "978.13800", "2015-10-31": "1102.34900", "2015-07-31": "1031.47200", "2015-04-30": "942.80000", "2015-01-31": "887.70100", "2014-10-31": "979.71900", "2014-07-31": "894.86000", "2014-04-30": "850.41600", "2014-01-31": "813.16000", "2013-10-31": "898.62500", "2013-07-31": "736.87100", "2013-04-30": "661.54100", "2013-01-31": "640.02400", "2012-10-31": "688.43700", "2012-07-31": "616.35500", "2012-04-30": "586.27000", "2012-01-31": "553.46100", "2011-10-31": "626.58300", "2011-07-31": "556.62800", "2011-04-30": "532.12500", "2011-01-31": "513.38100", "2010-10-31": "586.25600", "2010-07-31": "518.62300", "2010-04-30": "502.38700", "2010-01-31": "466.12400", "2009-10-31": "545.04200", "2009-07-31": "517.02800", "2009-04-30": "548.13700", "2009-01-31": "572.89900", "2008-10-31": "694.59700", "2008-07-31": "656.64100", "2008-04-30": "713.69100", "2008-01-31": "693.66100", "2007-10-31": "769.72700", "2007-07-31": "651.26200", "2007-04-30": "639.35000", "2007-01-31": "610.59900", "2006-10-31": "661.24800", "2006-07-31": "565.69100", "2006-04-30": "547.60000", "2006-01-31": "520.29200", "2005-10-31": "587.41500", "2005-07-31": "521.45900", "2005-04-30": "521.97700", "2005-01-31": "452.42100"}, "Pre-Paid Expenses": {"2020-10-31": "84.97400", "2020-07-31": "109.49500", "2020-04-30": "90.43300", "2020-01-31": "90.42600", "2019-10-31": "115.28800", "2019-07-31": "117.01700", "2019-04-30": "98.21300", "2019-01-31": "101.35600", "2018-10-31": "94.07100", "2018-07-31": "74.81100", "2018-04-30": "56.33300", "2018-01-31": "82.72100", "2017-10-31": "88.31800", "2017-07-31": "97.49200", "2017-04-30": "85.08000", "2017-01-31": "76.50700", "2016-10-31": "99.52400", "2016-07-31": "95.39700", "2016-04-30": "83.60500", "2016-01-31": "73.57300", "2015-10-31": "95.03800", "2015-07-31": "94.20700", "2015-04-30": "95.33200", "2015-01-31": "70.20700", "2014-10-31": "95.63300", "2014-07-31": "94.96400", "2014-04-30": "114.47700", "2014-01-31": "68.86500", "2013-10-31": "89.93000", "2013-07-31": "98.99100", "2013-04-30": "89.10200", "2013-01-31": "63.57000", "2012-10-31": "78.82200", "2012-07-31": "73.16700", "2012-04-30": "67.28300", "2012-01-31": "58.48200", "2011-10-31": "88.82300", "2011-07-31": "81.36000", "2011-04-30": "70.18200", "2011-01-31": "57.94500", "2010-10-31": "84.65400", "2010-07-31": "83.96300", "2010-04-30": "74.92000", "2010-01-31": "54.88600", "2009-10-31": "84.62900", "2009-07-31": "91.42000", "2009-04-30": "98.81000", "2009-01-31": "81.77800", "2008-10-31": "104.78400", "2008-07-31": "99.60900", "2008-04-30": "96.98800", "2008-01-31": "87.18300", "2007-10-31": "109.91600", "2007-07-31": "115.84900", "2007-04-30": "97.78300", "2007-01-31": "88.18000", "2006-10-31": "117.24000", "2006-07-31": "99.49900", "2006-04-30": "95.48400", "2006-01-31": "85.77200", "2005-10-31": "104.00200", "2005-07-31": "94.31600", "2005-04-30": "92.26900", "2005-01-31": "91.53800"}, "Other Current Assets": {"2020-10-31": "23.55600", "2020-07-31": "27.09800", "2020-04-30": "22.09900", "2020-01-31": "20.76600", "2019-10-31": "20.26000", "2019-07-31": "21.69300", "2019-04-30": "22.12800", "2019-01-31": "21.93900", "2018-10-31": "21.80500", "2018-07-31": "21.89100", "2018-04-30": "21.11800", "2018-01-31": "11.87600", "2017-10-31": "12.14100", "2017-07-31": "12.06600", "2017-04-30": "10.90100", "2017-01-31": "10.65200", "2016-10-31": "12.17600", "2016-07-31": "11.58900", "2016-04-30": "9.84400", "2016-01-31": "11.43800", "2015-10-31": "12.96600", "2015-07-31": "12.80800", "2015-04-30": "11.62700", "2015-01-31": "13.00500", "2014-10-31": "14.81600", "2014-07-31": "9.77200", "2014-04-30": "9.26100", "2014-01-31": "10.85200", "2013-10-31": "11.69800", "2013-07-31": "11.02900", "2013-04-30": "9.43400", "2013-01-31": "9.81900", "2012-10-31": "9.74100", "2012-07-31": "9.10300", "2012-04-30": "8.60600", "2012-01-31": "9.22900", "2011-10-31": "9.63200", "2011-07-31": "7.62600", "2011-04-30": "7.76900", "2011-01-31": "8.17600", "2010-10-31": "9.01200", "2010-07-31": "7.71800", "2010-04-30": "7.93800", "2010-01-31": "8.85800", "2009-10-31": "10.41500", "2009-07-31": "9.23300", "2009-04-30": "8.51600", "2009-01-31": "9.42000", "2008-10-31": "9.10600", "2008-07-31": "9.14000", "2008-04-30": "8.40400", "2008-01-31": "10.08600", "2007-10-31": "7.60100", "2007-07-31": "6.70800", "2007-04-30": "7.12600", "2007-01-31": "7.09700", "2006-10-31": "7.64500", "2006-07-31": "6.71000", "2006-04-30": "6.16800", "2006-01-31": "7.83100", "2005-10-31": "6.45000", "2005-07-31": "5.28100", "2005-04-30": "8.51400", "2005-01-31": "9.06100"}, "Total Current Assets": {"2020-10-31": "2136.95700", "2020-07-31": "2255.43000", "2020-04-30": "2149.04400", "2020-01-31": "1755.63500", "2019-10-31": "1659.24500", "2019-07-31": "1558.01900", "2019-04-30": "1485.64600", "2019-01-31": "1694.34300", "2018-10-31": "1591.42600", "2018-07-31": "1477.49200", "2018-04-30": "1523.21700", "2018-01-31": "1636.44500", "2017-10-31": "1460.46100", "2017-07-31": "1364.37800", "2017-04-30": "1291.04500", "2017-01-31": "1367.18000", "2016-10-31": "1347.21400", "2016-07-31": "1279.10400", "2016-04-30": "1212.66200", "2016-01-31": "1336.10000", "2015-10-31": "1501.83600", "2015-07-31": "1470.70300", "2015-04-30": "1324.21900", "2015-01-31": "1391.92300", "2014-10-31": "1382.91500", "2014-07-31": "1261.35000", "2014-04-30": "1277.48700", "2014-01-31": "1419.10300", "2013-10-31": "1317.18400", "2013-07-31": "1231.72900", "2013-04-30": "1189.08000", "2013-01-31": "1316.77200", "2012-10-31": "1206.81300", "2012-07-31": "1196.37000", "2012-04-30": "1192.82200", "2012-01-31": "1276.36600", "2011-10-31": "1258.89900", "2011-07-31": "1222.06500", "2011-04-30": "1221.36200", "2011-01-31": "1347.59400", "2010-10-31": "1216.24300", "2010-07-31": "1156.97200", "2010-04-30": "1129.46600", "2010-01-31": "1180.19300", "2009-10-31": "1001.60000", "2009-07-31": "913.87700", "2009-04-30": "884.02100", "2009-01-31": "940.67300", "2008-10-31": "970.15800", "2008-07-31": "958.47100", "2008-04-30": "998.15000", "2008-01-31": "1049.77500", "2007-10-31": "1032.83900", "2007-07-31": "966.69100", "2007-04-30": "976.15500", "2007-01-31": "1100.96300", "2006-10-31": "1010.00400", "2006-07-31": "991.08300", "2006-04-30": "1015.96300", "2006-01-31": "1083.16400", "2005-10-31": "888.96700", "2005-07-31": "860.72400", "2005-04-30": "824.18000", "2005-01-31": "873.76500"}, "Property, Plant, And Equipment": {"2020-10-31": "869.09200", "2020-07-31": "887.40100", "2020-04-30": "907.21900", "2020-01-31": "929.03800", "2019-10-31": "915.74000", "2019-07-31": "913.05900", "2019-04-30": "916.03000", "2019-01-31": "929.63500", "2018-10-31": "931.36100", "2018-07-31": "919.68900", "2018-04-30": "926.32000", "2018-01-31": "932.28300", "2017-10-31": "931.13100", "2017-07-31": "929.33100", "2017-04-30": "920.53100", "2017-01-31": "923.28300", "2016-10-31": "918.02000", "2016-07-31": "908.56200", "2016-04-30": "893.64000", "2016-01-31": "886.81300", "2015-10-31": "883.45900", "2015-07-31": "875.00200", "2015-04-30": "876.78500", "2015-01-31": "883.01200", "2014-10-31": "866.67000", "2014-07-31": "849.25500", "2014-04-30": "837.01200", "2014-01-31": "849.29300", "2013-10-31": "843.56300", "2013-07-31": "829.95100", "2013-04-30": "817.24900", "2013-01-31": "812.03700", "2012-10-31": "763.57600", "2012-07-31": "743.91500", "2012-04-30": "726.13300", "2012-01-31": "734.67200", "2011-10-31": "740.02500", "2011-07-31": "735.12900", "2011-04-30": "724.32100", "2011-01-31": "730.55600", "2010-10-31": "750.23900", "2010-07-31": "771.63500", "2010-04-30": "800.96300", "2010-01-31": "829.02700", "2009-10-31": "854.47800", "2009-07-31": "885.33400", "2009-04-30": "917.27300", "2009-01-31": "942.21900", "2008-10-31": "976.30700", "2008-07-31": "980.85700", "2008-04-30": "995.73400", "2008-01-31": "981.07500", "2007-10-31": "973.99700", "2007-07-31": "948.41500", "2007-04-30": "910.96500", "2007-01-31": "912.58200", "2006-10-31": "930.30700", "2006-07-31": "900.56500", "2006-04-30": "883.04900", "2006-01-31": "880.30500", "2005-10-31": "879.72200", "2005-07-31": "869.02100", "2005-04-30": "856.10200", "2005-01-31": "852.41200"}, "Long-Term Investments": {"2020-10-31": "", "2020-07-31": "", "2020-04-30": "", "2020-01-31": "", "2019-10-31": "", "2019-07-31": "", "2019-04-30": "", "2019-01-31": "", "2018-10-31": "", "2018-07-31": "", "2018-04-30": "", "2018-01-31": "", "2017-10-31": "", "2017-07-31": "", "2017-04-30": "", "2017-01-31": "", "2016-10-31": "", "2016-07-31": "", "2016-04-30": "", "2016-01-31": "", "2015-10-31": "", "2015-07-31": "", "2015-04-30": "", "2015-01-31": "", "2014-10-31": "", "2014-07-31": "", "2014-04-30": "", "2014-01-31": "", "2013-10-31": "", "2013-07-31": "", "2013-04-30": "", "2013-01-31": "", "2012-10-31": "", "2012-07-31": "", "2012-04-30": "", "2012-01-31": "", "2011-10-31": "", "2011-07-31": "", "2011-04-30": "", "2011-01-31": "", "2010-10-31": "", "2010-07-31": "", "2010-04-30": "", "2010-01-31": "", "2009-10-31": "", "2009-07-31": "", "2009-04-30": "", "2009-01-31": "", "2008-10-31": "", "2008-07-31": "", "2008-04-30": "", "2008-01-31": "", "2007-10-31": "", "2007-07-31": "", "2007-04-30": "", "2007-01-31": "", "2006-10-31": "", "2006-07-31": "", "2006-04-30": "", "2006-01-31": "", "2005-10-31": "", "2005-07-31": "", "2005-04-30": "", "2005-01-31": ""}, "Goodwill And Intangible Assets": {"2020-10-31": "85.40200", "2020-07-31": "85.41900", "2020-04-30": "85.33500", "2020-01-31": "85.34300", "2019-10-31": "85.35500", "2019-07-31": "85.34800", "2019-04-30": "85.35700", "2019-01-31": "85.38200", "2018-10-31": "85.64900", "2018-07-31": "85.67300", "2018-04-30": "18.81100", "2018-01-31": "18.83800", "2017-10-31": "18.76900", "2017-07-31": "18.77300", "2017-04-30": "", "2017-01-31": "", "2016-10-31": "", "2016-07-31": "", "2016-04-30": "", "2016-01-31": "", "2015-10-31": "", "2015-07-31": "", "2015-04-30": "", "2015-01-31": "", "2014-10-31": "", "2014-07-31": "", "2014-04-30": "", "2014-01-31": "", "2013-10-31": "", "2013-07-31": "", "2013-04-30": "", "2013-01-31": "", "2012-10-31": "", "2012-07-31": "", "2012-04-30": "", "2012-01-31": "", "2011-10-31": "", "2011-07-31": "", "2011-04-30": "", "2011-01-31": "", "2010-10-31": "", "2010-07-31": "", "2010-04-30": "", "2010-01-31": "", "2009-10-31": "", "2009-07-31": "", "2009-04-30": "", "2009-01-31": "", "2008-10-31": "", "2008-07-31": "", "2008-04-30": "", "2008-01-31": "", "2007-10-31": "", "2007-07-31": "", "2007-04-30": "", "2007-01-31": "", "2006-10-31": "", "2006-07-31": "", "2006-04-30": "", "2006-01-31": "", "2005-10-31": "", "2005-07-31": "", "2005-04-30": "", "2005-01-31": ""}, "Other Long-Term Assets": {"2020-10-31": "85.39400", "2020-07-31": "75.02800", "2020-04-30": "67.79500", "2020-01-31": "69.66600", "2019-10-31": "67.66000", "2019-07-31": "65.92400", "2019-04-30": "66.14490", "2019-01-31": "59.42900", "2018-10-31": "64.32400", "2018-07-31": "64.16300", "2018-04-30": "129.71500", "2018-01-31": "130.87700", "2017-10-31": "38.23000", "2017-07-31": "37.16600", "2017-04-30": "54.62400", "2017-01-31": "51.17800", "2016-10-31": "51.54000", "2016-07-31": "51.17700", "2016-04-30": "52.46900", "2016-01-31": "52.73000", "2015-10-31": "47.82100", "2015-07-31": "50.26600", "2015-04-30": "50.08500", "2015-01-31": "51.07700", "2014-10-31": "50.22000", "2014-07-31": "52.08700", "2014-04-30": "53.60100", "2014-01-31": "54.51400", "2013-10-31": "54.76400", "2013-07-31": "54.98900", "2013-04-30": "46.15200", "2013-01-31": "46.47200", "2012-10-31": "39.34200", "2012-07-31": "38.11600", "2012-04-30": "38.84700", "2012-01-31": "37.41800", "2011-10-31": "18.17900", "2011-07-31": "20.54900", "2011-04-30": "21.17600", "2011-01-31": "20.96600", "2010-10-31": "17.17300", "2010-07-31": "14.75700", "2010-04-30": "16.10300", "2010-01-31": "16.14000", "2009-10-31": "16.30200", "2009-07-31": "15.58400", "2009-04-30": "15.00200", "2009-01-31": "16.01700", "2008-10-31": "16.79600", "2008-07-31": "18.36700", "2008-04-30": "18.62600", "2008-01-31": "18.00700", "2007-10-31": "17.80500", "2007-07-31": "17.19500", "2007-04-30": "16.36900", "2007-01-31": "16.11600", "2006-10-31": "16.97500", "2006-07-31": "18.56300", "2006-04-30": "19.99900", "2006-01-31": "18.15100", "2005-10-31": "21.18600", "2005-07-31": "21.89300", "2005-04-30": "21.96100", "2005-01-31": "19.36800"}, "Total Long-Term Assets": {"2020-10-31": "2173.72200", "2020-07-31": "2231.86600", "2020-04-30": "2269.07100", "2020-01-31": "2298.40700", "2019-10-31": "2304.57900", "2019-07-31": "2311.66200", "2019-04-30": "2302.71900", "2019-01-31": "1118.50100", "2018-10-31": "1127.33300", "2018-07-31": "1130.48500", "2018-04-30": "1133.68800", "2018-01-31": "1149.30400", "2017-10-31": "1119.92300", "2017-07-31": "1115.48200", "2017-04-30": "1100.13200", "2017-01-31": "1109.69900", "2016-10-31": "1106.11800", "2016-07-31": "1094.46000", "2016-04-30": "1077.70600", "2016-01-31": "1081.32700", "2015-10-31": "933.84000", "2015-07-31": "925.26800", "2015-04-30": "926.87000", "2015-01-31": "938.35410", "2014-10-31": "921.03200", "2014-07-31": "902.19800", "2014-04-30": "890.61300", "2014-01-31": "917.63100", "2013-10-31": "909.25800", "2013-07-31": "892.44900", "2013-04-30": "874.13900", "2013-01-31": "870.90700", "2012-10-31": "816.60890", "2012-07-31": "793.51400", "2012-04-30": "776.74400", "2012-01-31": "784.47200", "2011-10-31": "792.26500", "2011-07-31": "788.05900", "2011-04-30": "775.38900", "2011-01-31": "784.16800", "2010-10-31": "818.92900", "2010-07-31": "838.52110", "2010-04-30": "867.29410", "2010-01-31": "898.97600", "2009-10-31": "910.09200", "2009-07-31": "939.98300", "2009-04-30": "970.44800", "2009-01-31": "994.79100", "2008-10-31": "1035.96100", "2008-07-31": "1046.57900", "2008-04-30": "1061.39200", "2008-01-31": "1044.07900", "2007-10-31": "1025.03300", "2007-07-31": "1000.69700", "2007-04-30": "961.17100", "2007-01-31": "947.36800", "2006-10-31": "947.28200", "2006-07-31": "919.12800", "2006-04-30": "903.04800", "2006-01-31": "898.45600", "2005-10-31": "900.90800", "2005-07-31": "890.91400", "2005-04-30": "878.06300", "2005-01-31": "871.78000"}, "Total Assets": {"2020-10-31": "4310.67900", "2020-07-31": "4487.29600", "2020-04-30": "4418.11500", "2020-01-31": "4054.04200", "2019-10-31": "3963.82400", "2019-07-31": "3869.68100", "2019-04-30": "3788.36500", "2019-01-31": "2812.84400", "2018-10-31": "2718.75900", "2018-07-31": "2607.97700", "2018-04-30": "2656.90500", "2018-01-31": "2785.74900", "2017-10-31": "2580.38400", "2017-07-31": "2479.86000", "2017-04-30": "2391.17700", "2017-01-31": "2476.87900", "2016-10-31": "2453.33200", "2016-07-31": "2373.56400", "2016-04-30": "2290.36800", "2016-01-31": "2417.42700", "2015-10-31": "2435.67600", "2015-07-31": "2395.97100", "2015-04-30": "2251.08900", "2015-01-31": "2330.27700", "2014-10-31": "2303.94700", "2014-07-31": "2163.54800", "2014-04-30": "2168.10000", "2014-01-31": "2336.73400", "2013-10-31": "2226.44200", "2013-07-31": "2124.17800", "2013-04-30": "2063.21900", "2013-01-31": "2187.67900", "2012-10-31": "2023.42200", "2012-07-31": "1989.88400", "2012-04-30": "1969.56600", "2012-01-31": "2060.83800", "2011-10-31": "2051.16400", "2011-07-31": "2010.12400", "2011-04-30": "1996.75100", "2011-01-31": "2131.76200", "2010-10-31": "2035.17200", "2010-07-31": "1995.49300", "2010-04-30": "1996.76000", "2010-01-31": "2079.16900", "2009-10-31": "1911.69200", "2009-07-31": "1853.86000", "2009-04-30": "1854.46900", "2009-01-31": "1935.46400", "2008-10-31": "2006.11900", "2008-07-31": "2005.05000", "2008-04-30": "2059.54200", "2008-01-31": "2093.85400", "2007-10-31": "2057.87200", "2007-07-31": "1967.38800", "2007-04-30": "1937.32600", "2007-01-31": "2048.33100", "2006-10-31": "1957.28600", "2006-07-31": "1910.21100", "2006-04-30": "1919.01100", "2006-01-31": "1981.62000", "2005-10-31": "1789.87500", "2005-07-31": "1751.63800", "2005-04-30": "1702.24300", "2005-01-31": "1745.54500"}, "Total Current Liabilities": {"2020-10-31": "1460.12600", "2020-07-31": "1664.16300", "2020-04-30": "1682.09400", "2020-01-31": "1609.55500", "2019-10-31": "1288.91000", "2019-07-31": "1186.87900", "2019-04-30": "1114.21500", "2019-01-31": "1074.81200", "2018-10-31": "1036.72000", "2018-07-31": "947.94800", "2018-04-30": "882.82100", "2018-01-31": "1007.82300", "2017-10-31": "1137.55100", "2017-07-31": "1020.07000", "2017-04-30": "912.66500", "2017-01-31": "961.25600", "2016-10-31": "1030.87100", "2016-07-31": "958.41700", "2016-04-30": "871.75600", "2016-01-31": "996.42700", "2015-10-31": "1094.53900", "2015-07-31": "1023.54000", "2015-04-30": "828.82800", "2015-01-31": "875.94800", "2014-10-31": "936.55200", "2014-07-31": "750.71900", "2014-04-30": "736.22600", "2014-01-31": "861.09600", "2013-10-31": "829.47800", "2013-07-31": "680.41900", "2013-04-30": "560.27000", "2013-01-31": "657.12700", "2012-10-31": "573.28900", "2012-07-31": "545.86900", "2012-04-30": "520.70600", "2012-01-31": "571.79900", "2011-10-31": "562.94000", "2011-07-31": "507.68300", "2011-04-30": "486.75300", "2011-01-31": "611.71600", "2010-10-31": "557.48900", "2010-07-31": "502.17000", "2010-04-30": "470.98300", "2010-01-31": "563.48200", "2009-10-31": "476.73700", "2009-07-31": "425.94700", "2009-04-30": "413.45600", "2009-01-31": "460.73700", "2008-10-31": "536.38600", "2008-07-31": "490.01700", "2008-04-30": "561.27300", "2008-01-31": "611.53400", "2007-10-31": "645.45700", "2007-07-31": "532.69100", "2007-04-30": "470.37600", "2007-01-31": "627.73400", "2006-10-31": "540.66300", "2006-07-31": "496.23300", "2006-04-30": "491.14500", "2006-01-31": "590.39200", "2005-10-31": "490.31700", "2005-07-31": "452.58700", "2005-04-30": "450.76400", "2005-01-31": "522.15700"}, "Long Term Debt": {"2020-10-31": "299.17300", "2020-07-31": "298.99500", "2020-04-30": "299.86800", "2020-01-31": "", "2019-10-31": "299.76900", "2019-07-31": "299.71900", "2019-04-30": "299.67000", "2019-01-31": "299.62000", "2018-10-31": "299.57100", "2018-07-31": "299.52100", "2018-04-30": "299.47200", "2018-01-31": "299.42200", "2017-10-31": "", "2017-07-31": "", "2017-04-30": "", "2017-01-31": "", "2016-10-31": "", "2016-07-31": "", "2016-04-30": "", "2016-01-31": "", "2015-10-31": "", "2015-07-31": "", "2015-04-30": "", "2015-01-31": "", "2014-10-31": "", "2014-07-31": "", "2014-04-30": "1.96800", "2014-01-31": "1.96800", "2013-10-31": "1.96800", "2013-07-31": "1.96800", "2013-04-30": "3.75300", "2013-01-31": "3.75300", "2012-10-31": "3.75500", "2012-07-31": "5.42100", "2012-04-30": "5.45000", "2012-01-31": "5.47800", "2011-10-31": "5.49400", "2011-07-31": "7.06400", "2011-04-30": "7.09700", "2011-01-31": "7.13000", "2010-10-31": "7.16500", "2010-07-31": "7.19700", "2010-04-30": "8.64200", "2010-01-31": "8.67200", "2009-10-31": "8.88600", "2009-07-31": "8.91500", "2009-04-30": "10.23100", "2009-01-31": "10.25900", "2008-10-31": "10.05000", "2008-07-31": "10.05000", "2008-04-30": "11.23800", "2008-01-31": "11.23800", "2007-10-31": "11.46800", "2007-07-31": "12.54800", "2007-04-30": "12.82200", "2007-01-31": "12.82200", "2006-10-31": "13.03700", "2006-07-31": "14.03700", "2006-04-30": "14.39300", "2006-01-31": "14.49000", "2005-10-31": "14.75000", "2005-07-31": "16.02300", "2005-04-30": "17.47400", "2005-01-31": "19.15400"}, "Other Non-Current Liabilities": {"2020-10-31": "100.47800", "2020-07-31": "85.91000", "2020-04-30": "81.49700", "2020-01-31": "86.38900", "2019-10-31": "86.46100", "2019-07-31": "84.83100", "2019-04-30": "82.55100", "2019-01-31": "81.32400", "2018-10-31": "85.38800", "2018-07-31": "72.33000", "2018-04-30": "72.77900", "2018-01-31": "72.80400", "2017-10-31": "75.43900", "2017-07-31": "74.28400", "2017-04-30": "73.16000", "2017-01-31": "71.21500", "2016-10-31": "70.03100", "2016-07-31": "66.51600", "2016-04-30": "67.04100", "2016-01-31": "49.71300", "2015-10-31": "50.54500", "2015-07-31": "50.73900", "2015-04-30": "63.14300", "2015-01-31": "62.69800", "2014-10-31": "62.94200", "2014-07-31": "63.22700", "2014-04-30": "60.42500", "2014-01-31": "59.81200", "2013-10-31": "59.50600", "2013-07-31": "51.59900", "2013-04-30": "44.66600", "2013-01-31": "46.46300", "2012-10-31": "50.60900", "2012-07-31": "49.13100", "2012-04-30": "48.11200", "2012-01-31": "46.53700", "2011-10-31": "45.95700", "2011-07-31": "49.49900", "2011-04-30": "52.39600", "2011-01-31": "51.91800", "2010-10-31": "58.92700", "2010-07-31": "58.38300", "2010-04-30": "57.94800", "2010-01-31": "54.12000", "2009-10-31": "54.47900", "2009-07-31": "52.46700", "2009-04-30": "50.04000", "2009-01-31": "51.81200", "2008-10-31": "47.09500", "2008-07-31": "53.05500", "2008-04-30": "56.43600", "2008-01-31": "57.52300", "2007-10-31": "60.70700", "2007-07-31": "55.40200", "2007-04-30": "54.29600", "2007-01-31": "19.74000", "2006-10-31": "18.39600", "2006-07-31": "15.95800", "2006-04-30": "17.98000", "2006-01-31": "14.71100", "2005-10-31": "14.68500", "2005-07-31": "13.10700", "2005-04-30": "13.84500", "2005-01-31": "13.32200"}, "Total Long Term Liabilities": {"2020-10-31": "1448.65100", "2020-07-31": "1490.21100", "2020-04-30": "1517.09200", "2020-01-31": "1208.62700", "2019-10-31": "1543.02100", "2019-07-31": "1561.19900", "2019-04-30": "1552.38200", "2019-01-31": "582.31800", "2018-10-31": "590.10210", "2018-07-31": "579.04100", "2018-04-30": "576.85000", "2018-01-31": "574.36000", "2017-10-31": "270.65900", "2017-07-31": "271.26600", "2017-04-30": "268.36100", "2017-01-31": "267.40300", "2016-10-31": "262.97900", "2016-07-31": "260.33500", "2016-04-30": "255.75600", "2016-01-31": "222.77400", "2015-10-31": "224.60400", "2015-07-31": "231.05500", "2015-04-30": "235.62900", "2015-01-31": "229.62300", "2014-10-31": "231.02000", "2014-07-31": "234.42000", "2014-04-30": "223.58200", "2014-01-31": "219.63600", "2013-10-31": "226.91900", "2013-07-31": "224.38400", "2013-04-30": "220.73100", "2013-01-31": "221.41400", "2012-10-31": "232.27600", "2012-07-31": "233.54800", "2012-04-30": "232.62600", "2012-01-31": "233.77700", "2011-10-31": "240.44000", "2011-07-31": "252.25400", "2011-04-30": "259.28600", "2011-01-31": "261.18300", "2010-10-31": "278.39500", "2010-07-31": "286.66600", "2010-04-30": "295.38200", "2010-01-31": "304.09200", "2009-10-31": "316.25300", "2009-07-31": "312.22200", "2009-04-30": "318.59800", "2009-01-31": "326.74300", "2008-10-31": "324.59900", "2008-07-31": "332.59200", "2008-04-30": "327.54800", "2008-01-31": "316.59700", "2007-10-31": "319.93200", "2007-07-31": "318.89600", "2007-04-30": "301.72600", "2007-01-31": "269.16600", "2006-10-31": "280.56800", "2006-07-31": "284.18500", "2006-04-30": "272.65100", "2006-01-31": "265.91000", "2005-10-31": "272.26800", "2005-07-31": "263.38600", "2005-04-30": "264.12400", "2005-01-31": "265.72600"}, "Total Liabilities": {"2020-10-31": "2908.77700", "2020-07-31": "3154.37400", "2020-04-30": "3199.18600", "2020-01-31": "2818.18200", "2019-10-31": "2831.93100", "2019-07-31": "2748.07800", "2019-04-30": "2666.59700", "2019-01-31": "1657.13000", "2018-10-31": "1626.82200", "2018-07-31": "1526.98900", "2018-04-30": "1459.67100", "2018-01-31": "1582.18300", "2017-10-31": "1408.21000", "2017-07-31": "1291.33600", "2017-04-30": "1181.02600", "2017-01-31": "1228.65900", "2016-10-31": "1293.85000", "2016-07-31": "1218.75200", "2016-04-30": "1127.51200", "2016-01-31": "1219.20100", "2015-10-31": "1319.14300", "2015-07-31": "1254.59500", "2015-04-30": "1064.45700", "2015-01-31": "1105.57100", "2014-10-31": "1167.57200", "2014-07-31": "985.13900", "2014-04-30": "959.80800", "2014-01-31": "1080.73200", "2013-10-31": "1056.39700", "2013-07-31": "904.80300", "2013-04-30": "781.00100", "2013-01-31": "878.54100", "2012-10-31": "805.56500", "2012-07-31": "779.41700", "2012-04-30": "753.33200", "2012-01-31": "805.57600", "2011-10-31": "803.38000", "2011-07-31": "759.93700", "2011-04-30": "746.03900", "2011-01-31": "872.89900", "2010-10-31": "835.88400", "2010-07-31": "788.83600", "2010-04-30": "766.36500", "2010-01-31": "867.57400", "2009-10-31": "792.99000", "2009-07-31": "738.16900", "2009-04-30": "732.05400", "2009-01-31": "787.48000", "2008-10-31": "860.98500", "2008-07-31": "822.60900", "2008-04-30": "888.82100", "2008-01-31": "928.13100", "2007-10-31": "965.38900", "2007-07-31": "851.58700", "2007-04-30": "772.10200", "2007-01-31": "896.90000", "2006-10-31": "821.23100", "2006-07-31": "780.41800", "2006-04-30": "763.79600", "2006-01-31": "856.30200", "2005-10-31": "762.58500", "2005-07-31": "715.97300", "2005-04-30": "714.88800", "2005-01-31": "787.88300"}, "Common Stock Net": {"2020-10-31": "0.76800", "2020-07-31": "0.77800", "2020-04-30": "0.77800", "2020-01-31": "0.77200", "2019-10-31": "0.77700", "2019-07-31": "0.78300", "2019-04-30": "0.78800", "2019-01-31": "0.78900", "2018-10-31": "0.80300", "2018-07-31": "0.81000", "2018-04-30": "0.83300", "2018-01-31": "0.83700", "2017-10-31": "0.84500", "2017-07-31": "0.85800", "2017-04-30": "0.86900", "2017-01-31": "0.87300", "2016-10-31": "0.88100", "2016-07-31": "0.88800", "2016-04-30": "0.89400", "2016-01-31": "0.89600", "2015-10-31": "0.90100", "2015-07-31": "0.90900", "2015-04-30": "0.91700", "2015-01-31": "0.91900", "2014-10-31": "0.92300", "2014-07-31": "0.93400", "2014-04-30": "0.94200", "2014-01-31": "0.94100", "2013-10-31": "0.94400", "2013-07-31": "0.95900", "2013-04-30": "0.97300", "2013-01-31": "0.97700", "2012-10-31": "0.98100", "2012-07-31": "0.98700", "2012-04-30": "0.99400", "2012-01-31": "1.00500", "2011-10-31": "1.03000", "2011-07-31": "1.04000", "2011-04-30": "1.04700", "2011-01-31": "1.04900", "2010-10-31": "1.05400", "2010-07-31": "1.06500", "2010-04-30": "1.07900", "2010-01-31": "1.07000", "2009-10-31": "1.05900", "2009-07-31": "1.05700", "2009-04-30": "1.05700", "2009-01-31": "1.05700", "2008-10-31": "1.05600", "2008-07-31": "1.05600", "2008-04-30": "1.05500", "2008-01-31": "1.05400", "2007-10-31": "1.07100", "2007-07-31": "1.08500", "2007-04-30": "1.10600", "2007-01-31": "1.09900", "2006-10-31": "1.12800", "2006-07-31": "1.13500", "2006-04-30": "1.15100", "2006-01-31": "1.14800", "2005-10-31": "1.15200", "2005-07-31": "1.16400", "2005-04-30": "1.15700", "2005-01-31": "1.15400"}, "Retained Earnings (Accumulated Deficit)": {"2020-10-31": "792.19600", "2020-07-31": "736.77200", "2020-04-30": "641.91700", "2020-01-31": "644.79400", "2019-10-31": "550.77400", "2019-07-31": "552.45400", "2019-04-30": "564.12700", "2019-01-31": "584.33300", "2018-10-31": "532.17200", "2018-07-31": "528.36800", "2018-04-30": "638.77400", "2018-01-31": "647.42200", "2017-10-31": "623.17000", "2017-07-31": "640.36800", "2017-04-30": "671.75800", "2017-01-31": "701.70200", "2016-10-31": "623.24300", "2016-07-31": "622.60800", "2016-04-30": "636.98600", "2016-01-31": "668.54500", "2015-10-31": "585.92800", "2015-07-31": "615.19300", "2015-04-30": "662.67100", "2015-01-31": "701.21400", "2014-10-31": "612.61100", "2014-07-31": "657.72100", "2014-04-30": "693.67000", "2014-01-31": "729.04300", "2013-10-31": "646.45000", "2013-07-31": "699.01200", "2013-04-30": "761.33600", "2013-01-31": "790.91200", "2012-10-31": "707.32300", "2012-07-31": "708.85500", "2012-04-30": "715.68400", "2012-01-31": "762.94700", "2011-10-31": "753.19600", "2011-07-31": "755.67200", "2011-04-30": "762.79000", "2011-01-31": "777.93900", "2010-10-31": "720.39900", "2010-07-31": "732.29000", "2010-04-30": "756.52100", "2010-01-31": "751.29000", "2009-10-31": "675.84200", "2009-07-31": "681.11200", "2009-04-30": "693.53100", "2009-01-31": "725.05200", "2008-10-31": "725.67400", "2008-07-31": "749.48300", "2008-04-30": "743.90300", "2008-01-31": "746.20100", "2007-10-31": "675.98300", "2007-07-31": "704.03400", "2007-04-30": "768.98200", "2007-01-31": "784.32500", "2006-10-31": "766.17900", "2006-07-31": "766.64100", "2006-04-30": "802.12000", "2006-01-31": "791.32900", "2005-10-31": "701.18400", "2005-07-31": "710.04100", "2005-04-30": "679.21800", "2005-01-31": "664.61900"}, "Comprehensive Income": {"2020-10-31": "-13.84300", "2020-07-31": "-12.92100", "2020-04-30": "-19.35100", "2020-01-31": "-14.58700", "2019-10-31": "-13.70800", "2019-07-31": "-15.48800", "2019-04-30": "-13.94500", "2019-01-31": "-11.07300", "2018-10-31": "-11.75700", "2018-07-31": "-9.74200", "2018-04-30": "-6.75500", "2018-01-31": "-6.78200", "2017-10-31": "-8.31400", "2017-07-31": "-8.59900", "2017-04-30": "-10.83000", "2017-01-31": "-9.90300", "2016-10-31": "-10.77200", "2016-07-31": "-9.86000", "2016-04-30": "-7.87500", "2016-01-31": "-10.61600", "2015-10-31": "-7.12700", "2015-07-31": "-5.62500", "2015-04-30": "-2.25700", "2015-01-31": "-2.54800", "2014-10-31": "5.20300", "2014-07-31": "7.74100", "2014-04-30": "7.39100", "2014-01-31": "6.52400", "2013-10-31": "10.28900", "2013-07-31": "9.26000", "2013-04-30": "12.11600", "2013-01-31": "13.63300", "2012-10-31": "13.61500", "2012-07-31": "12.28900", "2012-04-30": "13.66300", "2012-01-31": "12.59000", "2011-10-31": "13.26600", "2011-07-31": "15.45100", "2011-04-30": "15.37700", "2011-01-31": "12.99000", "2010-10-31": "11.89800", "2010-07-31": "11.19600", "2010-04-30": "12.08200", "2010-01-31": "10.38700", "2009-10-31": "10.26800", "2009-07-31": "9.42600", "2009-04-30": "6.61700", "2009-01-31": "5.50900", "2008-10-31": "7.04300", "2008-07-31": "14.10000", "2008-04-30": "14.48500", "2008-01-31": "15.25100", "2007-10-31": "15.87100", "2007-07-31": "13.55000", "2007-04-30": "10.57000", "2007-01-31": "7.78400", "2006-10-31": "9.67200", "2006-07-31": "9.12100", "2006-04-30": "9.56500", "2006-01-31": "7.69500", "2005-10-31": "7.26500", "2005-07-31": "6.04400", "2005-04-30": "5.29800", "2005-01-31": "5.16900"}, "Other Share Holders Equity": {"2020-10-31": "", "2020-07-31": "", "2020-04-30": "", "2020-01-31": "", "2019-10-31": "", "2019-07-31": "", "2019-04-30": "", "2019-01-31": "", "2018-10-31": "", "2018-07-31": "", "2018-04-30": "", "2018-01-31": "", "2017-10-31": "", "2017-07-31": "", "2017-04-30": "", "2017-01-31": "", "2016-10-31": "", "2016-07-31": "", "2016-04-30": "", "2016-01-31": "", "2015-10-31": "", "2015-07-31": "", "2015-04-30": "", "2015-01-31": "", "2014-10-31": "", "2014-07-31": "", "2014-04-30": "", "2014-01-31": "", "2013-10-31": "", "2013-07-31": "", "2013-04-30": "", "2013-01-31": "", "2012-10-31": "", "2012-07-31": "", "2012-04-30": "", "2012-01-31": "", "2011-10-31": "", "2011-07-31": "", "2011-04-30": "", "2011-01-31": "", "2010-10-31": "", "2010-07-31": "", "2010-04-30": "", "2010-01-31": "", "2009-10-31": "", "2009-07-31": "", "2009-04-30": "", "2009-01-31": "", "2008-10-31": "", "2008-07-31": "", "2008-04-30": "", "2008-01-31": "", "2007-10-31": "", "2007-07-31": "", "2007-04-30": "", "2007-01-31": "", "2006-10-31": "", "2006-07-31": "", "2006-04-30": "", "2006-01-31": "", "2005-10-31": "", "2005-07-31": "", "2005-04-30": "", "2005-01-31": ""}, "Share Holder Equity": {"2020-10-31": "1401.90200", "2020-07-31": "1332.92200", "2020-04-30": "1218.92900", "2020-01-31": "1235.86000", "2019-10-31": "1131.89300", "2019-07-31": "1121.60300", "2019-04-30": "1121.76800", "2019-01-31": "1155.71400", "2018-10-31": "1091.93700", "2018-07-31": "1080.98800", "2018-04-30": "1197.23400", "2018-01-31": "1203.56600", "2017-10-31": "1172.17400", "2017-07-31": "1188.52400", "2017-04-30": "1210.15100", "2017-01-31": "1248.22000", "2016-10-31": "1159.48200", "2016-07-31": "1154.81200", "2016-04-30": "1162.85600", "2016-01-31": "1198.22600", "2015-10-31": "1116.53300", "2015-07-31": "1141.37600", "2015-04-30": "1186.63200", "2015-01-31": "1224.70600", "2014-10-31": "1136.37500", "2014-07-31": "1178.40900", "2014-04-30": "1208.29200", "2014-01-31": "1256.00200", "2013-10-31": "1170.04500", "2013-07-31": "1219.37500", "2013-04-30": "1282.21800", "2013-01-31": "1309.13800", "2012-10-31": "1217.85700", "2012-07-31": "1210.46700", "2012-04-30": "1216.23400", "2012-01-31": "1255.26200", "2011-10-31": "1247.78400", "2011-07-31": "1250.18700", "2011-04-30": "1250.71200", "2011-01-31": "1258.86300", "2010-10-31": "1199.28800", "2010-07-31": "1206.65700", "2010-04-30": "1230.39500", "2010-01-31": "1211.59500", "2009-10-31": "1118.70200", "2009-07-31": "1115.69100", "2009-04-30": "1122.41500", "2009-01-31": "1147.98400", "2008-10-31": "1145.13400", "2008-07-31": "1182.44100", "2008-04-30": "1170.72100", "2008-01-31": "1165.72300", "2007-10-31": "1092.48300", "2007-07-31": "1115.80100", "2007-04-30": "1165.22400", "2007-01-31": "1151.43100", "2006-10-31": "1136.05500", "2006-07-31": "1129.79300", "2006-04-30": "1155.21500", "2006-01-31": "1125.31800", "2005-10-31": "1027.29000", "2005-07-31": "1035.66500", "2005-04-30": "987.35500", "2005-01-31": "957.66200"}, "Total Liabilities And Share Holders Equity": {"2020-10-31": "4310.67900", "2020-07-31": "4487.29600", "2020-04-30": "4418.11500", "2020-01-31": "4054.04200", "2019-10-31": "3963.82400", "2019-07-31": "3869.68100", "2019-04-30": "3788.36500", "2019-01-31": "2812.84400", "2018-10-31": "2718.75900", "2018-07-31": "2607.97700", "2018-04-30": "2656.90500", "2018-01-31": "2785.74900", "2017-10-31": "2580.38400", "2017-07-31": "2479.86000", "2017-04-30": "2391.17700", "2017-01-31": "2476.87900", "2016-10-31": "2453.33200", "2016-07-31": "2373.56400", "2016-04-30": "2290.36800", "2016-01-31": "2417.42700", "2015-10-31": "2435.67600", "2015-07-31": "2395.97100", "2015-04-30": "2251.08900", "2015-01-31": "2330.27700", "2014-10-31": "2303.94700", "2014-07-31": "2163.54800", "2014-04-30": "2168.10000", "2014-01-31": "2336.73400", "2013-10-31": "2226.44200", "2013-07-31": "2124.17800", "2013-04-30": "2063.21900", "2013-01-31": "2187.67900", "2012-10-31": "2023.42200", "2012-07-31": "1989.88400", "2012-04-30": "1969.56600", "2012-01-31": "2060.83800", "2011-10-31": "2051.16400", "2011-07-31": "2010.12400", "2011-04-30": "1996.75100", "2011-01-31": "2131.76200", "2010-10-31": "2035.17200", "2010-07-31": "1995.49300", "2010-04-30": "1996.76000", "2010-01-31": "2079.16900", "2009-10-31": "1911.69200", "2009-07-31": "1853.86000", "2009-04-30": "1854.46900", "2009-01-31": "1935.46400", "2008-10-31": "2006.11900", "2008-07-31": "2005.05000", "2008-04-30": "2059.54200", "2008-01-31": "2093.85400", "2007-10-31": "2057.87200", "2007-07-31": "1967.38800", "2007-04-30": "1937.32600", "2007-01-31": "2048.33100", "2006-10-31": "1957.28600", "2006-07-31": "1910.21100", "2006-04-30": "1919.01100", "2006-01-31": "1981.62000", "2005-10-31": "1789.87500", "2005-07-31": "1751.63800", "2005-04-30": "1702.24300", "2005-01-31": "1745.54500"}}, "cash flow statement": {"Net Income/Loss": {"2020-01-31": "356.06200", "2019-01-31": "333.68400", "2018-01-31": "259.54500", "2017-01-31": "305.38700", "2016-01-31": "310.06800", "2015-01-31": "308.85400", "2014-01-31": "278.90200", "2013-01-31": "256.73000", "2012-01-31": "236.93100", "2011-01-31": "200.22700", "2010-01-31": "77.44200", "2009-01-31": "30.02400", "2008-01-31": "195.75700", "2007-01-31": "208.86800", "2006-01-31": "214.86600", "2005-01-31": "191.23400"}, "Total Depreciation And Amortization - Cash Flow": {"2020-01-31": "180.04500", "2019-01-31": "162.60900", "2018-01-31": "157.70500", "2017-01-31": "147.98300", "2016-01-31": "143.03900", "2015-01-31": "137.85400", "2014-01-31": "124.41300", "2013-01-31": "107.75900", "2012-01-31": "103.00600", "2011-01-31": "107.51500", "2010-01-31": "114.99700", "2009-01-31": "116.81700", "2008-01-31": "111.30100", "2007-01-31": "106.34800", "2006-01-31": "98.29000", "2005-01-31": "89.09400"}, "Other Non-Cash Items": {"2020-01-31": "279.14500", "2019-01-31": "93.07100", "2018-01-31": "108.12300", "2017-01-31": "59.94900", "2016-01-31": "38.50700", "2015-01-31": "47.78100", "2014-01-31": "13.28200", "2013-01-31": "30.44300", "2012-01-31": "41.93700", "2011-01-31": "53.72100", "2010-01-31": "35.24400", "2009-01-31": "41.08300", "2008-01-31": "3.48300", "2007-01-31": "-4.28000", "2006-01-31": "7.44200", "2005-01-31": "8.24600"}, "Total Non-Cash Items": {"2020-01-31": "459.19000", "2019-01-31": "255.68000", "2018-01-31": "265.82800", "2017-01-31": "207.93200", "2016-01-31": "181.54600", "2015-01-31": "185.63500", "2014-01-31": "137.69500", "2013-01-31": "138.20200", "2012-01-31": "144.94300", "2011-01-31": "161.23600", "2010-01-31": "150.24100", "2009-01-31": "157.90000", "2008-01-31": "114.78400", "2007-01-31": "102.06800", "2006-01-31": "105.73200", "2005-01-31": "97.34000"}, "Change In Accounts Receivable": {"2020-01-31": "-5.03400", "2019-01-31": "-15.32900", "2018-01-31": "0.14900", "2017-01-31": "-9.79400", "2016-01-31": "-12.84900", "2015-01-31": "-9.36600", "2014-01-31": "0.78600", "2013-01-31": "-16.40800", "2012-01-31": "-4.76300", "2011-01-31": "3.47700", "2010-01-31": "-6.62000", "2009-01-31": "9.57900", "2008-01-31": "2.09100", "2007-01-31": "1.07000", "2006-01-31": "-6.82900", "2005-01-31": "-10.90000"}, "Change In Inventories": {"2020-01-31": "24.21900", "2019-01-31": "-70.33100", "2018-01-31": "-80.23500", "2017-01-31": "4.49300", "2016-01-31": "-92.64700", "2015-01-31": "-76.96400", "2014-01-31": "-174.66400", "2013-01-31": "-85.98100", "2012-01-31": "-34.85300", "2011-01-31": "-46.46400", "2010-01-31": "108.33200", "2009-01-31": "118.67900", "2008-01-31": "-81.46900", "2007-01-31": "-90.59800", "2006-01-31": "-67.47400", "2005-01-31": "-48.01700"}, "Change In Accounts Payable": {"2020-01-31": "-11.05100", "2019-01-31": "62.37700", "2018-01-31": "2.54900", "2017-01-31": "4.27600", "2016-01-31": "60.50700", "2015-01-31": "4.45500", "2014-01-31": "135.09500", "2013-01-31": "22.46100", "2012-01-31": "-21.15400", "2011-01-31": "35.94600", "2010-01-31": "29.20200", "2009-01-31": "-27.53200", "2008-01-31": "-30.06800", "2007-01-31": "11.98100", "2006-01-31": "14.36500", "2005-01-31": "17.77300"}, "Change In Assets/Liabilities": {"2020-01-31": "-230.08600", "2019-01-31": "9.13700", "2018-01-31": "8.73000", "2017-01-31": "36.50600", "2016-01-31": "62.98800", "2015-01-31": "57.25000", "2014-01-31": "24.84200", "2013-01-31": "20.62400", "2012-01-31": "5.82200", "2011-01-31": "-11.43900", "2010-01-31": "41.75200", "2009-01-31": "50.88000", "2008-01-31": "47.67400", "2007-01-31": "63.75100", "2006-01-31": "60.35400", "2005-01-31": "39.59500"}, "Total Change In Assets/Liabilities": {"2020-01-31": "-207.95800", "2019-01-31": "-3.37800", "2018-01-31": "-25.66900", "2017-01-31": "11.39000", "2016-01-31": "52.41200", "2015-01-31": "-32.79200", "2014-01-31": "37.17200", "2013-01-31": "-30.80500", "2012-01-31": "-90.54000", "2011-01-31": "-5.47400", "2010-01-31": "263.03500", "2009-01-31": "42.23900", "2008-01-31": "-65.00200", "2007-01-31": "-1.82200", "2006-01-31": "27.77500", "2005-01-31": "15.86300"}, "Cash Flow From Operating Activities": {"2020-01-31": "607.29400", "2019-01-31": "585.98600", "2018-01-31": "499.70400", "2017-01-31": "524.70900", "2016-01-31": "544.02600", "2015-01-31": "461.69700", "2014-01-31": "453.76900", "2013-01-31": "364.12700", "2012-01-31": "291.33400", "2011-01-31": "355.98900", "2010-01-31": "490.71800", "2009-01-31": "230.16300", "2008-01-31": "245.53900", "2007-01-31": "309.11400", "2006-01-31": "348.37300", "2005-01-31": "304.43700"}, "Net Change In Property, Plant, And Equipment": {"2020-01-31": "-186.27600", "2019-01-31": "-190.10200", "2018-01-31": "-189.71200", "2017-01-31": "-197.41400", "2016-01-31": "-202.93500", "2015-01-31": "-204.80000", "2014-01-31": "-193.95300", "2013-01-31": "-205.40400", "2012-01-31": "-130.35300", "2011-01-31": "-61.90600", "2010-01-31": "-71.23000", "2009-01-31": "-144.53200", "2008-01-31": "-211.73900", "2007-01-31": "-190.98000", "2006-01-31": "-151.78800", "2005-01-31": "-181.45300"}, "Net Change In Intangible Assets": {"2020-01-31": "", "2019-01-31": "", "2018-01-31": "", "2017-01-31": "", "2016-01-31": "", "2015-01-31": "", "2014-01-31": "", "2013-01-31": "", "2012-01-31": "", "2011-01-31": "", "2010-01-31": "", "2009-01-31": "", "2008-01-31": "", "2007-01-31": "", "2006-01-31": "", "2005-01-31": ""}, "Net Acquisitions/Divestitures": {"2020-01-31": "", "2019-01-31": "", "2018-01-31": "-80.52800", "2017-01-31": "", "2016-01-31": "", "2015-01-31": "", "2014-01-31": "", "2013-01-31": "", "2012-01-31": "-25.36300", "2011-01-31": "", "2010-01-31": "", "2009-01-31": "", "2008-01-31": "", "2007-01-31": "", "2006-01-31": "", "2005-01-31": ""}, "Net Change In Short-term Investments": {"2020-01-31": "", "2019-01-31": "", "2018-01-31": "", "2017-01-31": "", "2016-01-31": "", "2015-01-31": "", "2014-01-31": "", "2013-01-31": "", "2012-01-31": "", "2011-01-31": "", "2010-01-31": "", "2009-01-31": "", "2008-01-31": "", "2007-01-31": "", "2006-01-31": "", "2005-01-31": ""}, "Net Change In Long-Term Investments": {"2020-01-31": "", "2019-01-31": "", "2018-01-31": "", "2017-01-31": "", "2016-01-31": "", "2015-01-31": "", "2014-01-31": "", "2013-01-31": "", "2012-01-31": "", "2011-01-31": "", "2010-01-31": "", "2009-01-31": "", "2008-01-31": "", "2007-01-31": "0.58900", "2006-01-31": "", "2005-01-31": ""}, "Net Change In Investments - Total": {"2020-01-31": "", "2019-01-31": "", "2018-01-31": "", "2017-01-31": "", "2016-01-31": "", "2015-01-31": "", "2014-01-31": "", "2013-01-31": "", "2012-01-31": "", "2011-01-31": "", "2010-01-31": "", "2009-01-31": "", "2008-01-31": "", "2007-01-31": "0.58900", "2006-01-31": "", "2005-01-31": ""}, "Investing Activities - Other": {"2020-01-31": "0.72800", "2019-01-31": "2.20300", "2018-01-31": "0.48000", "2017-01-31": "0.43900", "2016-01-31": "0.76900", "2015-01-31": "16.20000", "2014-01-31": "3.32900", "2013-01-31": "-1.41100", "2012-01-31": "-1.98800", "2011-01-31": "-2.08900", "2010-01-31": "", "2009-01-31": "0.49300", "2008-01-31": "14.48900", "2007-01-31": "1.10400", "2006-01-31": "", "2005-01-31": ""}, "Cash Flow From Investing Activities": {"2020-01-31": "-185.54800", "2019-01-31": "-187.89900", "2018-01-31": "-269.76000", "2017-01-31": "-196.97500", "2016-01-31": "-202.16600", "2015-01-31": "-188.60000", "2014-01-31": "-190.62400", "2013-01-31": "-206.81500", "2012-01-31": "-157.70400", "2011-01-31": "-63.99500", "2010-01-31": "-71.23000", "2009-01-31": "-144.03900", "2008-01-31": "-197.25000", "2007-01-31": "-189.28700", "2006-01-31": "-151.78800", "2005-01-31": "-181.45300"}, "Net Long-Term Debt": {"2020-01-31": "", "2019-01-31": "", "2018-01-31": "300.00000", "2017-01-31": "", "2016-01-31": "-1.96800", "2015-01-31": "-1.78500", "2014-01-31": "-1.72400", "2013-01-31": "-1.79600", "2012-01-31": "-1.62600", "2011-01-31": "-1.58700", "2010-01-31": "-14.70200", "2009-01-31": "-1.61700", "2008-01-31": "-2.70300", "2007-01-31": "-4.67900", "2006-01-31": "-9.23500", "2005-01-31": "5.21100"}, "Net Current Debt": {"2020-01-31": "", "2019-01-31": "", "2018-01-31": "", "2017-01-31": "", "2016-01-31": "", "2015-01-31": "", "2014-01-31": "", "2013-01-31": "", "2012-01-31": "", "2011-01-31": "", "2010-01-31": "", "2009-01-31": "", "2008-01-31": "", "2007-01-31": "", "2006-01-31": "", "2005-01-31": ""}, "Debt Issuance/Retirement Net - Total": {"2020-01-31": "", "2019-01-31": "", "2018-01-31": "300.00000", "2017-01-31": "", "2016-01-31": "-1.96800", "2015-01-31": "-1.78500", "2014-01-31": "-1.72400", "2013-01-31": "-1.79600", "2012-01-31": "-1.62600", "2011-01-31": "-1.58700", "2010-01-31": "-14.70200", "2009-01-31": "-1.61700", "2008-01-31": "-2.70300", "2007-01-31": "-4.67900", "2006-01-31": "-9.23500", "2005-01-31": "5.21100"}, "Net Common Equity Issued/Repurchased": {"2020-01-31": "-148.83400", "2019-01-31": "-295.30400", "2018-01-31": "-196.17900", "2017-01-31": "-151.27200", "2016-01-31": "-224.99500", "2015-01-31": "-220.30000", "2014-01-31": "-232.66000", "2013-01-31": "-140.44300", "2012-01-31": "-184.81500", "2011-01-31": "-109.26400", "2010-01-31": "11.86100", "2009-01-31": "0.46100", "2008-01-31": "-162.01600", "2007-01-31": "-171.57300", "2006-01-31": "-65.91900", "2005-01-31": "-53.13000"}, "Net Total Equity Issued/Repurchased": {"2020-01-31": "-148.83400", "2019-01-31": "-295.30400", "2018-01-31": "-196.17900", "2017-01-31": "-151.27200", "2016-01-31": "-224.99500", "2015-01-31": "-220.30000", "2014-01-31": "-232.66000", "2013-01-31": "-140.44300", "2012-01-31": "-184.81500", "2011-01-31": "-109.26400", "2010-01-31": "11.86100", "2009-01-31": "0.46100", "2008-01-31": "-162.01600", "2007-01-31": "-171.57300", "2006-01-31": "-65.91900", "2005-01-31": "-53.13000"}, "Total Common And Preferred Stock Dividends Paid": {"2020-01-31": "-150.64000", "2019-01-31": "-140.32500", "2018-01-31": "-135.01000", "2017-01-31": "-133.53900", "2016-01-31": "-127.63600", "2015-01-31": "-125.75800", "2014-01-31": "-111.58100", "2013-01-31": "-87.84700", "2012-01-31": "-68.87700", "2011-01-31": "-59.16000", "2010-01-31": "-51.13200", "2009-01-31": "-50.51800", "2008-01-31": "-48.86300", "2007-01-31": "-34.43500", "2006-01-31": "", "2005-01-31": ""}, "Financial Activities - Other": {"2020-01-31": "-27.75200", "2019-01-31": "-14.43700", "2018-01-31": "-20.51800", "2017-01-31": "-20.99500", "2016-01-31": "-14.78400", "2015-01-31": "-31.17700", "2014-01-31": "-9.41100", "2013-01-31": "-6.35900", "2012-01-31": "-3.72100", "2011-01-31": "-8.30400", "2010-01-31": "-1.52500", "2009-01-31": "-0.48600", "2008-01-31": "5.10000", "2007-01-31": "4.66000", "2006-01-31": "-0.65400", "2005-01-31": "-0.28800"}, "Cash Flow From Financial Activities": {"2020-01-31": "-327.22600", "2019-01-31": "-450.06600", "2018-01-31": "-51.70700", "2017-01-31": "-305.80600", "2016-01-31": "-369.38300", "2015-01-31": "-379.02000", "2014-01-31": "-355.37600", "2013-01-31": "-236.44500", "2012-01-31": "-259.03900", "2011-01-31": "-178.31500", "2010-01-31": "-55.49800", "2009-01-31": "-52.16000", "2008-01-31": "-208.48200", "2007-01-31": "-206.02700", "2006-01-31": "-75.80800", "2005-01-31": "-48.20700"}, "Net Cash Flow": {"2020-01-31": "93.20800", "2019-01-31": "-51.18200", "2018-01-31": "176.42300", "2017-01-31": "20.06600", "2016-01-31": "-29.28000", "2015-01-31": "-107.19400", "2014-01-31": "-94.43400", "2013-01-31": "-78.20200", "2012-01-31": "-125.64600", "2011-01-31": "114.46000", "2010-01-31": "365.12100", "2009-01-31": "29.87200", "2008-01-31": "-156.47900", "2007-01-31": "-85.55300", "2006-01-31": "121.77200", "2005-01-31": "75.30000"}, "Stock-Based Compensation": {"2020-01-31": "64.16300", "2019-01-31": "59.80200", "2018-01-31": "42.98800", "2017-01-31": "51.11600", "2016-01-31": "41.35700", "2015-01-31": "44.63200", "2014-01-31": "38.78800", "2013-01-31": "31.04200", "2012-01-31": "24.33600", "2011-01-31": "26.63000", "2010-01-31": "24.98900", "2009-01-31": "12.13100", "2008-01-31": "26.81200", "2007-01-31": "26.81300", "2006-01-31": "0.44000", "2005-01-31": ""}, "Common Stock Dividends Paid": {"2020-01-31": "-150.64000", "2019-01-31": "-140.32500", "2018-01-31": "-135.01000", "2017-01-31": "-133.53900", "2016-01-31": "-127.63600", "2015-01-31": "-125.75800", "2014-01-31": "-111.58100", "2013-01-31": "-87.84700", "2012-01-31": "-68.87700", "2011-01-31": "-59.16000", "2010-01-31": "-51.13200", "2009-01-31": "-50.51800", "2008-01-31": "-48.86300", "2007-01-31": "-34.43500", "2006-01-31": "", "2005-01-31": ""}}, "cash flow statement, quarterly": {"Net Income/Loss": {"2020-10-31": 201.772, "2020-07-31": 134.564, "2020-04-30": "35.42300", "2020-01-31": 166.045, "2019-10-31": 74.713, "2019-07-31": 62.648, "2019-04-30": "52.65600", "2019-01-31": 155.338, "2018-10-31": 81.465, "2018-07-31": 51.713, "2018-04-30": "45.16800", "2018-01-31": 95.76, "2017-10-31": 71.313, "2017-07-31": 52.917, "2017-04-30": "39.55500", "2017-01-31": 144.627, "2016-10-31": 69.378, "2016-07-31": 51.785, "2016-04-30": "39.59700", "2016-01-31": 141.128, "2015-10-31": 70.482, "2015-07-31": 53.668, "2015-04-30": "44.79000", "2015-01-31": 147.037, "2014-10-31": 64.908, "2014-07-31": 50.747, "2014-04-30": "46.16200", "2014-01-31": 133.798, "2013-10-31": 56.719, "2013-07-31": 48.919, "2013-04-30": "39.46600", "2013-01-31": 133.734, "2012-10-31": 48.9, "2012-07-31": 43.38, "2012-04-30": "30.71600", "2012-01-31": 122.586, "2011-10-31": 43.421, "2011-07-31": 39.309, "2011-04-30": "31.61500", "2011-01-31": 113.4, "2010-10-31": 36.53, "2010-07-31": 30.759, "2010-04-30": "19.53800", "2010-01-31": 88.421, "2009-10-31": 7.327, "2009-07-31": 0.399, "2009-04-30": "-18.70500", "2009-01-31": 12.191, "2008-10-31": -10.998, "2008-07-31": 18.384, "2008-04-30": "10.44700", "2008-01-31": 124.564, "2007-10-31": 27.077, "2007-07-31": 25.966, "2007-04-30": "18.15000", "2007-01-31": 121.064, "2006-10-31": 29.142, "2006-07-31": 35.563, "2006-04-30": "23.09900", "2006-01-31": 120.784, "2005-10-31": 37.086, "2005-07-31": 30.823, "2005-04-30": "26.17300", "2005-01-31": 191.234}, "Total Depreciation And Amortization - Cash Flow": {"2020-10-31": 45.657, "2020-07-31": 45.326, "2020-04-30": "44.81900", "2020-01-31": 45.535, "2019-10-31": 44.994, "2019-07-31": 44.984, "2019-04-30": "44.53200", "2019-01-31": 41.17, "2018-10-31": 40.84, "2018-07-31": 39.45, "2018-04-30": "41.14900", "2018-01-31": 41.219, "2017-10-31": 39.118, "2017-07-31": 38.895, "2017-04-30": "38.47300", "2017-01-31": 39.027, "2016-10-31": 38.137, "2016-07-31": 35.566, "2016-04-30": "35.25300", "2016-01-31": 36.272, "2015-10-31": 35.609, "2015-07-31": 35.679, "2015-04-30": "35.47900", "2015-01-31": 35.296, "2014-10-31": 35.709, "2014-07-31": 34.001, "2014-04-30": "32.84800", "2014-01-31": 32.056, "2013-10-31": 31.146, "2013-07-31": 30.955, "2013-04-30": "30.25600", "2013-01-31": 28.891, "2012-10-31": 26.729, "2012-07-31": 25.908, "2012-04-30": "26.23100", "2012-01-31": 25.061, "2011-10-31": 26.045, "2011-07-31": 25.961, "2011-04-30": "25.93900", "2011-01-31": 26.905, "2010-10-31": 26.437, "2010-07-31": 27.081, "2010-04-30": "27.09200", "2010-01-31": 27.78, "2009-10-31": 29.392, "2009-07-31": 29.321, "2009-04-30": "28.50400", "2009-01-31": 29.848, "2008-10-31": 29.117, "2008-07-31": 28.572, "2008-04-30": "29.28000", "2008-01-31": 30.02, "2007-10-31": 26.427, "2007-07-31": 27.266, "2007-04-30": "27.58800", "2007-01-31": 28.306, "2006-10-31": 26.498, "2006-07-31": 26.046, "2006-04-30": "25.49800", "2006-01-31": 25.262, "2005-10-31": 12.269, "2005-07-31": 36.74, "2005-04-30": "24.01900", "2005-01-31": 89.094}, "Other Non-Cash Items": {"2020-10-31": 71.852, "2020-07-31": 78.238, "2020-04-30": "99.73300", "2020-01-31": 66.084, "2019-10-31": 66.455, "2019-07-31": 65.963, "2019-04-30": "80.64300", "2019-01-31": 24.686, "2018-10-31": 31.931, "2018-07-31": 20.202, "2018-04-30": "16.25200", "2018-01-31": 73.521, "2017-10-31": 5.252, "2017-07-31": 9.196, "2017-04-30": "20.15400", "2017-01-31": 16.476, "2016-10-31": 8.678, "2016-07-31": 8.134, "2016-04-30": "26.66100", "2016-01-31": -3.118, "2015-10-31": 8.992, "2015-07-31": 10.528, "2015-04-30": "22.10500", "2015-01-31": -0.893, "2014-10-31": 10.289, "2014-07-31": 7.997, "2014-04-30": "30.38800", "2014-01-31": -13.949, "2013-10-31": 7.903, "2013-07-31": 8.269, "2013-04-30": "11.05900", "2013-01-31": 7.767, "2012-10-31": 6.083, "2012-07-31": 7.894, "2012-04-30": "8.69900", "2012-01-31": 23.594, "2011-10-31": 4.234, "2011-07-31": 5.421, "2011-04-30": "8.68800", "2011-01-31": 29.221, "2010-10-31": 7.548, "2010-07-31": 2.436, "2010-04-30": "14.51600", "2010-01-31": 2.423, "2009-10-31": 16.182, "2009-07-31": 8.666, "2009-04-30": "7.97300", "2009-01-31": 31.209, "2008-10-31": 11.521, "2008-07-31": -7.962, "2008-04-30": "6.31500", "2008-01-31": -21.213, "2007-10-31": 8.834, "2007-07-31": 20.576, "2007-04-30": "-4.71400", "2007-01-31": -25.109, "2006-10-31": 4.023, "2006-07-31": 8.51, "2006-04-30": "8.29600", "2006-01-31": -9.13, "2005-10-31": 15.267, "2005-07-31": -4.382, "2005-04-30": "5.68700", "2005-01-31": 8.246}, "Total Non-Cash Items": {"2020-10-31": 117.509, "2020-07-31": 123.564, "2020-04-30": "144.55200", "2020-01-31": 111.619, "2019-10-31": 111.449, "2019-07-31": 110.947, "2019-04-30": "125.17500", "2019-01-31": 65.856, "2018-10-31": 72.771, "2018-07-31": 59.652, "2018-04-30": "57.40100", "2018-01-31": 114.74, "2017-10-31": 44.37, "2017-07-31": 48.091, "2017-04-30": "58.62700", "2017-01-31": 55.503, "2016-10-31": 46.815, "2016-07-31": 43.7, "2016-04-30": "61.91400", "2016-01-31": 33.154, "2015-10-31": 44.601, "2015-07-31": 46.207, "2015-04-30": "57.58400", "2015-01-31": 34.403, "2014-10-31": 45.998, "2014-07-31": 41.998, "2014-04-30": "63.23600", "2014-01-31": 18.107, "2013-10-31": 39.049, "2013-07-31": 39.224, "2013-04-30": "41.31500", "2013-01-31": 36.658, "2012-10-31": 32.812, "2012-07-31": 33.802, "2012-04-30": "34.93000", "2012-01-31": 48.655, "2011-10-31": 30.279, "2011-07-31": 31.382, "2011-04-30": "34.62700", "2011-01-31": 56.126, "2010-10-31": 33.985, "2010-07-31": 29.517, "2010-04-30": "41.60800", "2010-01-31": 30.203, "2009-10-31": 45.574, "2009-07-31": 37.987, "2009-04-30": "36.47700", "2009-01-31": 61.057, "2008-10-31": 40.638, "2008-07-31": 20.61, "2008-04-30": "35.59500", "2008-01-31": 8.807, "2007-10-31": 35.261, "2007-07-31": 47.842, "2007-04-30": "22.87400", "2007-01-31": 3.197, "2006-10-31": 30.521, "2006-07-31": 34.556, "2006-04-30": "33.79400", "2006-01-31": 16.132, "2005-10-31": 27.536, "2005-07-31": 32.358, "2005-04-30": "29.70600", "2005-01-31": 97.34}, "Change In Accounts Receivable": {"2020-10-31": -1.277, "2020-07-31": -25.69, "2020-04-30": "8.95000", "2020-01-31": -2.192, "2019-10-31": 1.588, "2019-07-31": -9.114, "2019-04-30": "4.68400", "2019-01-31": 6.522, "2018-10-31": -8.284, "2018-07-31": -4.011, "2018-04-30": "-9.55600", "2018-01-31": 2.49, "2017-10-31": -12.999, "2017-07-31": -13.952, "2017-04-30": "24.61000", "2017-01-31": 7.606, "2016-10-31": 1.621, "2016-07-31": -22.802, "2016-04-30": "3.78100", "2016-01-31": 9.026, "2015-10-31": -7.021, "2015-07-31": -17.718, "2015-04-30": "2.86400", "2015-01-31": -4.911, "2014-10-31": -0.228, "2014-07-31": -9.919, "2014-04-30": "5.69200", "2014-01-31": 14.284, "2013-10-31": -12.214, "2013-07-31": -2.796, "2013-04-30": "1.51200", "2013-01-31": -3.363, "2012-10-31": -6.092, "2012-07-31": -5.326, "2012-04-30": "-1.62700", "2012-01-31": 7.763, "2011-10-31": -3.478, "2011-07-31": -8.722, "2011-04-30": "-0.32600", "2011-01-31": 0.273, "2010-10-31": -3.141, "2010-07-31": -3.343, "2010-04-30": "9.68800", "2010-01-31": -1.988, "2009-10-31": -1.831, "2009-07-31": 2.236, "2009-04-30": "-5.03700", "2009-01-31": 9.584, "2008-10-31": 15.378, "2008-07-31": -2.344, "2008-04-30": "-13.03900", "2008-01-31": 10.001, "2007-10-31": 6.578, "2007-07-31": -20.131, "2007-04-30": "5.64300", "2007-01-31": 7.458, "2006-10-31": 17.103, "2006-07-31": -15.625, "2006-04-30": "-7.86600", "2006-01-31": 9.196, "2005-10-31": -12.253, "2005-07-31": -0.021, "2005-04-30": "-3.75100", "2005-01-31": -10.9}, "Change In Inventories": {"2020-10-31": -83.045, "2020-07-31": 31.542, "2020-04-30": "28.51300", "2020-01-31": 157.856, "2019-10-31": -70.061, "2019-07-31": -32.116, "2019-04-30": "-31.46000", "2019-01-31": 73.392, "2018-10-31": -98.564, "2018-07-31": -47.547, "2018-04-30": "2.38800", "2018-01-31": 117.522, "2017-10-31": -105.046, "2017-07-31": -32.465, "2017-04-30": "-60.24600", "2017-01-31": 86.903, "2016-10-31": -100.631, "2016-07-31": -19.203, "2016-04-30": "37.42400", "2016-01-31": 123.647, "2015-10-31": -71.36, "2015-07-31": -91.188, "2015-04-30": "-53.74600", "2015-01-31": 88.875, "2014-10-31": -85.681, "2014-07-31": -44.05, "2014-04-30": "-36.10800", "2014-01-31": 84.212, "2013-10-31": -161.223, "2013-07-31": -76.116, "2013-04-30": "-21.53700", "2013-01-31": 48.564, "2012-10-31": -71.767, "2012-07-31": -30.207, "2012-04-30": "-32.57100", "2012-01-31": 78.181, "2011-10-31": -70.365, "2011-07-31": -24.442, "2011-04-30": "-18.22700", "2011-01-31": 73.107, "2010-10-31": -67.411, "2010-07-31": -16.5, "2010-04-30": "-35.66000", "2010-01-31": 78.926, "2009-10-31": -27.803, "2009-07-31": 32.12, "2009-04-30": "25.08900", "2009-01-31": 121.696, "2008-10-31": -39.854, "2008-07-31": 57.04, "2008-04-30": "-20.20300", "2008-01-31": 75.611, "2007-10-31": -117.458, "2007-07-31": -11.351, "2007-04-30": "-28.27100", "2007-01-31": 50.209, "2006-10-31": -95.48, "2006-07-31": -18.164, "2006-04-30": "-27.16300", "2006-01-31": 67.177, "2005-10-31": -65.673, "2005-07-31": 0.631, "2005-04-30": "-69.60900", "2005-01-31": -48.017}, "Change In Accounts Payable": {"2020-10-31": 195.881, "2020-07-31": -48.731, "2020-04-30": "-92.87100", "2020-01-31": 81.05, "2019-10-31": 35.41, "2019-07-31": 16.888, "2019-04-30": "-144.39900", "2019-01-31": 53.688, "2018-10-31": 10.424, "2018-07-31": 75.088, "2018-04-30": "-76.82300", "2018-01-31": -5.179, "2017-10-31": 44.645, "2017-07-31": 28.566, "2017-04-30": "-65.48300", "2017-01-31": 21.679, "2016-10-31": 54.211, "2016-07-31": 41.896, "2016-04-30": "-113.51000", "2016-01-31": 70.686, "2015-10-31": -25.804, "2015-07-31": 40.655, "2015-04-30": "-25.03000", "2015-01-31": -3.738, "2014-10-31": 68.72, "2014-07-31": -41.251, "2014-04-30": "-19.27600", "2014-01-31": -28.497, "2013-10-31": 111.256, "2013-07-31": 104.681, "2013-04-30": "-52.34500", "2013-01-31": 17.629, "2012-10-31": 27.613, "2012-07-31": 2.536, "2012-04-30": "-25.31700", "2012-01-31": -3.467, "2011-10-31": 24.553, "2011-07-31": -0.193, "2011-04-30": "-42.04700", "2011-01-31": 21.402, "2010-10-31": 17.105, "2010-07-31": 3.271, "2010-04-30": "-5.83200", "2010-01-31": 15.712, "2009-10-31": 38.702, "2009-07-31": 1.759, "2009-04-30": "-26.97100", "2009-01-31": -61.483, "2008-10-31": 67.424, "2008-07-31": -12.927, "2008-04-30": "-20.54600", "2008-01-31": -38.363, "2007-10-31": 33.975, "2007-07-31": 36.237, "2007-04-30": "-61.91700", "2007-01-31": 9.041, "2006-10-31": 25.45, "2006-07-31": -1.856, "2006-04-30": "-20.65400", "2006-01-31": -8.146, "2005-10-31": 28.487, "2005-07-31": 2.921, "2005-04-30": "-8.89700", "2005-01-31": 17.773}, "Change In Assets/Liabilities": {"2020-10-31": 25.422, "2020-07-31": -93.637, "2020-04-30": "-47.88400", "2020-01-31": -43.469, "2019-10-31": -43.156, "2019-07-31": -85.006, "2019-04-30": "-58.45500", "2019-01-31": 11.565, "2018-10-31": -3.999, "2018-07-31": -8.849, "2018-04-30": "10.42000", "2018-01-31": 15.205, "2017-10-31": 16.566, "2017-07-31": -12.286, "2017-04-30": "-10.75500", "2017-01-31": 43.596, "2016-10-31": 5.778, "2016-07-31": 8.838, "2016-04-30": "-21.70600", "2016-01-31": 28.14, "2015-10-31": 7.425, "2015-07-31": 45.414, "2015-04-30": "-17.99100", "2015-01-31": 29.521, "2014-10-31": 11.005, "2014-07-31": 51.797, "2014-04-30": "-35.07300", "2014-01-31": 5.123, "2013-10-31": 28.412, "2013-07-31": -5.958, "2013-04-30": "-2.73500", "2013-01-31": 10.025, "2012-10-31": 3.533, "2012-07-31": 6.165, "2012-04-30": "0.90100", "2012-01-31": 11.709, "2011-10-31": 9.412, "2011-07-31": -5.087, "2011-04-30": "-10.21200", "2011-01-31": 18.854, "2010-10-31": 2.414, "2010-07-31": -3.067, "2010-04-30": "-29.64000", "2010-01-31": 30.33, "2009-10-31": 19.482, "2009-07-31": 11.85, "2009-04-30": "-19.91000", "2009-01-31": 32.599, "2008-10-31": -6.56, "2008-07-31": 22.652, "2008-04-30": "2.18900", "2008-01-31": 29.829, "2007-10-31": 4.9, "2007-07-31": 13.125, "2007-04-30": "-0.18000", "2007-01-31": 43.484, "2006-10-31": -6.259, "2006-07-31": 16.566, "2006-04-30": "9.96000", "2006-01-31": 27.054, "2005-10-31": 6.586, "2005-07-31": 18.641, "2005-04-30": "8.07300", "2005-01-31": 39.595}, "Total Change In Assets/Liabilities": {"2020-10-31": 190.947, "2020-07-31": -95.601, "2020-04-30": "-126.10200", "2020-01-31": 239.68, "2019-10-31": -69.576, "2019-07-31": -102.151, "2019-04-30": "-275.91100", "2019-01-31": 185.291, "2018-10-31": -94.858, "2018-07-31": -2.011, "2018-04-30": "-91.80000", "2018-01-31": 176.274, "2017-10-31": -37.888, "2017-07-31": -19.497, "2017-04-30": "-144.55800", "2017-01-31": 202.115, "2016-10-31": -27.177, "2016-07-31": 10.623, "2016-04-30": "-174.17100", "2016-01-31": 276.699, "2015-10-31": -58.843, "2015-07-31": 4.001, "2015-04-30": "-169.44500", "2015-01-31": 158.456, "2014-10-31": 0.678, "2014-07-31": -12.199, "2014-04-30": "-179.72700", "2014-01-31": 153.189, "2013-10-31": -11.156, "2013-07-31": 35.742, "2013-04-30": "-140.60300", "2013-01-31": 131.352, "2012-10-31": -58.065, "2012-07-31": -17.709, "2012-04-30": "-86.38300", "2012-01-31": 121.976, "2011-10-31": -27.852, "2011-07-31": -27.119, "2011-04-30": "-157.54500", "2011-01-31": 144.01, "2010-10-31": -18.951, "2010-07-31": 0.919, "2010-04-30": "-131.45200", "2010-01-31": 206.509, "2009-10-31": 36.696, "2009-07-31": 57.815, "2009-04-30": "-37.98500", "2009-01-31": 102.595, "2008-10-31": 13.868, "2008-07-31": 60.16, "2008-04-30": "-134.38400", "2008-01-31": 150.315, "2007-10-31": -59.257, "2007-07-31": 9.699, "2007-04-30": "-165.75900", "2007-01-31": 196.855, "2006-10-31": -49.384, "2006-07-31": -14.844, "2006-04-30": "-134.44900", "2006-01-31": 191.575, "2005-10-31": -30.055, "2005-07-31": 8.682, "2005-04-30": "-142.42700", "2005-01-31": 15.863}, "Cash Flow From Operating Activities": {"2020-10-31": 510.228, "2020-07-31": 162.527, "2020-04-30": "53.87300", "2020-01-31": 517.344, "2019-10-31": 116.586, "2019-07-31": 71.444, "2019-04-30": "-98.08000", "2019-01-31": 406.485, "2018-10-31": 59.378, "2018-07-31": 109.354, "2018-04-30": "10.76900", "2018-01-31": 386.774, "2017-10-31": 77.795, "2017-07-31": 81.511, "2017-04-30": "-46.37600", "2017-01-31": 402.245, "2016-10-31": 89.016, "2016-07-31": 106.108, "2016-04-30": "-72.66000", "2016-01-31": 450.981, "2015-10-31": 56.24, "2015-07-31": 103.876, "2015-04-30": "-67.07100", "2015-01-31": 339.896, "2014-10-31": 111.584, "2014-07-31": 80.546, "2014-04-30": "-70.32900", "2014-01-31": 305.094, "2013-10-31": 84.612, "2013-07-31": 123.885, "2013-04-30": "-59.82200", "2013-01-31": 301.744, "2012-10-31": 23.647, "2012-07-31": 59.473, "2012-04-30": "-20.73700", "2012-01-31": 293.217, "2011-10-31": 45.848, "2011-07-31": 43.572, "2011-04-30": "-91.30300", "2011-01-31": 313.536, "2010-10-31": 51.564, "2010-07-31": 61.195, "2010-04-30": "-70.30600", "2010-01-31": 325.133, "2009-10-31": 89.597, "2009-07-31": 96.201, "2009-04-30": "-20.21300", "2009-01-31": 175.843, "2008-10-31": 43.508, "2008-07-31": 99.154, "2008-04-30": "-88.34200", "2008-01-31": 283.686, "2007-10-31": 3.081, "2007-07-31": 83.507, "2007-04-30": "-124.73500", "2007-01-31": 321.116, "2006-10-31": 10.279, "2006-07-31": 55.275, "2006-04-30": "-77.55600", "2006-01-31": 328.491, "2005-10-31": 34.567, "2005-07-31": 71.863, "2005-04-30": "-86.54800", "2005-01-31": 304.437}, "Net Change In Property, Plant, And Equipment": {"2020-10-31": -48.762, "2020-07-31": -33.802, "2020-04-30": "-42.32100", "2020-01-31": -65.122, "2019-10-31": -43.965, "2019-07-31": -41.041, "2019-04-30": "-36.14800", "2019-01-31": -61.776, "2018-10-31": -48.305, "2018-07-31": -45.992, "2018-04-30": "-34.02900", "2018-01-31": -53.891, "2017-10-31": -53.094, "2017-07-31": -50.574, "2017-04-30": "-32.15300", "2017-01-31": -70.245, "2016-10-31": -49.292, "2016-07-31": -49.728, "2016-04-30": "-28.14900", "2016-01-31": -66.866, "2015-10-31": -49.22, "2015-07-31": -46.465, "2015-04-30": "-40.38400", "2015-01-31": -73.13, "2014-10-31": -48.151, "2014-07-31": -45.4, "2014-04-30": "-38.11900", "2014-01-31": -48.717, "2013-10-31": -47.459, "2013-07-31": -50.333, "2013-04-30": "-47.44400", "2013-01-31": -89.006, "2012-10-31": -46.79, "2012-07-31": -41.789, "2012-04-30": "-27.81900", "2012-01-31": -28.098, "2011-10-31": -39.73, "2011-07-31": -40.316, "2011-04-30": "-22.20900", "2011-01-31": -15.484, "2010-10-31": -26.248, "2010-07-31": -2.743, "2010-04-30": "-17.43100", "2010-01-31": -20.839, "2009-10-31": -17.468, "2009-07-31": -12.287, "2009-04-30": "-20.63600", "2009-01-31": 13.648, "2008-10-31": -92.246, "2008-07-31": -12.453, "2008-04-30": "-53.48100", "2008-01-31": -52.59, "2007-10-31": -68.781, "2007-07-31": -58.508, "2007-04-30": "-31.86000", "2007-01-31": -46.579, "2006-10-31": -59.92, "2006-07-31": -45.466, "2006-04-30": "-39.01500", "2006-01-31": -32.431, "2005-10-31": -42.215, "2005-07-31": -42.777, "2005-04-30": "-34.36500", "2005-01-31": -181.453}, "Net Change In Intangible Assets": {"2020-10-31": 0, "2020-07-31": 0, "2020-04-30": "", "2020-01-31": 0, "2019-10-31": 0, "2019-07-31": 0, "2019-04-30": "", "2019-01-31": 0, "2018-10-31": 0, "2018-07-31": 0, "2018-04-30": "", "2018-01-31": 0, "2017-10-31": 0, "2017-07-31": 0, "2017-04-30": "", "2017-01-31": 0, "2016-10-31": 0, "2016-07-31": 0, "2016-04-30": "", "2016-01-31": 0, "2015-10-31": 0, "2015-07-31": 0, "2015-04-30": "", "2015-01-31": 0, "2014-10-31": 0, "2014-07-31": 0, "2014-04-30": "", "2014-01-31": 0, "2013-10-31": 0, "2013-07-31": 0, "2013-04-30": "", "2013-01-31": 0, "2012-10-31": 0, "2012-07-31": 0, "2012-04-30": "", "2012-01-31": 0, "2011-10-31": 0, "2011-07-31": 0, "2011-04-30": "", "2011-01-31": 0, "2010-10-31": 0, "2010-07-31": 0, "2010-04-30": "", "2010-01-31": 0, "2009-10-31": 0, "2009-07-31": 0, "2009-04-30": "", "2009-01-31": 0, "2008-10-31": 0, "2008-07-31": 0, "2008-04-30": "", "2008-01-31": 0, "2007-10-31": 0, "2007-07-31": 0, "2007-04-30": "", "2007-01-31": 0, "2006-10-31": 0, "2006-07-31": 0, "2006-04-30": "", "2006-01-31": 0, "2005-10-31": 0, "2005-07-31": 0, "2005-04-30": "", "2005-01-31": 0}, "Net Acquisitions/Divestitures": {"2020-10-31": 0, "2020-07-31": 0, "2020-04-30": "", "2020-01-31": 0, "2019-10-31": 0, "2019-07-31": 0, "2019-04-30": "", "2019-01-31": 0, "2018-10-31": 0, "2018-07-31": 0, "2018-04-30": "", "2018-01-31": -80.528, "2017-10-31": 0, "2017-07-31": 0, "2017-04-30": "", "2017-01-31": 0, "2016-10-31": 0, "2016-07-31": 0, "2016-04-30": "", "2016-01-31": 0, "2015-10-31": 0, "2015-07-31": 0, "2015-04-30": "", "2015-01-31": 0, "2014-10-31": 0, "2014-07-31": 0, "2014-04-30": "", "2014-01-31": 0, "2013-10-31": 0, "2013-07-31": 0, "2013-04-30": "", "2013-01-31": 0, "2012-10-31": 0, "2012-07-31": 0, "2012-04-30": "", "2012-01-31": -25.363, "2011-10-31": 0, "2011-07-31": 0, "2011-04-30": "", "2011-01-31": 0, "2010-10-31": 0, "2010-07-31": 0, "2010-04-30": "", "2010-01-31": 0, "2009-10-31": 0, "2009-07-31": 0, "2009-04-30": "", "2009-01-31": 0, "2008-10-31": 0, "2008-07-31": 0, "2008-04-30": "", "2008-01-31": 0, "2007-10-31": 0, "2007-07-31": 0, "2007-04-30": "", "2007-01-31": 0, "2006-10-31": 0, "2006-07-31": 0, "2006-04-30": "", "2006-01-31": 0, "2005-10-31": 0, "2005-07-31": 0, "2005-04-30": "", "2005-01-31": 0}, "Net Change In Short-term Investments": {"2020-10-31": 0, "2020-07-31": 0, "2020-04-30": "", "2020-01-31": 0, "2019-10-31": 0, "2019-07-31": 0, "2019-04-30": "", "2019-01-31": 0, "2018-10-31": 0, "2018-07-31": 0, "2018-04-30": "", "2018-01-31": 0, "2017-10-31": 0, "2017-07-31": 0, "2017-04-30": "", "2017-01-31": 0, "2016-10-31": 0, "2016-07-31": 0, "2016-04-30": "", "2016-01-31": 0, "2015-10-31": 0, "2015-07-31": 0, "2015-04-30": "", "2015-01-31": 0, "2014-10-31": 0, "2014-07-31": 0, "2014-04-30": "", "2014-01-31": 0, "2013-10-31": 0, "2013-07-31": 0, "2013-04-30": "", "2013-01-31": 0, "2012-10-31": 0, "2012-07-31": 0, "2012-04-30": "", "2012-01-31": 0, "2011-10-31": 0, "2011-07-31": 0, "2011-04-30": "", "2011-01-31": 0, "2010-10-31": 0, "2010-07-31": 0, "2010-04-30": "", "2010-01-31": 0, "2009-10-31": 0, "2009-07-31": 0, "2009-04-30": "", "2009-01-31": 0, "2008-10-31": 0, "2008-07-31": 0, "2008-04-30": "", "2008-01-31": 0, "2007-10-31": 0, "2007-07-31": 0, "2007-04-30": "", "2007-01-31": 0, "2006-10-31": 0, "2006-07-31": 0, "2006-04-30": "", "2006-01-31": 0, "2005-10-31": 0, "2005-07-31": 0, "2005-04-30": "", "2005-01-31": 0}, "Net Change In Long-Term Investments": {"2020-10-31": 0, "2020-07-31": 0, "2020-04-30": "", "2020-01-31": 0, "2019-10-31": 0, "2019-07-31": 0, "2019-04-30": "", "2019-01-31": 0, "2018-10-31": 0, "2018-07-31": 0, "2018-04-30": "", "2018-01-31": 0, "2017-10-31": 0, "2017-07-31": 0, "2017-04-30": "", "2017-01-31": 0, "2016-10-31": 0, "2016-07-31": 0, "2016-04-30": "", "2016-01-31": 0, "2015-10-31": 0, "2015-07-31": 0, "2015-04-30": "", "2015-01-31": 0, "2014-10-31": 0, "2014-07-31": 0, "2014-04-30": "", "2014-01-31": 0, "2013-10-31": 0, "2013-07-31": 0, "2013-04-30": "", "2013-01-31": 0, "2012-10-31": 0, "2012-07-31": 0, "2012-04-30": "", "2012-01-31": 0, "2011-10-31": 0, "2011-07-31": 0, "2011-04-30": "", "2011-01-31": 0, "2010-10-31": 0, "2010-07-31": 0, "2010-04-30": "", "2010-01-31": 0, "2009-10-31": 0, "2009-07-31": 0, "2009-04-30": "", "2009-01-31": 0, "2008-10-31": 0, "2008-07-31": 0, "2008-04-30": "", "2008-01-31": 0, "2007-10-31": 0, "2007-07-31": 0, "2007-04-30": "", "2007-01-31": 0.589, "2006-10-31": 0, "2006-07-31": 0, "2006-04-30": "", "2006-01-31": 0, "2005-10-31": 0, "2005-07-31": 0, "2005-04-30": "", "2005-01-31": 0}, "Net Change In Investments - Total": {"2020-10-31": 0, "2020-07-31": 0, "2020-04-30": "", "2020-01-31": 0, "2019-10-31": 0, "2019-07-31": 0, "2019-04-30": "", "2019-01-31": 0, "2018-10-31": 0, "2018-07-31": 0, "2018-04-30": "", "2018-01-31": 0, "2017-10-31": 0, "2017-07-31": 0, "2017-04-30": "", "2017-01-31": 0, "2016-10-31": 0, "2016-07-31": 0, "2016-04-30": "", "2016-01-31": 0, "2015-10-31": 0, "2015-07-31": 0, "2015-04-30": "", "2015-01-31": 0, "2014-10-31": 0, "2014-07-31": 0, "2014-04-30": "", "2014-01-31": 0, "2013-10-31": 0, "2013-07-31": 0, "2013-04-30": "", "2013-01-31": 0, "2012-10-31": 0, "2012-07-31": 0, "2012-04-30": "", "2012-01-31": 0, "2011-10-31": 0, "2011-07-31": 0, "2011-04-30": "", "2011-01-31": 0, "2010-10-31": 0, "2010-07-31": 0, "2010-04-30": "", "2010-01-31": 0, "2009-10-31": 0, "2009-07-31": 0, "2009-04-30": "", "2009-01-31": 0, "2008-10-31": 0, "2008-07-31": 0, "2008-04-30": "", "2008-01-31": 0, "2007-10-31": 0, "2007-07-31": 0, "2007-04-30": "", "2007-01-31": 0.589, "2006-10-31": 0, "2006-07-31": 0, "2006-04-30": "", "2006-01-31": 0, "2005-10-31": 0, "2005-07-31": 0, "2005-04-30": "", "2005-01-31": 0}, "Investing Activities - Other": {"2020-10-31": 0.265, "2020-07-31": -0.001, "2020-04-30": "0.24200", "2020-01-31": 0.258, "2019-10-31": 0, "2019-07-31": 0.363, "2019-04-30": "0.10700", "2019-01-31": 0.399, "2018-10-31": 1.291, "2018-07-31": 0.393, "2018-04-30": "0.12000", "2018-01-31": 0.022, "2017-10-31": 0.414, "2017-07-31": 0.039, "2017-04-30": "0.00500", "2017-01-31": 0.069, "2016-10-31": 0.007, "2016-07-31": 0.069, "2016-04-30": "0.29400", "2016-01-31": 0.234, "2015-10-31": 0.257, "2015-07-31": 0.273, "2015-04-30": "0.00500", "2015-01-31": 0.706, "2014-10-31": 0.923, "2014-07-31": 14.438, "2014-04-30": "0.13300", "2014-01-31": 0.094, "2013-10-31": 2.873, "2013-07-31": -0.424, "2013-04-30": "0.78600", "2013-01-31": 0.137, "2012-10-31": -0.183, "2012-07-31": -1.399, "2012-04-30": "0.03400", "2012-01-31": 0.055, "2011-10-31": 0.325, "2011-07-31": -2.364, "2011-04-30": "-0.00400", "2011-01-31": -0.338, "2010-10-31": 10.751, "2010-07-31": -0.025, "2010-04-30": "-12.47700", "2010-01-31": -0.856, "2009-10-31": 0.856, "2009-07-31": -0.09, "2009-04-30": "0.09000", "2009-01-31": -46.713, "2008-10-31": 46.726, "2008-07-31": 0, "2008-04-30": "0.48000", "2008-01-31": 0.515, "2007-10-31": 14.294, "2007-07-31": 0.037, "2007-04-30": "-0.35700", "2007-01-31": 1.104, "2006-10-31": 0, "2006-07-31": 0, "2006-04-30": "", "2006-01-31": 0, "2005-10-31": 0, "2005-07-31": 0, "2005-04-30": "", "2005-01-31": 0}, "Cash Flow From Investing Activities": {"2020-10-31": -48.497, "2020-07-31": -33.803, "2020-04-30": "-42.07900", "2020-01-31": -64.864, "2019-10-31": -43.965, "2019-07-31": -40.678, "2019-04-30": "-36.04100", "2019-01-31": -61.377, "2018-10-31": -47.014, "2018-07-31": -45.599, "2018-04-30": "-33.90900", "2018-01-31": -134.397, "2017-10-31": -52.68, "2017-07-31": -50.535, "2017-04-30": "-32.14800", "2017-01-31": -70.176, "2016-10-31": -49.285, "2016-07-31": -49.659, "2016-04-30": "-27.85500", "2016-01-31": -66.632, "2015-10-31": -48.963, "2015-07-31": -46.192, "2015-04-30": "-40.37900", "2015-01-31": -72.424, "2014-10-31": -47.228, "2014-07-31": -30.962, "2014-04-30": "-37.98600", "2014-01-31": -48.623, "2013-10-31": -44.586, "2013-07-31": -50.757, "2013-04-30": "-46.65800", "2013-01-31": -88.869, "2012-10-31": -46.973, "2012-07-31": -43.188, "2012-04-30": "-27.78500", "2012-01-31": -53.406, "2011-10-31": -39.405, "2011-07-31": -42.68, "2011-04-30": "-22.21300", "2011-01-31": -15.822, "2010-10-31": -15.497, "2010-07-31": -2.768, "2010-04-30": "-29.90800", "2010-01-31": -21.695, "2009-10-31": -16.612, "2009-07-31": -12.377, "2009-04-30": "-20.54600", "2009-01-31": -33.065, "2008-10-31": -45.52, "2008-07-31": -12.453, "2008-04-30": "-53.00100", "2008-01-31": -52.075, "2007-10-31": -54.487, "2007-07-31": -58.471, "2007-04-30": "-32.21700", "2007-01-31": -44.886, "2006-10-31": -59.92, "2006-07-31": -45.466, "2006-04-30": "-39.01500", "2006-01-31": -32.431, "2005-10-31": -42.215, "2005-07-31": -42.777, "2005-04-30": "-34.36500", "2005-01-31": -181.453}, "Net Long-Term Debt": {"2020-10-31": 0, "2020-07-31": 0, "2020-04-30": "", "2020-01-31": 0, "2019-10-31": 0, "2019-07-31": 0, "2019-04-30": "", "2019-01-31": 0, "2018-10-31": 0, "2018-07-31": 0, "2018-04-30": "", "2018-01-31": 300, "2017-10-31": 0, "2017-07-31": 0, "2017-04-30": "", "2017-01-31": 0, "2016-10-31": 0, "2016-07-31": 0, "2016-04-30": "", "2016-01-31": 0, "2015-10-31": 0, "2015-07-31": -1.968, "2015-04-30": "", "2015-01-31": 0, "2014-10-31": 0, "2014-07-31": -1.785, "2014-04-30": "", "2014-01-31": -0.008, "2013-10-31": -0.024, "2013-07-31": -1.664, "2013-04-30": "-0.02800", "2013-01-31": -0.031, "2012-10-31": -1.565, "2012-07-31": -0.029, "2012-04-30": "-0.17100", "2012-01-31": -0.111, "2011-10-31": -1.449, "2011-07-31": -0.033, "2011-04-30": "-0.03300", "2011-01-31": -0.207, "2010-10-31": -0.032, "2010-07-31": -1.318, "2010-04-30": "-0.03000", "2010-01-31": -13.427, "2009-10-31": -0.029, "2009-07-31": -1.218, "2009-04-30": "-0.02800", "2009-01-31": -0.263, "2008-10-31": 0, "2008-07-31": -1.354, "2008-04-30": "", "2008-01-31": -1.265, "2007-10-31": -1.001, "2007-07-31": -0.356, "2007-04-30": "-0.08100", "2007-01-31": -0.275, "2006-10-31": -1.274, "2006-07-31": -0.498, "2006-04-30": "-2.63200", "2006-01-31": -0.781, "2005-10-31": -7.111, "2005-07-31": -0.812, "2005-04-30": "-0.53100", "2005-01-31": 5.211}, "Net Current Debt": {"2020-10-31": -487.823, "2020-07-31": 0, "2020-04-30": "487.82300", "2020-01-31": -100, "2019-10-31": 40, "2019-07-31": 60, "2019-04-30": "", "2019-01-31": -60, "2018-10-31": 60, "2018-07-31": 0, "2018-04-30": "", "2018-01-31": -170, "2017-10-31": 55, "2017-07-31": 70, "2017-04-30": "45.00000", "2017-01-31": -125, "2016-10-31": 0, "2016-07-31": 25, "2016-04-30": "100.00000", "2016-01-31": -200, "2015-10-31": 50, "2015-07-31": 90, "2015-04-30": "60.00000", "2015-01-31": -90, "2014-10-31": 90, "2014-07-31": 0, "2014-04-30": "", "2014-01-31": 0, "2013-10-31": 0, "2013-07-31": 0, "2013-04-30": "", "2013-01-31": 0, "2012-10-31": 0, "2012-07-31": 0, "2012-04-30": "", "2012-01-31": 0, "2011-10-31": 0, "2011-07-31": 0, "2011-04-30": "", "2011-01-31": 0, "2010-10-31": 0, "2010-07-31": 0, "2010-04-30": "", "2010-01-31": 0, "2009-10-31": 0, "2009-07-31": 0, "2009-04-30": "", "2009-01-31": 0, "2008-10-31": 0, "2008-07-31": -61, "2008-04-30": "61.00000", "2008-01-31": -70, "2007-10-31": 70, "2007-07-31": 0, "2007-04-30": "", "2007-01-31": 0, "2006-10-31": 0, "2006-07-31": 0, "2006-04-30": "", "2006-01-31": 0, "2005-10-31": 0, "2005-07-31": 0, "2005-04-30": "", "2005-01-31": 0}, "Debt Issuance/Retirement Net - Total": {"2020-10-31": -487.823, "2020-07-31": 0, "2020-04-30": "487.82300", "2020-01-31": -100, "2019-10-31": 40, "2019-07-31": 60, "2019-04-30": "", "2019-01-31": -60, "2018-10-31": 60, "2018-07-31": 0, "2018-04-30": "", "2018-01-31": 130, "2017-10-31": 55, "2017-07-31": 70, "2017-04-30": "45.00000", "2017-01-31": -125, "2016-10-31": 0, "2016-07-31": 25, "2016-04-30": "100.00000", "2016-01-31": -200, "2015-10-31": 50, "2015-07-31": 88.032, "2015-04-30": "60.00000", "2015-01-31": -90, "2014-10-31": 90, "2014-07-31": -1.785, "2014-04-30": "", "2014-01-31": -0.008, "2013-10-31": -0.024, "2013-07-31": -1.664, "2013-04-30": "-0.02800", "2013-01-31": -0.031, "2012-10-31": -1.565, "2012-07-31": -0.029, "2012-04-30": "-0.17100", "2012-01-31": -0.111, "2011-10-31": -1.449, "2011-07-31": -0.033, "2011-04-30": "-0.03300", "2011-01-31": -0.207, "2010-10-31": -0.032, "2010-07-31": -1.318, "2010-04-30": "-0.03000", "2010-01-31": -13.427, "2009-10-31": -0.029, "2009-07-31": -1.218, "2009-04-30": "-0.02800", "2009-01-31": -0.263, "2008-10-31": 0, "2008-07-31": -62.354, "2008-04-30": "61.00000", "2008-01-31": -71.265, "2007-10-31": 68.999, "2007-07-31": -0.356, "2007-04-30": "-0.08100", "2007-01-31": -0.275, "2006-10-31": -1.274, "2006-07-31": -0.498, "2006-04-30": "-2.63200", "2006-01-31": -0.781, "2005-10-31": -7.111, "2005-07-31": -0.812, "2005-04-30": "-0.53100", "2005-01-31": 5.211}, "Net Common Equity Issued/Repurchased": {"2020-10-31": -109.048, "2020-07-31": 0, "2020-04-30": "", "2020-01-31": -36.12, "2019-10-31": -40.583, "2019-07-31": -38.283, "2019-04-30": "-33.84800", "2019-01-31": -75.083, "2018-10-31": -45.403, "2018-07-31": -137.105, "2018-04-30": "-37.71300", "2018-01-31": -41.858, "2017-10-31": -60.96, "2017-07-31": -55.011, "2017-04-30": "-38.35000", "2017-01-31": -37.637, "2016-10-31": -39.001, "2016-07-31": -34.99, "2016-04-30": "-39.64400", "2016-01-31": -31.145, "2015-10-31": -71.497, "2015-07-31": -71.627, "2015-04-30": "-50.72600", "2015-01-31": -28.576, "2014-10-31": -83.141, "2014-07-31": -58.271, "2014-04-30": "-50.31200", "2014-01-31": -22.832, "2013-10-31": -85.363, "2013-07-31": -87.058, "2013-04-30": "-37.40700", "2013-01-31": -28.159, "2012-10-31": -28.188, "2012-07-31": -30.638, "2012-04-30": "-53.45800", "2012-01-31": -98.48, "2011-10-31": -31.251, "2011-07-31": -29.138, "2011-04-30": "-25.94600", "2011-01-31": -41.362, "2010-10-31": -33.169, "2010-07-31": -43.22, "2010-04-30": "8.48700", "2010-01-31": 8.67, "2009-10-31": 2.841, "2009-07-31": 0.052, "2009-04-30": "0.29800", "2009-01-31": 0, "2008-10-31": 0.329, "2008-07-31": 0.335, "2008-04-30": "-0.20300", "2008-01-31": -46.677, "2007-10-31": -46.229, "2007-07-31": -72.979, "2007-04-30": "3.86900", "2007-01-31": -97.336, "2006-10-31": -18.388, "2006-07-31": -61.277, "2006-04-30": "5.42800", "2006-01-31": -26.409, "2005-10-31": -47.382, "2005-07-31": 9.797, "2005-04-30": "-1.92500", "2005-01-31": -53.13}, "Net Total Equity Issued/Repurchased": {"2020-10-31": -109.048, "2020-07-31": 0, "2020-04-30": "", "2020-01-31": -36.12, "2019-10-31": -40.583, "2019-07-31": -38.283, "2019-04-30": "-33.84800", "2019-01-31": -75.083, "2018-10-31": -45.403, "2018-07-31": -137.105, "2018-04-30": "-37.71300", "2018-01-31": -41.858, "2017-10-31": -60.96, "2017-07-31": -55.011, "2017-04-30": "-38.35000", "2017-01-31": -37.637, "2016-10-31": -39.001, "2016-07-31": -34.99, "2016-04-30": "-39.64400", "2016-01-31": -31.145, "2015-10-31": -71.497, "2015-07-31": -71.627, "2015-04-30": "-50.72600", "2015-01-31": -28.576, "2014-10-31": -83.141, "2014-07-31": -58.271, "2014-04-30": "-50.31200", "2014-01-31": -22.832, "2013-10-31": -85.363, "2013-07-31": -87.058, "2013-04-30": "-37.40700", "2013-01-31": -28.159, "2012-10-31": -28.188, "2012-07-31": -30.638, "2012-04-30": "-53.45800", "2012-01-31": -98.48, "2011-10-31": -31.251, "2011-07-31": -29.138, "2011-04-30": "-25.94600", "2011-01-31": -41.362, "2010-10-31": -33.169, "2010-07-31": -43.22, "2010-04-30": "8.48700", "2010-01-31": 8.67, "2009-10-31": 2.841, "2009-07-31": 0.052, "2009-04-30": "0.29800", "2009-01-31": 0, "2008-10-31": 0.329, "2008-07-31": 0.335, "2008-04-30": "-0.20300", "2008-01-31": -46.677, "2007-10-31": -46.229, "2007-07-31": -72.979, "2007-04-30": "3.86900", "2007-01-31": -97.336, "2006-10-31": -18.388, "2006-07-31": -61.277, "2006-04-30": "5.42800", "2006-01-31": -26.409, "2005-10-31": -47.382, "2005-07-31": 9.797, "2005-04-30": "-1.92500", "2005-01-31": -53.13}, "Total Common And Preferred Stock Dividends Paid": {"2020-10-31": -37.487, "2020-07-31": -39.883, "2020-04-30": "-39.39100", "2020-01-31": -37.481, "2019-10-31": -37.706, "2019-07-31": -38.585, "2019-04-30": "-36.86800", "2019-01-31": -34.671, "2018-10-31": -35.323, "2018-07-31": -36.25, "2018-04-30": "-34.08100", "2018-01-31": -33.082, "2017-10-31": -33.731, "2017-07-31": -34.008, "2017-04-30": "-34.18900", "2017-01-31": -32.685, "2016-10-31": -33.283, "2016-07-31": -33.148, "2016-04-30": "-34.42300", "2016-01-31": -31.616, "2015-10-31": -31.976, "2015-07-31": -32.11, "2015-04-30": "-31.93400", "2015-01-31": -30.491, "2014-10-31": -31.271, "2014-07-31": -31.105, "2014-04-30": "-32.89100", "2014-01-31": -29.551, "2013-10-31": -29.834, "2013-07-31": -30.211, "2013-04-30": "-21.98500", "2013-01-31": -21.662, "2012-10-31": -21.736, "2012-07-31": -22.313, "2012-04-30": "-22.13600", "2012-01-31": -17.543, "2011-10-31": -17.717, "2011-07-31": -17.835, "2011-04-30": "-15.78200", "2011-01-31": -16.104, "2010-10-31": -16.033, "2010-07-31": -14.122, "2010-04-30": "-12.90100", "2010-01-31": -12.799, "2009-10-31": -12.774, "2009-07-31": -12.78, "2009-04-30": "-12.77900", "2009-01-31": -12.778, "2008-10-31": -12.77, "2008-07-31": -12.76, "2008-04-30": "-12.21000", "2008-01-31": -12.409, "2007-10-31": -12.573, "2007-07-31": -12.809, "2007-04-30": "-11.07200", "2007-01-31": -11.374, "2006-10-31": -11.47, "2006-07-31": -11.591, "2006-04-30": "", "2006-01-31": 0, "2005-10-31": 0, "2005-07-31": 0, "2005-04-30": "", "2005-01-31": 0}, "Financial Activities - Other": {"2020-10-31": -3.561, "2020-07-31": -1.727, "2020-04-30": "-28.91200", "2020-01-31": -1.129, "2019-10-31": -0.736, "2019-07-31": -0.481, "2019-04-30": "-25.40600", "2019-01-31": -0.531, "2018-10-31": -1.571, "2018-07-31": -4.897, "2018-04-30": "-7.43800", "2018-01-31": -5.662, "2017-10-31": -0.739, "2017-07-31": -0.337, "2017-04-30": "-13.78000", "2017-01-31": 0.754, "2016-10-31": -1.794, "2016-07-31": -0.827, "2016-04-30": "-19.12800", "2016-01-31": 1.952, "2015-10-31": -1.368, "2015-07-31": -2.358, "2015-04-30": "-13.01000", "2015-01-31": -2.141, "2014-10-31": -2.507, "2014-07-31": -1.164, "2014-04-30": "-25.36500", "2014-01-31": -1.824, "2013-10-31": -1.625, "2013-07-31": -0.625, "2013-04-30": "-5.33700", "2013-01-31": -1.026, "2012-10-31": -0.256, "2012-07-31": -2.363, "2012-04-30": "-2.71400", "2012-01-31": -0.154, "2011-10-31": -0.187, "2011-07-31": -0.093, "2011-04-30": "-3.28700", "2011-01-31": -1.847, "2010-10-31": -1.425, "2010-07-31": -0.583, "2010-04-30": "-4.44900", "2010-01-31": -1.573, "2009-10-31": 0.056, "2009-07-31": 0.025, "2009-04-30": "-0.03300", "2009-01-31": -1.518, "2008-10-31": 0.116, "2008-07-31": 0.008, "2008-04-30": "0.90800", "2008-01-31": 0.174, "2007-10-31": -0.023, "2007-07-31": 0.35, "2007-04-30": "4.59900", "2007-01-31": 0.229, "2006-10-31": 1.89, "2006-07-31": 0.553, "2006-04-30": "1.98800", "2006-01-31": 0, "2005-10-31": 0, "2005-07-31": -0.069, "2005-04-30": "-0.58500", "2005-01-31": -0.288}, "Cash Flow From Financial Activities": {"2020-10-31": -637.919, "2020-07-31": -41.61, "2020-04-30": "419.52000", "2020-01-31": -174.73, "2019-10-31": -39.025, "2019-07-31": -17.349, "2019-04-30": "-96.12200", "2019-01-31": -170.285, "2018-10-31": -22.297, "2018-07-31": -178.252, "2018-04-30": "-79.23200", "2018-01-31": 49.398, "2017-10-31": -40.43, "2017-07-31": -19.356, "2017-04-30": "-41.31900", "2017-01-31": -194.568, "2016-10-31": -74.078, "2016-07-31": -43.965, "2016-04-30": "6.80500", "2016-01-31": -260.809, "2015-10-31": -54.841, "2015-07-31": -18.063, "2015-04-30": "-35.67000", "2015-01-31": -151.208, "2014-10-31": -26.919, "2014-07-31": -92.325, "2014-04-30": "-108.56800", "2014-01-31": -54.215, "2013-10-31": -116.846, "2013-07-31": -119.558, "2013-04-30": "-64.75700", "2013-01-31": -50.878, "2012-10-31": -51.745, "2012-07-31": -55.343, "2012-04-30": "-78.47900", "2012-01-31": -116.288, "2011-10-31": -50.604, "2011-07-31": -47.099, "2011-04-30": "-45.04800", "2011-01-31": -59.52, "2010-10-31": -50.659, "2010-07-31": -59.243, "2010-04-30": "-8.89300", "2010-01-31": -19.129, "2009-10-31": -9.906, "2009-07-31": -13.921, "2009-04-30": "-12.54200", "2009-01-31": -14.559, "2008-10-31": -12.325, "2008-07-31": -74.771, "2008-04-30": "49.49500", "2008-01-31": -130.177, "2007-10-31": 10.174, "2007-07-31": -85.794, "2007-04-30": "-2.68500", "2007-01-31": -108.756, "2006-10-31": -29.242, "2006-07-31": -72.813, "2006-04-30": "4.78400", "2006-01-31": -27.19, "2005-10-31": -54.493, "2005-07-31": 8.916, "2005-04-30": "-3.04100", "2005-01-31": -48.207}, "Net Cash Flow": {"2020-10-31": -174.59, "2020-07-31": 86.758, "2020-04-30": "428.84000", "2020-01-31": 277.137, "2019-10-31": 34.558, "2019-07-31": 12.784, "2019-04-30": "-231.27100", "2019-01-31": 174.54, "2018-10-31": -10.166, "2018-07-31": -115.664, "2018-04-30": "-99.89200", "2018-01-31": 299.357, "2017-10-31": -12.33, "2017-07-31": 9.134, "2017-04-30": "-119.73800", "2017-01-31": 138.332, "2016-10-31": -35.741, "2016-07-31": 11.905, "2016-04-30": "-94.43000", "2016-01-31": 121.383, "2015-10-31": -47.512, "2015-07-31": 40.925, "2015-04-30": "-144.07600", "2015-01-31": 115.224, "2014-10-31": 37.129, "2014-07-31": -42.296, "2014-04-30": "-217.25100", "2014-01-31": 201.362, "2013-10-31": -76.605, "2013-07-31": -47.172, "2013-04-30": "-172.01900", "2013-01-31": 162.071, "2012-10-31": -74.066, "2012-07-31": -39.914, "2012-04-30": "-126.29300", "2012-01-31": 123.364, "2011-10-31": -45.241, "2011-07-31": -46.389, "2011-04-30": "-157.38000", "2011-01-31": 238.776, "2010-10-31": -14.41, "2010-07-31": -0.816, "2010-04-30": "-109.09000", "2010-01-31": 285.199, "2009-10-31": 63.429, "2009-07-31": 69.611, "2009-04-30": "-53.11800", "2009-01-31": 125.828, "2008-10-31": -15.55, "2008-07-31": 11.706, "2008-04-30": "-92.11200", "2008-01-31": 102.665, "2007-10-31": -41.754, "2007-07-31": -59.324, "2007-04-30": "-158.06600", "2007-01-31": 166.723, "2006-10-31": -78.671, "2006-07-31": -63.117, "2006-04-30": "-110.48800", "2006-01-31": 269.171, "2005-10-31": -62.043, "2005-07-31": 38.186, "2005-04-30": "-123.54200", "2005-01-31": 75.3}, "Stock-Based Compensation": {"2020-10-31": 21.276, "2020-07-31": 13.692, "2020-04-30": "19.70300", "2020-01-31": 14.647, "2019-10-31": 14.115, "2019-07-31": 16.872, "2019-04-30": "18.52900", "2019-01-31": 18.849, "2018-10-31": 14.427, "2018-07-31": 13.637, "2018-04-30": "12.88900", "2018-01-31": 12.824, "2017-10-31": 7.335, "2017-07-31": 13.012, "2017-04-30": "9.81700", "2017-01-31": 13.141, "2016-10-31": 10.499, "2016-07-31": 11.744, "2016-04-30": "15.73200", "2016-01-31": 5.175, "2015-10-31": 11.269, "2015-07-31": 10.903, "2015-04-30": "14.01000", "2015-01-31": 9.903, "2014-10-31": 12.538, "2014-07-31": 9.823, "2014-04-30": "12.36800", "2014-01-31": 10.348, "2013-10-31": 9.968, "2013-07-31": 9.481, "2013-04-30": "8.99100", "2013-01-31": 8.264, "2012-10-31": 7.686, "2012-07-31": 7.099, "2012-04-30": "7.99300", "2012-01-31": 6.502, "2011-10-31": 5.578, "2011-07-31": 7.029, "2011-04-30": "5.22700", "2011-01-31": 5.148, "2010-10-31": 6.213, "2010-07-31": 6.513, "2010-04-30": "8.75600", "2010-01-31": 10.837, "2009-10-31": 5.462, "2009-07-31": 3.469, "2009-04-30": "5.22100", "2009-01-31": 6.1, "2008-10-31": -7.148, "2008-07-31": 6.623, "2008-04-30": "6.55600", "2008-01-31": 7.983, "2007-10-31": 6.088, "2007-07-31": 6.732, "2007-04-30": "6.00900", "2007-01-31": 3.881, "2006-10-31": 6.046, "2006-07-31": 8.952, "2006-04-30": "7.93400", "2006-01-31": 0.44, "2005-10-31": 12.095, "2005-07-31": -12.095, "2005-04-30": "", "2005-01-31": 0}, "Common Stock Dividends Paid": {"2020-10-31": -37.487, "2020-07-31": -39.883, "2020-04-30": "-39.39100", "2020-01-31": -37.481, "2019-10-31": -37.706, "2019-07-31": -38.585, "2019-04-30": "-36.86800", "2019-01-31": -34.671, "2018-10-31": -35.323, "2018-07-31": -36.25, "2018-04-30": "-34.08100", "2018-01-31": -33.082, "2017-10-31": -33.731, "2017-07-31": -34.008, "2017-04-30": "-34.18900", "2017-01-31": -32.685, "2016-10-31": -33.283, "2016-07-31": -33.148, "2016-04-30": "-34.42300", "2016-01-31": -31.616, "2015-10-31": -31.976, "2015-07-31": -32.11, "2015-04-30": "-31.93400", "2015-01-31": -30.491, "2014-10-31": -31.271, "2014-07-31": -31.105, "2014-04-30": "-32.89100", "2014-01-31": -29.551, "2013-10-31": -29.834, "2013-07-31": -30.211, "2013-04-30": "-21.98500", "2013-01-31": -21.662, "2012-10-31": -21.736, "2012-07-31": -22.313, "2012-04-30": "-22.13600", "2012-01-31": -17.543, "2011-10-31": -17.717, "2011-07-31": -17.835, "2011-04-30": "-15.78200", "2011-01-31": -16.104, "2010-10-31": -16.033, "2010-07-31": -14.122, "2010-04-30": "-12.90100", "2010-01-31": -12.799, "2009-10-31": -12.774, "2009-07-31": -12.78, "2009-04-30": "-12.77900", "2009-01-31": -12.778, "2008-10-31": -12.77, "2008-07-31": -12.76, "2008-04-30": "-12.21000", "2008-01-31": -12.409, "2007-10-31": -12.573, "2007-07-31": -12.809, "2007-04-30": "-11.07200", "2007-01-31": -11.374, "2006-10-31": -11.47, "2006-07-31": -11.591, "2006-04-30": "", "2006-01-31": 0, "2005-10-31": 0, "2005-07-31": 0, "2005-04-30": "", "2005-01-31": 0}}, "financial ratios": {"Current Ratio": {"2020-01-31": "1.09080", "2019-01-31": "1.57640", "2018-01-31": "1.62370", "2017-01-31": "1.42230", "2016-01-31": "1.34090", "2015-01-31": "1.58900", "2014-01-31": "1.64800", "2013-01-31": "2.00380", "2012-01-31": "2.23220", "2011-01-31": "2.20300", "2010-01-31": "2.09450", "2009-01-31": "2.04170", "2008-01-31": "1.71660", "2007-01-31": "1.75390", "2006-01-31": "1.83470", "2005-01-31": "1.67340"}, "Long-term Debt / Capital": {"2020-01-31": "", "2019-01-31": "0.20590", "2018-01-31": "0.19920", "2017-01-31": "", "2016-01-31": "", "2015-01-31": "", "2014-01-31": "0.00160", "2013-01-31": "0.00290", "2012-01-31": "0.00430", "2011-01-31": "0.00560", "2010-01-31": "0.00710", "2009-01-31": "0.00890", "2008-01-31": "0.00950", "2007-01-31": "0.01100", "2006-01-31": "0.01270", "2005-01-31": "0.01960"}, "Debt/Equity Ratio": {"2020-01-31": "0.24260", "2019-01-31": "0.25930", "2018-01-31": "0.24880", "2017-01-31": "", "2016-01-31": "", "2015-01-31": "0.00160", "2014-01-31": "0.00300", "2013-01-31": "0.00420", "2012-01-31": "0.00580", "2011-01-31": "0.00690", "2010-01-31": "0.00850", "2009-01-31": "0.02170", "2008-01-31": "0.02230", "2007-01-31": "0.02490", "2006-01-31": "0.02960", "2005-01-31": "0.04450"}, "Gross Margin": {"2020-01-31": "36.26800", "2019-01-31": "37.04450", "2018-01-31": "36.50000", "2017-01-31": "37.04520", "2016-01-31": "37.06150", "2015-01-31": "38.31900", "2014-01-31": "38.83910", "2013-01-31": "39.38970", "2012-01-31": "39.23400", "2011-01-31": "39.20650", "2010-01-31": "35.55730", "2009-01-31": "33.77010", "2008-01-31": "38.93530", "2007-01-31": "39.90030", "2006-01-31": "40.56240", "2005-01-31": "40.52190"}, "Operating Margin": {"2020-01-31": "7.89880", "2019-01-31": "7.68660", "2018-01-31": "8.57480", "2017-01-31": "9.29620", "2016-01-31": "9.81960", "2015-01-31": "10.68940", "2014-01-31": "10.30330", "2013-01-31": "10.12060", "2012-01-31": "10.25910", "2011-01-31": "9.22940", "2010-01-31": "3.91410", "2009-01-31": "1.25400", "2008-01-31": "7.94430", "2007-01-31": "8.78600", "2006-01-31": "9.75120", "2005-01-31": "9.88130"}, "EBIT Margin": {"2020-01-31": "7.89880", "2019-01-31": "7.68660", "2018-01-31": "8.57480", "2017-01-31": "9.29620", "2016-01-31": "9.81960", "2015-01-31": "10.68940", "2014-01-31": "10.30330", "2013-01-31": "10.12060", "2012-01-31": "10.25910", "2011-01-31": "9.22940", "2010-01-31": "3.91410", "2009-01-31": "1.25400", "2008-01-31": "7.94430", "2007-01-31": "8.78600", "2006-01-31": "9.75120", "2005-01-31": "9.88130"}, "EBITDA Margin": {"2020-01-31": "10.95150", "2019-01-31": "10.55370", "2018-01-31": "11.55470", "2017-01-31": "12.20700", "2016-01-31": "12.69420", "2015-01-31": "13.62330", "2014-01-31": "13.13870", "2013-01-31": "12.78600", "2012-01-31": "13.02750", "2011-01-31": "12.29760", "2010-01-31": "7.62040", "2009-01-31": "4.72920", "2008-01-31": "10.76570", "2007-01-31": "11.63910", "2006-01-31": "12.52860", "2005-01-31": "12.72150"}, "Pre-Tax Profit Margin": {"2020-01-31": "7.74870", "2019-01-31": "7.56840", "2018-01-31": "8.54890", "2017-01-31": "9.28260", "2016-01-31": "9.80700", "2015-01-31": "10.68810", "2014-01-31": "10.31660", "2013-01-31": "10.14020", "2012-01-31": "10.26180", "2011-01-31": "9.21930", "2010-01-31": "3.87690", "2009-01-31": "1.24810", "2008-01-31": "8.01890", "2007-01-31": "9.04590", "2006-01-31": "9.85600", "2005-01-31": "9.88880"}, "Net Profit Margin": {"2020-01-31": "6.03700", "2019-01-31": "5.88340", "2018-01-31": "4.90410", "2017-01-31": "6.00700", "2016-01-31": "6.23120", "2015-01-31": "6.57320", "2014-01-31": "6.35620", "2013-01-31": "6.35020", "2012-01-31": "6.36760", "2011-01-31": "5.71400", "2010-01-31": "2.49600", "2009-01-31": "0.89320", "2008-01-31": "4.96220", "2007-01-31": "5.60340", "2006-01-31": "6.07150", "2005-01-31": "6.09620"}, "Asset Turnover": {"2020-01-31": "1.45480", "2019-01-31": "2.01630", "2018-01-31": "1.89980", "2017-01-31": "2.05250", "2016-01-31": "2.05840", "2015-01-31": "2.01640", "2014-01-31": "1.87780", "2013-01-31": "1.84800", "2012-01-31": "1.80550", "2011-01-31": "1.64380", "2010-01-31": "1.49230", "2009-01-31": "1.73680", "2008-01-31": "1.88410", "2007-01-31": "1.81980", "2006-01-31": "1.78590", "2005-01-31": "1.79710"}, "Inventory Turnover Ratio": {"2020-01-31": "3.41550", "2019-01-31": "3.17390", "2018-01-31": "3.16570", "2017-01-31": "3.27420", "2016-01-31": "3.20190", "2015-01-31": "3.26490", "2014-01-31": "3.30030", "2013-01-31": "3.82860", "2012-01-31": "4.08530", "2011-01-31": "4.14950", "2010-01-31": "4.28960", "2009-01-31": "3.88600", "2008-01-31": "3.47280", "2007-01-31": "3.66890", "2006-01-31": "4.04290", "2005-01-31": "4.12400"}, "Receiveable Turnover": {"2020-01-31": "52.78470", "2019-01-31": "52.95510", "2018-01-31": "58.72630", "2017-01-31": "57.24820", "2016-01-31": "62.74700", "2015-01-31": "69.64680", "2014-01-31": "72.73150", "2013-01-31": "64.18780", "2012-01-31": "80.95770", "2011-01-31": "84.30550", "2010-01-31": "70.21760", "2009-01-31": "89.86690", "2008-01-31": "82.09720", "2007-01-31": "76.35060", "2006-01-31": "69.36390", "2005-01-31": "73.77540"}, "Days Sales In Receivables": {"2020-01-31": "6.91490", "2019-01-31": "6.89260", "2018-01-31": "6.21530", "2017-01-31": "6.37570", "2016-01-31": "5.81700", "2015-01-31": "5.24070", "2014-01-31": "5.01850", "2013-01-31": "5.68640", "2012-01-31": "4.50850", "2011-01-31": "4.32950", "2010-01-31": "5.19810", "2009-01-31": "4.06160", "2008-01-31": "4.44600", "2007-01-31": "4.78060", "2006-01-31": "5.26210", "2005-01-31": "4.94740"}, "ROE - Return On Equity": {"2020-01-31": "28.81090", "2019-01-31": "28.87250", "2018-01-31": "21.56470", "2017-01-31": "24.46580", "2016-01-31": "25.87730", "2015-01-31": "25.21860", "2014-01-31": "22.20550", "2013-01-31": "19.61060", "2012-01-31": "18.87500", "2011-01-31": "15.90540", "2010-01-31": "6.39170", "2009-01-31": "2.61540", "2008-01-31": "16.79280", "2007-01-31": "18.13990", "2006-01-31": "19.09380", "2005-01-31": "19.96880"}, "Return On Tangible Equity": {"2020-01-31": "30.94800", "2019-01-31": "31.17580", "2018-01-31": "21.90760", "2017-01-31": "24.46580", "2016-01-31": "25.87730", "2015-01-31": "25.21860", "2014-01-31": "22.20550", "2013-01-31": "19.61060", "2012-01-31": "18.87500", "2011-01-31": "15.90540", "2010-01-31": "6.39170", "2009-01-31": "2.61540", "2008-01-31": "16.79280", "2007-01-31": "18.13990", "2006-01-31": "19.09380", "2005-01-31": "19.96880"}, "ROA - Return On Assets": {"2020-01-31": "8.78290", "2019-01-31": "11.86290", "2018-01-31": "9.31690", "2017-01-31": "12.32950", "2016-01-31": "12.82640", "2015-01-31": "13.25400", "2014-01-31": "11.93560", "2013-01-31": "11.73530", "2012-01-31": "11.49680", "2011-01-31": "9.39260", "2010-01-31": "3.72470", "2009-01-31": "1.55130", "2008-01-31": "9.34910", "2007-01-31": "10.19700", "2006-01-31": "10.84300", "2005-01-31": "10.95560"}, "ROI - Return On Investment": {"2020-01-31": "28.81090", "2019-01-31": "22.92840", "2018-01-31": "17.26860", "2017-01-31": "24.46580", "2016-01-31": "25.87730", "2015-01-31": "25.21860", "2014-01-31": "22.17080", "2013-01-31": "19.55460", "2012-01-31": "18.79300", "2011-01-31": "15.81580", "2010-01-31": "6.34630", "2009-01-31": "2.59220", "2008-01-31": "16.63240", "2007-01-31": "17.94010", "2006-01-31": "18.85110", "2005-01-31": "19.57730"}, "Book Value Per Share": {"2020-01-31": "16.02160", "2019-01-31": "14.66400", "2018-01-31": "14.37700", "2017-01-31": "14.29720", "2016-01-31": "13.38290", "2015-01-31": "13.33290", "2014-01-31": "13.35480", "2013-01-31": "13.39490", "2012-01-31": "12.49630", "2011-01-31": "12.00200", "2010-01-31": "11.32730", "2009-01-31": "10.86450", "2008-01-31": "11.06530", "2007-01-31": "10.48010", "2006-01-31": "9.80420", "2005-01-31": "8.30060"}, "Operating Cash Flow Per Share": {"2020-01-31": 0.5487, "2019-01-31": 1.3116, "2018-01-31": -0.0601, "2017-01-31": -0.0416, "2016-01-31": 1.057, "2015-01-31": 0.2554, "2014-01-31": 0.991, "2013-01-31": 0.87, "2012-01-31": -0.517, "2011-01-31": -1.3198, "2010-01-31": 2.4167, "2009-01-31": -0.0497, "2008-01-31": -0.4439, "2007-01-31": -0.2946, "2006-01-31": 0.3908, "2005-01-31": 2.5509}, "Free Cash Flow Per Share": {"2020-01-31": 0.5063, "2019-01-31": 1.2067, "2018-01-31": -0.0573, "2017-01-31": -0.0449, "2016-01-31": 1.0049, "2015-01-31": 0.0679, "2014-01-31": 1.0599, "2013-01-31": 0.0603, "2012-01-31": -1.1748, "2011-01-31": -1.2216, "2010-01-31": 3.1056, "2009-01-31": 0.4979, "2008-01-31": -0.7084, "2007-01-31": -0.6483, "2006-01-31": 0.6295, "2005-01-31": 1.0305}}, "financial ratios, quarterly": {"Current Ratio": {"2020-10-31": "1.46350", "2020-07-31": "1.35530", "2020-04-30": "1.27760", "2020-01-31": "1.09080", "2019-10-31": "1.28730", "2019-07-31": "1.31270", "2019-04-30": "1.33340", "2019-01-31": "1.57640", "2018-10-31": "1.53510", "2018-07-31": "1.55860", "2018-04-30": "1.72540", "2018-01-31": "1.62370", "2017-10-31": "1.28390", "2017-07-31": "1.33750", "2017-04-30": "1.41460", "2017-01-31": "1.42230", "2016-10-31": "1.30690", "2016-07-31": "1.33460", "2016-04-30": "1.39110", "2016-01-31": "1.34090", "2015-10-31": "1.37210", "2015-07-31": "1.43690", "2015-04-30": "1.59770", "2015-01-31": "1.58900", "2014-10-31": "1.47660", "2014-07-31": "1.68020", "2014-04-30": "1.73520", "2014-01-31": "1.64800", "2013-10-31": "1.58800", "2013-07-31": "1.81030", "2013-04-30": "2.12230", "2013-01-31": "2.00380", "2012-10-31": "2.10510", "2012-07-31": "2.19170", "2012-04-30": "2.29080", "2012-01-31": "2.23220", "2011-10-31": "2.23630", "2011-07-31": "2.40710", "2011-04-30": "2.50920", "2011-01-31": "2.20300", "2010-10-31": "2.18160", "2010-07-31": "2.30390", "2010-04-30": "2.39810", "2010-01-31": "2.09450", "2009-10-31": "2.10090", "2009-07-31": "2.14550", "2009-04-30": "2.13810", "2009-01-31": "2.04170", "2008-10-31": "1.80870", "2008-07-31": "1.95600", "2008-04-30": "1.77840", "2008-01-31": "1.71660", "2007-10-31": "1.60020", "2007-07-31": "1.81470", "2007-04-30": "2.07530", "2007-01-31": "1.75390", "2006-10-31": "1.86810", "2006-07-31": "1.99720", "2006-04-30": "2.06860", "2006-01-31": "1.83470", "2005-10-31": "1.81300", "2005-07-31": "1.90180", "2005-04-30": "1.82840", "2005-01-31": "1.67340"}, "Long-term Debt / Capital": {"2020-10-31": "0.17590", "2020-07-31": "0.18320", "2020-04-30": "0.19740", "2020-01-31": "", "2019-10-31": "0.20940", "2019-07-31": "0.21090", "2019-04-30": "0.21080", "2019-01-31": "0.20590", "2018-10-31": "0.21530", "2018-07-31": "0.21700", "2018-04-30": "0.20010", "2018-01-31": "0.19920", "2017-10-31": "", "2017-07-31": "", "2017-04-30": "", "2017-01-31": "", "2016-10-31": "", "2016-07-31": "", "2016-04-30": "", "2016-01-31": "", "2015-10-31": "", "2015-07-31": "", "2015-04-30": "", "2015-01-31": "", "2014-10-31": "", "2014-07-31": "", "2014-04-30": "0.00160", "2014-01-31": "0.00160", "2013-10-31": "0.00170", "2013-07-31": "0.00160", "2013-04-30": "0.00290", "2013-01-31": "0.00290", "2012-10-31": "0.00310", "2012-07-31": "0.00450", "2012-04-30": "0.00450", "2012-01-31": "0.00430", "2011-10-31": "0.00440", "2011-07-31": "0.00560", "2011-04-30": "0.00560", "2011-01-31": "0.00560", "2010-10-31": "0.00590", "2010-07-31": "0.00590", "2010-04-30": "0.00700", "2010-01-31": "0.00710", "2009-10-31": "0.00790", "2009-07-31": "0.00790", "2009-04-30": "0.00900", "2009-01-31": "0.00890", "2008-10-31": "0.00870", "2008-07-31": "0.00840", "2008-04-30": "0.00950", "2008-01-31": "0.00950", "2007-10-31": "0.01040", "2007-07-31": "0.01110", "2007-04-30": "0.01090", "2007-01-31": "0.01100", "2006-10-31": "0.01130", "2006-07-31": "0.01230", "2006-04-30": "0.01230", "2006-01-31": "0.01270", "2005-10-31": "0.01420", "2005-07-31": "0.01520", "2005-04-30": "0.01740", "2005-01-31": "0.01960"}, "Debt/Equity Ratio": {"2020-10-31": "0.21340", "2020-07-31": "0.59030", "2020-04-30": "0.64620", "2020-01-31": "0.24260", "2019-10-31": "0.35320", "2019-07-31": "0.32070", "2019-04-30": "0.26710", "2019-01-31": "0.25930", "2018-10-31": "0.32930", "2018-07-31": "0.27710", "2018-04-30": "0.25010", "2018-01-31": "0.24880", "2017-10-31": "0.14500", "2017-07-31": "0.09680", "2017-04-30": "0.03720", "2017-01-31": "", "2016-10-31": "0.10780", "2016-07-31": "0.10820", "2016-04-30": "0.08600", "2016-01-31": "", "2015-10-31": "0.17910", "2015-07-31": "0.13140", "2015-04-30": "0.05220", "2015-01-31": "0.00160", "2014-10-31": "0.08090", "2014-07-31": "0.00170", "2014-04-30": "0.00310", "2014-01-31": "0.00300", "2013-10-31": "0.00320", "2013-07-31": "0.00310", "2013-04-30": "0.00420", "2013-01-31": "0.00420", "2012-10-31": "0.00450", "2012-07-31": "0.00580", "2012-04-30": "0.00580", "2012-01-31": "0.00580", "2011-10-31": "0.00590", "2011-07-31": "0.00690", "2011-04-30": "0.00690", "2011-01-31": "0.00690", "2010-10-31": "0.00740", "2010-07-31": "0.00740", "2010-04-30": "0.00830", "2010-01-31": "0.00850", "2009-10-31": "0.02120", "2009-07-31": "0.02130", "2009-04-30": "0.02220", "2009-01-31": "0.02170", "2008-10-31": "0.02150", "2008-07-31": "0.02080", "2008-04-30": "0.07430", "2008-01-31": "0.02230", "2007-10-31": "0.08900", "2007-07-31": "0.02530", "2007-04-30": "0.02450", "2007-01-31": "0.02490", "2006-10-31": "0.02550", "2006-07-31": "0.02680", "2006-04-30": "0.02660", "2006-01-31": "0.02960", "2005-10-31": "0.03320", "2005-07-31": "0.03980", "2005-04-30": "0.04260", "2005-01-31": "0.04450"}, "Gross Margin": {"2020-10-31": "39.98690", "2020-07-31": "36.97410", "2020-04-30": "33.53780", "2020-01-31": "37.57500", "2019-10-31": "35.92250", "2019-07-31": "35.29740", "2019-04-30": "35.80050", "2019-01-31": "38.65770", "2018-10-31": "36.47680", "2018-07-31": "36.38260", "2018-04-30": "35.92390", "2018-01-31": "38.46470", "2017-10-31": "35.94660", "2017-07-31": "35.17880", "2017-04-30": "35.60570", "2017-01-31": "39.32970", "2016-10-31": "36.79370", "2016-07-31": "35.42090", "2016-04-30": "35.75430", "2016-01-31": "38.30040", "2015-10-31": "36.62000", "2015-07-31": "36.07940", "2015-04-30": "36.75660", "2015-01-31": "40.11290", "2014-10-31": "37.73800", "2014-07-31": "36.77190", "2014-04-30": "37.81140", "2014-01-31": "40.62670", "2013-10-31": "38.55150", "2013-07-31": "37.56060", "2013-04-30": "37.64160", "2013-01-31": "41.29150", "2012-10-31": "38.96000", "2012-07-31": "38.25760", "2012-04-30": "37.82540", "2012-01-31": "41.26420", "2011-10-31": "38.28090", "2011-07-31": "37.89150", "2011-04-30": "38.38520", "2011-01-31": "42.26800", "2010-10-31": "38.16980", "2010-07-31": "36.97060", "2010-04-30": "37.70120", "2010-01-31": "41.39580", "2009-10-31": "34.67070", "2009-07-31": "32.03940", "2009-04-30": "30.07820", "2009-01-31": "33.69260", "2008-10-31": "31.97650", "2008-07-31": "34.02150", "2008-04-30": "35.33190", "2008-01-31": "41.60680", "2007-10-31": "38.21570", "2007-07-31": "37.24650", "2007-04-30": "37.00380", "2007-01-31": "43.15510", "2006-10-31": "38.19820", "2006-07-31": "38.10370", "2006-04-30": "38.45230", "2006-01-31": "43.61410", "2005-10-31": "39.39920", "2005-07-31": "37.98250", "2005-04-30": "39.53470", "2005-01-31": "44.75910"}, "Operating Margin": {"2020-10-31": "15.56240", "2020-07-31": "12.43390", "2020-04-30": "3.93820", "2020-01-31": "11.04830", "2019-10-31": "7.06360", "2019-07-31": "6.28570", "2019-04-30": "5.97290", "2019-01-31": "10.93710", "2018-10-31": "6.95540", "2018-07-31": "5.81610", "2018-04-30": "5.53200", "2018-01-31": "11.84230", "2017-10-31": "8.52840", "2017-07-31": "6.78960", "2017-04-30": "5.62070", "2017-01-31": "13.64580", "2016-10-31": "8.83090", "2016-07-31": "7.18500", "2016-04-30": "5.78650", "2016-01-31": "14.03770", "2015-10-31": "8.98340", "2015-07-31": "7.39490", "2015-04-30": "6.97870", "2015-01-31": "15.42570", "2014-10-31": "9.16060", "2014-07-31": "8.21250", "2014-04-30": "7.62840", "2014-01-31": "14.84910", "2013-10-31": "8.79600", "2013-07-31": "7.95000", "2013-04-30": "7.18430", "2013-01-31": "14.96290", "2012-10-31": "8.39510", "2012-07-31": "8.01830", "2012-04-30": "6.03260", "2012-01-31": "15.55050", "2011-10-31": "7.92730", "2011-07-31": "7.86560", "2011-04-30": "6.70710", "2011-01-31": "15.35770", "2010-10-31": "6.88670", "2010-07-31": "6.60130", "2010-04-30": "4.52330", "2010-01-31": "12.92050", "2009-10-31": "1.29660", "2009-07-31": "0.06470", "2009-04-30": "-4.78100", "2009-01-31": "1.90720", "2008-10-31": "-2.57670", "2008-07-31": "3.10180", "2008-04-30": "2.15950", "2008-01-31": "14.34990", "2007-10-31": "5.01260", "2007-07-31": "4.98820", "2007-04-30": "3.48530", "2007-01-31": "15.55750", "2006-10-31": "5.08070", "2006-07-31": "6.57120", "2006-04-30": "4.36750", "2006-01-31": "15.87870", "2005-10-31": "7.17110", "2005-07-31": "6.33920", "2005-04-30": "6.06410", "2005-01-31": "16.98350"}, "EBIT Margin": {"2020-10-31": "15.56240", "2020-07-31": "12.43390", "2020-04-30": "3.93820", "2020-01-31": "11.04840", "2019-10-31": "7.06360", "2019-07-31": "6.28570", "2019-04-30": "5.97290", "2019-01-31": "10.93710", "2018-10-31": "6.95540", "2018-07-31": "5.81610", "2018-04-30": "5.53200", "2018-01-31": "11.84230", "2017-10-31": "8.52840", "2017-07-31": "6.78960", "2017-04-30": "5.62070", "2017-01-31": "13.64580", "2016-10-31": "8.83090", "2016-07-31": "7.18500", "2016-04-30": "5.78650", "2016-01-31": "14.03770", "2015-10-31": "8.98340", "2015-07-31": "7.39490", "2015-04-30": "6.97870", "2015-01-31": "15.42570", "2014-10-31": "9.16060", "2014-07-31": "8.21250", "2014-04-30": "7.62840", "2014-01-31": "14.84910", "2013-10-31": "8.79600", "2013-07-31": "7.95000", "2013-04-30": "7.18430", "2013-01-31": "14.96290", "2012-10-31": "8.39510", "2012-07-31": "8.01830", "2012-04-30": "6.03260", "2012-01-31": "15.55050", "2011-10-31": "7.92730", "2011-07-31": "7.86560", "2011-04-30": "6.70710", "2011-01-31": "15.35770", "2010-10-31": "6.88670", "2010-07-31": "6.60130", "2010-04-30": "4.52330", "2010-01-31": "12.92050", "2009-10-31": "1.29660", "2009-07-31": "0.06470", "2009-04-30": "-4.78100", "2009-01-31": "1.90720", "2008-10-31": "-2.57670", "2008-07-31": "3.10180", "2008-04-30": "2.15950", "2008-01-31": "14.35000", "2007-10-31": "5.01260", "2007-07-31": "4.98820", "2007-04-30": "3.48530", "2007-01-31": "15.55750", "2006-10-31": "5.08070", "2006-07-31": "6.57120", "2006-04-30": "4.36750", "2006-01-31": "15.87870", "2005-10-31": "7.17110", "2005-07-31": "6.33920", "2005-04-30": "6.06410", "2005-01-31": "16.98350"}, "EBITDA Margin": {"2020-10-31": "", "2020-07-31": "", "2020-04-30": "", "2020-01-31": "", "2019-10-31": "", "2019-07-31": "", "2019-04-30": "", "2019-01-31": "", "2018-10-31": "", "2018-07-31": "", "2018-04-30": "", "2018-01-31": "", "2017-10-31": "", "2017-07-31": "", "2017-04-30": "", "2017-01-31": "", "2016-10-31": "", "2016-07-31": "", "2016-04-30": "", "2016-01-31": "", "2015-10-31": "", "2015-07-31": "", "2015-04-30": "", "2015-01-31": "", "2014-10-31": "", "2014-07-31": "", "2014-04-30": "", "2014-01-31": "", "2013-10-31": "", "2013-07-31": "", "2013-04-30": "", "2013-01-31": "", "2012-10-31": "", "2012-07-31": "", "2012-04-30": "", "2012-01-31": "", "2011-10-31": "", "2011-07-31": "", "2011-04-30": "", "2011-01-31": "", "2010-10-31": "", "2010-07-31": "", "2010-04-30": "", "2010-01-31": "", "2009-10-31": "", "2009-07-31": "", "2009-04-30": "", "2009-01-31": "", "2008-10-31": "", "2008-07-31": "", "2008-04-30": "", "2008-01-31": "", "2007-10-31": "", "2007-07-31": "", "2007-04-30": "", "2007-01-31": "", "2006-10-31": "", "2006-07-31": "", "2006-04-30": "", "2006-01-31": "", "2005-10-31": "", "2005-07-31": "", "2005-04-30": "", "2005-01-31": ""}, "Pre-Tax Profit Margin": {"2020-10-31": "15.25950", "2020-07-31": "12.00030", "2020-04-30": "3.76340", "2020-01-31": "10.97420", "2019-10-31": "6.88590", "2019-07-31": "6.09100", "2019-04-30": "5.79140", "2019-01-31": "10.84820", "2018-10-31": "6.78680", "2018-07-31": "5.69190", "2018-04-30": "5.43220", "2018-01-31": "11.81860", "2017-10-31": "8.48270", "2017-07-31": "6.74940", "2017-04-30": "5.62990", "2017-01-31": "13.63940", "2016-10-31": "8.79170", "2016-07-31": "7.17060", "2016-04-30": "5.79270", "2016-01-31": "14.03750", "2015-10-31": "8.95570", "2015-07-31": "7.37050", "2015-04-30": "6.97790", "2015-01-31": "15.42740", "2014-10-31": "9.15030", "2014-07-31": "8.20860", "2014-04-30": "7.63550", "2014-01-31": "14.86040", "2013-10-31": "8.80580", "2013-07-31": "7.96280", "2013-04-30": "7.20560", "2013-01-31": "14.98150", "2012-10-31": "8.41340", "2012-07-31": "8.03760", "2012-04-30": "6.05590", "2012-01-31": "15.56320", "2011-10-31": "7.92810", "2011-07-31": "7.85710", "2011-04-30": "6.70700", "2011-01-31": "15.35560", "2010-10-31": "6.87710", "2010-07-31": "6.58550", "2010-04-30": "4.50550", "2010-01-31": "12.90550", "2009-10-31": "1.24980", "2009-07-31": "0.00850", "2009-04-30": "-4.82510", "2009-01-31": "1.90410", "2008-10-31": "-2.59770", "2008-07-31": "3.07860", "2008-04-30": "2.18240", "2008-01-31": "14.39850", "2007-10-31": "4.99130", "2007-07-31": "5.04940", "2007-04-30": "3.72290", "2007-01-31": "15.72160", "2006-10-31": "5.23520", "2006-07-31": "6.99690", "2006-04-30": "4.71930", "2006-01-31": "16.05040", "2005-10-31": "7.24460", "2005-07-31": "6.38990", "2005-04-30": "6.15020", "2005-01-31": "17.03660"}, "Net Profit Margin": {"2020-10-31": "11.43490", "2020-07-31": "9.02640", "2020-04-30": "2.86780", "2020-01-31": "9.00660", "2019-10-31": "5.17950", "2019-07-31": "4.57010", "2019-04-30": "4.24260", "2019-01-31": "8.45870", "2018-10-31": "6.00340", "2018-07-31": "4.05540", "2018-04-30": "3.75460", "2018-01-31": "5.70030", "2017-10-31": "5.48840", "2017-07-31": "4.40390", "2017-04-30": "3.55870", "2017-01-31": "9.14450", "2016-10-31": "5.57080", "2016-07-31": "4.46800", "2016-04-30": "3.60690", "2016-01-31": "8.89670", "2015-10-31": "5.72060", "2015-07-31": "4.76190", "2015-04-30": "4.34570", "2015-01-31": "9.53470", "2014-10-31": "5.67790", "2014-07-31": "4.88370", "2014-04-30": "4.73780", "2014-01-31": "9.12470", "2013-10-31": "5.39390", "2013-07-31": "4.98050", "2013-04-30": "4.44530", "2013-01-31": "9.50880", "2012-10-31": "5.17700", "2012-07-31": "4.96180", "2012-04-30": "3.75680", "2012-01-31": "9.66660", "2011-10-31": "5.00720", "2011-07-31": "4.82470", "2011-04-30": "4.10140", "2011-01-31": "9.48600", "2010-10-31": "4.47940", "2010-07-31": "3.96610", "2010-04-30": "2.72250", "2010-01-31": "8.11440", "2009-10-31": "1.00470", "2009-07-31": "0.05940", "2009-04-30": "-3.05830", "2009-01-31": "1.20940", "2008-10-31": "-1.46240", "2008-07-31": "2.24300", "2008-04-30": "1.33630", "2008-01-31": "9.06350", "2007-10-31": "3.02490", "2007-07-31": "3.02140", "2007-04-30": "2.22410", "2007-01-31": "9.64710", "2006-10-31": "3.41740", "2006-07-31": "4.30790", "2006-04-30": "2.90810", "2006-01-31": "9.94590", "2005-10-31": "4.48110", "2005-07-31": "3.97080", "2005-04-30": "3.63170", "2005-01-31": "10.49690"}, "Asset Turnover": {"2020-10-31": "0.40930", "2020-07-31": "0.33220", "2020-04-30": "0.27960", "2020-01-31": "0.45480", "2019-10-31": "0.36390", "2019-07-31": "0.35420", "2019-04-30": "0.32760", "2019-01-31": "0.65290", "2018-10-31": "0.49910", "2018-07-31": "0.48900", "2018-04-30": "0.45280", "2018-01-31": "0.60300", "2017-10-31": "0.50350", "2017-07-31": "0.48450", "2017-04-30": "0.46480", "2017-01-31": "0.63850", "2016-10-31": "0.50760", "2016-07-31": "0.48830", "2016-04-30": "0.47930", "2016-01-31": "0.65620", "2015-10-31": "0.50580", "2015-07-31": "0.47040", "2015-04-30": "0.45790", "2015-01-31": "0.66180", "2014-10-31": "0.49620", "2014-07-31": "0.48030", "2014-04-30": "0.44940", "2014-01-31": "0.62750", "2013-10-31": "0.47230", "2013-07-31": "0.46240", "2013-04-30": "0.43030", "2013-01-31": "0.64290", "2012-10-31": "0.46680", "2012-07-31": "0.43940", "2012-04-30": "0.41510", "2012-01-31": "0.61540", "2011-10-31": "0.42280", "2011-07-31": "0.40530", "2011-04-30": "0.38600", "2011-01-31": "0.56080", "2010-10-31": "0.40070", "2010-07-31": "0.38870", "2010-04-30": "0.35940", "2010-01-31": "0.52410", "2009-10-31": "0.38150", "2009-07-31": "0.36250", "2009-04-30": "0.32980", "2009-01-31": "0.52080", "2008-10-31": "0.37490", "2008-07-31": "0.40880", "2008-04-30": "0.37960", "2008-01-31": "0.65640", "2007-10-31": "0.43500", "2007-07-31": "0.43680", "2007-04-30": "0.42120", "2007-01-31": "0.61270", "2006-10-31": "0.43570", "2006-07-31": "0.43220", "2006-04-30": "0.41390", "2006-01-31": "0.61280", "2005-10-31": "0.46240", "2005-07-31": "0.44320", "2005-04-30": "0.42340", "2005-01-31": "0.62080"}, "Inventory Turnover Ratio": {"2020-10-31": "0.94090", "2020-07-31": "0.90140", "2020-04-30": "0.76670", "2020-01-31": "1.04570", "2019-10-31": "0.73440", "2019-07-31": "0.74680", "2019-04-30": "0.68960", "2019-01-31": "1.00140", "2018-10-31": "0.71980", "2018-07-31": "0.73760", "2018-04-30": "0.73210", "2018-01-31": "0.97380", "2017-10-31": "0.70710", "2017-07-31": "0.72590", "2017-04-30": "0.69010", "2017-01-31": "0.98160", "2016-10-31": "0.74000", "2016-07-31": "0.77730", "2016-04-30": "0.74660", "2016-01-31": "1.00060", "2015-10-31": "0.70840", "2015-07-31": "0.69840", "2015-04-30": "0.69140", "2015-01-31": "1.04040", "2014-10-31": "0.72650", "2014-07-31": "0.73420", "2014-04-30": "0.71250", "2014-01-31": "1.07060", "2013-10-31": "0.71910", "2013-07-31": "0.83230", "2013-04-30": "0.83690", "2013-01-31": "1.29010", "2012-10-31": "0.83750", "2012-07-31": "0.87580", "2012-04-30": "0.86710", "2012-01-31": "1.34580", "2011-10-31": "0.85420", "2011-07-31": "0.90910", "2011-04-30": "0.89250", "2011-01-31": "1.34430", "2010-10-31": "0.86010", "2010-07-31": "0.94250", "2010-04-30": "0.88990", "2010-01-31": "1.37000", "2009-10-31": "0.87410", "2009-07-31": "0.88350", "2009-04-30": "0.78020", "2009-01-31": "1.16670", "2008-10-31": "0.73650", "2008-07-31": "0.82350", "2008-04-30": "0.70840", "2008-01-31": "1.15690", "2007-10-31": "0.71850", "2007-07-31": "0.82810", "2007-04-30": "0.80410", "2007-01-31": "1.16830", "2006-10-31": "0.79700", "2006-07-31": "0.90330", "2006-04-30": "0.89270", "2006-01-31": "1.31610", "2005-10-31": "0.85380", "2005-07-31": "0.92320", "2005-04-30": "0.83480", "2005-01-31": "1.32310"}, "Receiveable Turnover": {"2020-10-31": "13.59620", "2020-07-31": "11.58000", "2020-04-30": "11.78300", "2020-01-31": "16.49940", "2019-10-31": "13.09780", "2019-07-31": "12.33700", "2019-04-30": "12.14470", "2019-01-31": "17.14660", "2018-10-31": "11.94720", "2018-07-31": "11.99350", "2018-04-30": "11.72170", "2018-01-31": "18.64100", "2017-10-31": "14.08010", "2017-07-31": "15.26140", "2017-04-30": "17.37220", "2017-01-31": "17.81000", "2016-10-31": "12.92080", "2016-07-31": "11.82040", "2016-04-30": "14.56690", "2016-01-31": "20.00280", "2015-10-31": "13.91630", "2015-07-31": "13.78580", "2015-04-30": "15.92520", "2015-01-31": "22.85820", "2014-10-31": "17.95620", "2014-07-31": "14.91830", "2014-04-30": "17.80410", "2014-01-31": "24.30510", "2013-10-31": "14.04200", "2013-07-31": "15.63830", "2013-04-30": "14.63410", "2013-01-31": "22.32940", "2012-10-31": "15.85830", "2012-07-31": "16.36500", "2012-04-30": "17.14510", "2012-01-31": "27.59170", "2011-10-31": "16.01730", "2011-07-31": "15.84930", "2011-04-30": "18.32720", "2011-01-31": "28.76100", "2010-10-31": "19.45320", "2010-07-31": "20.46970", "2010-04-30": "20.75240", "2010-01-31": "24.66060", "2009-10-31": "17.28930", "2009-07-31": "16.66870", "2009-04-30": "14.40310", "2009-01-31": "26.94870", "2008-10-31": "15.96270", "2008-07-31": "13.06610", "2008-04-30": "12.94070", "2008-01-31": "28.60140", "2007-10-31": "15.38050", "2007-07-31": "13.46020", "2007-04-30": "18.70390", "2007-01-31": "25.70480", "2006-10-31": "14.73470", "2006-07-31": "11.07700", "2006-04-30": "13.47920", "2006-01-31": "23.80240", "2005-10-31": "13.73920", "2005-07-31": "16.58950", "2005-04-30": "15.41780", "2005-01-31": "25.48540"}, "Days Sales In Receivables": {"2020-10-31": "6.61950", "2020-07-31": "7.77200", "2020-04-30": "7.63810", "2020-01-31": "5.45480", "2019-10-31": "6.87140", "2019-07-31": "7.29510", "2019-04-30": "7.41060", "2019-01-31": "5.24890", "2018-10-31": "7.53320", "2018-07-31": "7.50410", "2018-04-30": "7.67810", "2018-01-31": "4.82810", "2017-10-31": "6.39200", "2017-07-31": "5.89720", "2017-04-30": "5.18070", "2017-01-31": "5.05330", "2016-10-31": "6.96550", "2016-07-31": "7.61390", "2016-04-30": "6.17840", "2016-01-31": "4.49940", "2015-10-31": "6.46720", "2015-07-31": "6.52850", "2015-04-30": "5.65140", "2015-01-31": "3.93730", "2014-10-31": "5.01220", "2014-07-31": "6.03290", "2014-04-30": "5.05500", "2014-01-31": "3.70290", "2013-10-31": "6.40940", "2013-07-31": "5.75510", "2013-04-30": "6.15000", "2013-01-31": "4.03060", "2012-10-31": "5.67530", "2012-07-31": "5.49950", "2012-04-30": "5.24930", "2012-01-31": "3.26180", "2011-10-31": "5.61890", "2011-07-31": "5.67850", "2011-04-30": "4.91070", "2011-01-31": "3.12920", "2010-10-31": "4.62650", "2010-07-31": "4.39680", "2010-04-30": "4.33690", "2010-01-31": "3.64950", "2009-10-31": "5.20550", "2009-07-31": "5.39940", "2009-04-30": "6.24860", "2009-01-31": "3.33970", "2008-10-31": "5.63810", "2008-07-31": "6.88810", "2008-04-30": "6.95480", "2008-01-31": "3.14670", "2007-10-31": "5.85160", "2007-07-31": "6.68640", "2007-04-30": "4.81180", "2007-01-31": "3.50130", "2006-10-31": "6.10800", "2006-07-31": "8.12490", "2006-04-30": "6.67700", "2006-01-31": "3.78110", "2005-10-31": "6.55060", "2005-07-31": "5.42510", "2005-04-30": "5.83740", "2005-01-31": "3.53140"}, "ROE - Return On Equity": {"2020-10-31": "14.39270", "2020-07-31": "10.09540", "2020-04-30": "2.90610", "2020-01-31": "13.43560", "2019-10-31": "6.60070", "2019-07-31": "5.58560", "2019-04-30": "4.69400", "2019-01-31": "13.44090", "2018-10-31": "7.46060", "2018-07-31": "4.78390", "2018-04-30": "3.77270", "2018-01-31": "7.95640", "2017-10-31": "6.08380", "2017-07-31": "4.45230", "2017-04-30": "3.26860", "2017-01-31": "11.58670", "2016-10-31": "5.98350", "2016-07-31": "4.48430", "2016-04-30": "3.40520", "2016-01-31": "11.77810", "2015-10-31": "6.31260", "2015-07-31": "4.70200", "2015-04-30": "3.77450", "2015-01-31": "12.00590", "2014-10-31": "5.71180", "2014-07-31": "4.30640", "2014-04-30": "3.82040", "2014-01-31": "10.65270", "2013-10-31": "4.84760", "2013-07-31": "4.01180", "2013-04-30": "3.07790", "2013-01-31": "10.21540", "2012-10-31": "4.01530", "2012-07-31": "3.58370", "2012-04-30": "2.52550", "2012-01-31": "9.76580", "2011-10-31": "3.47980", "2011-07-31": "3.14420", "2011-04-30": "2.52780", "2011-01-31": "9.00810", "2010-10-31": "3.04600", "2010-07-31": "2.54910", "2010-04-30": "1.58790", "2010-01-31": "7.29790", "2009-10-31": "0.65500", "2009-07-31": "0.03580", "2009-04-30": "-1.66650", "2009-01-31": "1.06190", "2008-10-31": "-0.96040", "2008-07-31": "1.55480", "2008-04-30": "0.89240", "2008-01-31": "10.68560", "2007-10-31": "2.47850", "2007-07-31": "2.32710", "2007-04-30": "1.55760", "2007-01-31": "10.51420", "2006-10-31": "2.56520", "2006-07-31": "3.14770", "2006-04-30": "1.99950", "2006-01-31": "10.73320", "2005-10-31": "3.61020", "2005-07-31": "2.97620", "2005-04-30": "2.65080", "2005-01-31": "11.87770"}, "Return On Tangible Equity": {"2020-10-31": "15.32640", "2020-07-31": "10.78670", "2020-04-30": "3.12480", "2020-01-31": "14.43220", "2019-10-31": "7.13910", "2019-07-31": "6.04560", "2019-04-30": "5.08060", "2019-01-31": "14.51310", "2018-10-31": "8.09560", "2018-07-31": "5.19560", "2018-04-30": "3.83290", "2018-01-31": "8.08290", "2017-10-31": "6.18280", "2017-07-31": "4.52380", "2017-04-30": "3.26860", "2017-01-31": "11.58670", "2016-10-31": "5.98350", "2016-07-31": "4.48430", "2016-04-30": "3.40520", "2016-01-31": "11.77810", "2015-10-31": "6.31260", "2015-07-31": "4.70200", "2015-04-30": "3.77450", "2015-01-31": "12.00590", "2014-10-31": "5.71180", "2014-07-31": "4.30640", "2014-04-30": "3.82040", "2014-01-31": "10.65270", "2013-10-31": "4.84760", "2013-07-31": "4.01180", "2013-04-30": "3.07790", "2013-01-31": "10.21540", "2012-10-31": "4.01530", "2012-07-31": "3.58370", "2012-04-30": "2.52550", "2012-01-31": "9.76580", "2011-10-31": "3.47980", "2011-07-31": "3.14420", "2011-04-30": "2.52780", "2011-01-31": "9.00810", "2010-10-31": "3.04600", "2010-07-31": "2.54910", "2010-04-30": "1.58790", "2010-01-31": "7.29790", "2009-10-31": "0.65500", "2009-07-31": "0.03580", "2009-04-30": "-1.66650", "2009-01-31": "1.06190", "2008-10-31": "-0.96040", "2008-07-31": "1.55480", "2008-04-30": "0.89240", "2008-01-31": "10.68560", "2007-10-31": "2.47850", "2007-07-31": "2.32710", "2007-04-30": "1.55760", "2007-01-31": "10.51420", "2006-10-31": "2.56520", "2006-07-31": "3.14770", "2006-04-30": "1.99950", "2006-01-31": "10.73320", "2005-10-31": "3.61020", "2005-07-31": "2.97620", "2005-04-30": "2.65080", "2005-01-31": "11.87770"}, "ROA - Return On Assets": {"2020-10-31": "4.68070", "2020-07-31": "2.99880", "2020-04-30": "0.80180", "2020-01-31": "4.09580", "2019-10-31": "1.88490", "2019-07-31": "1.61890", "2019-04-30": "1.38990", "2019-01-31": "5.52250", "2018-10-31": "2.99640", "2018-07-31": "1.98290", "2018-04-30": "1.70000", "2018-01-31": "3.43750", "2017-10-31": "2.76370", "2017-07-31": "2.13390", "2017-04-30": "1.65420", "2017-01-31": "5.83910", "2016-10-31": "2.82790", "2016-07-31": "2.18170", "2016-04-30": "1.72880", "2016-01-31": "5.83790", "2015-10-31": "2.89370", "2015-07-31": "2.23990", "2015-04-30": "1.98970", "2015-01-31": "6.30990", "2014-10-31": "2.81730", "2014-07-31": "2.34550", "2014-04-30": "2.12910", "2014-01-31": "5.72590", "2013-10-31": "2.54750", "2013-07-31": "2.30300", "2013-04-30": "1.91280", "2013-01-31": "6.11310", "2012-10-31": "2.41670", "2012-07-31": "2.18000", "2012-04-30": "1.55950", "2012-01-31": "5.94840", "2011-10-31": "2.11690", "2011-07-31": "1.95560", "2011-04-30": "1.58330", "2011-01-31": "5.31950", "2010-10-31": "1.79490", "2010-07-31": "1.54140", "2010-04-30": "0.97850", "2010-01-31": "4.25270", "2009-10-31": "0.38330", "2009-07-31": "0.02150", "2009-04-30": "-1.00860", "2009-01-31": "0.62990", "2008-10-31": "-0.54820", "2008-07-31": "0.91690", "2008-04-30": "0.50720", "2008-01-31": "5.94900", "2007-10-31": "1.31580", "2007-07-31": "1.31980", "2007-04-30": "0.93690", "2007-01-31": "5.91040", "2006-10-31": "1.48890", "2006-07-31": "1.86170", "2006-04-30": "1.20370", "2006-01-31": "6.09520", "2005-10-31": "2.07200", "2005-07-31": "1.75970", "2005-04-30": "1.53760", "2005-01-31": "6.51650"}, "ROI - Return On Investment": {"2020-10-31": "11.86140", "2020-07-31": "8.24580", "2020-04-30": "2.33230", "2020-01-31": "13.43560", "2019-10-31": "5.21860", "2019-07-31": "4.40770", "2019-04-30": "3.70440", "2019-01-31": "10.67370", "2018-10-31": "5.85440", "2018-07-31": "3.74590", "2018-04-30": "3.01780", "2018-01-31": "6.37130", "2017-10-31": "6.08380", "2017-07-31": "4.45230", "2017-04-30": "3.26860", "2017-01-31": "11.58670", "2016-10-31": "5.98350", "2016-07-31": "4.48430", "2016-04-30": "3.40520", "2016-01-31": "11.77810", "2015-10-31": "6.31260", "2015-07-31": "4.70200", "2015-04-30": "3.77450", "2015-01-31": "12.00590", "2014-10-31": "5.71180", "2014-07-31": "4.30640", "2014-04-30": "3.81420", "2014-01-31": "10.63600", "2013-10-31": "4.83950", "2013-07-31": "4.00530", "2013-04-30": "3.06900", "2013-01-31": "10.18620", "2012-10-31": "4.00290", "2012-07-31": "3.56780", "2012-04-30": "2.51420", "2012-01-31": "9.72330", "2011-10-31": "3.46460", "2011-07-31": "3.12660", "2011-04-30": "2.51350", "2011-01-31": "8.95740", "2010-10-31": "3.02790", "2010-07-31": "2.53400", "2010-04-30": "1.57690", "2010-01-31": "7.24600", "2009-10-31": "0.64980", "2009-07-31": "0.03550", "2009-04-30": "-1.65140", "2009-01-31": "1.05250", "2008-10-31": "-0.95210", "2008-07-31": "1.54160", "2008-04-30": "0.88390", "2008-01-31": "10.58350", "2007-10-31": "2.45270", "2007-07-31": "2.30120", "2007-04-30": "1.54070", "2007-01-31": "10.39840", "2006-10-31": "2.53610", "2006-07-31": "3.10910", "2006-04-30": "1.97490", "2006-01-31": "10.59680", "2005-10-31": "3.55910", "2005-07-31": "2.93080", "2005-04-30": "2.60470", "2005-01-31": "11.64480"}, "Book Value Per Share": {"2020-10-31": "18.27850", "2020-07-31": "17.13360", "2020-04-30": "15.67570", "2020-01-31": "16.02160", "2019-10-31": "14.58400", "2019-07-31": "14.34220", "2019-04-30": "14.23420", "2019-01-31": "14.66400", "2018-10-31": "13.60160", "2018-07-31": "13.34780", "2018-04-30": "14.38660", "2018-01-31": "14.37700", "2017-10-31": "13.87550", "2017-07-31": "13.86160", "2017-04-30": "13.93060", "2017-01-31": "14.29720", "2016-10-31": "13.17680", "2016-07-31": "13.01710", "2016-04-30": "13.01460", "2016-01-31": "13.38290", "2015-10-31": "12.40850", "2015-07-31": "12.56610", "2015-04-30": "12.95250", "2015-01-31": "13.33290", "2014-10-31": "12.32260", "2014-07-31": "12.61490", "2014-04-30": "12.82910", "2014-01-31": "13.35480", "2013-10-31": "12.39730", "2013-07-31": "12.72320", "2013-04-30": "13.17680", "2013-01-31": "13.39490", "2012-10-31": "12.41510", "2012-07-31": "12.26570", "2012-04-30": "12.23950", "2012-01-31": "12.49630", "2011-10-31": "12.10870", "2011-07-31": "12.02200", "2011-04-30": "11.94940", "2011-01-31": "12.00200", "2010-10-31": "11.37610", "2010-07-31": "11.33190", "2010-04-30": "11.39980", "2010-01-31": "11.32730", "2009-10-31": "10.55880", "2009-07-31": "10.55210", "2009-04-30": "10.61950", "2009-01-31": "10.86450", "2008-10-31": "10.83750", "2008-07-31": "11.19910", "2008-04-30": "11.09200", "2008-01-31": "11.06530", "2007-10-31": "10.20260", "2007-07-31": "10.28050", "2007-04-30": "10.53510", "2007-01-31": "10.48010", "2006-10-31": "10.06710", "2006-07-31": "9.95840", "2006-04-30": "10.03470", "2006-01-31": "9.80420", "2005-10-31": "8.91440", "2005-07-31": "8.89560", "2005-04-30": "8.53280", "2005-01-31": "8.30060"}, "Operating Cash Flow Per Share": {"2020-10-31": 6.4292, "2020-07-31": 2.0429, "2020-04-30": "0.68720", "2020-01-31": 6.5295, "2019-10-31": 1.4711, "2019-07-31": 0.8928, "2019-04-30": "-1.22800", "2019-01-31": 4.918, "2018-10-31": 0.7543, "2018-07-31": 1.3165, "2018-04-30": "0.12790", "2018-01-31": 4.4825, "2017-10-31": 0.918, "2017-07-31": 0.9333, "2017-04-30": "-0.52870", "2017-01-31": 4.4914, "2016-10-31": 1.0011, "2016-07-31": 1.1754, "2016-04-30": "-0.80270", "2016-01-31": 4.8932, "2015-10-31": 0.616, "2015-07-31": 1.1165, "2015-04-30": "-0.71890", "2015-01-31": 3.5666, "2014-10-31": 1.1766, "2014-07-31": 0.8421, "2014-04-30": "-0.73550", "2014-01-31": 3.0752, "2013-10-31": 0.8718, "2013-07-31": 1.2485, "2013-04-30": "-0.60110", "2013-01-31": 2.9822, "2012-10-31": 0.237, "2012-07-31": 0.5876, "2012-04-30": "-0.20340", "2012-01-31": 2.7512, "2011-10-31": 0.4293, "2011-07-31": 0.4047, "2011-04-30": "-0.85180", "2011-01-31": 2.8606, "2010-10-31": 0.4725, "2010-07-31": 0.5585, "2010-04-30": "-0.64120", "2010-01-31": 3.0458, "2009-10-31": 0.8145, "2009-07-31": 0.9012, "2009-04-30": "-0.19130", "2009-01-31": 1.6393, "2008-10-31": 0.4132, "2008-07-31": 0.9257, "2008-04-30": "-0.82470", "2008-01-31": 2.5488, "2007-10-31": 0.0224, "2007-07-31": 0.7422, "2007-04-30": "-1.11020", "2007-01-31": 2.7507, "2006-10-31": 0.0857, "2006-07-31": 0.4694, "2006-04-30": "-0.65870", "2006-01-31": 2.7745, "2005-10-31": 0.2907, "2005-07-31": 0.6093, "2005-04-30": "-0.73280", "2005-01-31": 2.5509}, "Free Cash Flow Per Share": {"2020-10-31": 5.8154, "2020-07-31": 1.6224, "2020-04-30": "0.14730", "2020-01-31": 5.7082, "2019-10-31": 0.9125, "2019-07-31": 0.3741, "2019-04-30": "-1.68060", "2019-01-31": 4.1811, "2018-10-31": 0.1446, "2018-07-31": 0.7585, "2018-04-30": "-0.27630", "2018-01-31": 3.8693, "2017-10-31": 0.2799, "2017-07-31": 0.3473, "2017-04-30": "-0.89530", "2017-01-31": 3.7113, "2016-10-31": 0.4423, "2016-07-31": 0.6186, "2016-04-30": "-1.11370", "2016-01-31": 4.1721, "2015-10-31": 0.0719, "2015-07-31": 0.6111, "2015-04-30": "-1.15170", "2015-01-31": 2.8025, "2014-10-31": 0.6608, "2014-07-31": 0.3694, "2014-04-30": "-1.13420", "2014-01-31": 2.5955, "2013-10-31": 0.3758, "2013-07-31": 0.7372, "2013-04-30": "-1.07790", "2013-01-31": 2.1086, "2012-10-31": -0.2317, "2012-07-31": 0.17, "2012-04-30": "-0.47620", "2012-01-31": 2.4954, "2011-10-31": 0.0477, "2011-07-31": 0.0263, "2011-04-30": "-1.05900", "2011-01-31": 2.7216, "2010-10-31": 0.2293, "2010-07-31": 0.5345, "2010-04-30": "-0.80020", "2010-01-31": 2.8463, "2009-10-31": 0.6581, "2009-07-31": 0.789, "2009-04-30": "-0.38660", "2009-01-31": 1.7844, "2008-10-31": -0.4681, "2008-07-31": 0.8089, "2008-04-30": "-1.32400", "2008-01-31": 2.0906, "2007-10-31": -0.6126, "2007-07-31": 0.2191, "2007-04-30": "-1.39380", "2007-01-31": 2.3618, "2006-10-31": -0.4432, "2006-07-31": 0.0831, "2006-04-30": "-0.99000", "2006-01-31": 2.4966, "2005-10-31": -0.0642, "2005-07-31": 0.2513, "2005-04-30": "-1.02370", "2005-01-31": 1.0305}}, "revenue": {"Williams-Sonoma Annual Revenue (Millions of US $)": {"2020": "$5,898", "2019": "$5,672", "2018": "$5,292", "2017": "$5,084", "2016": "$4,976", "2015": "$4,699", "2014": "$4,388", "2013": "$4,043", "2012": "$3,721", "2011": "$3,504", "2010": "$3,103", "2009": "$3,361", "2008": "$3,945", "2007": "$3,728", "2006": "$3,539", "2005": "$3,137"}, "Williams-Sonoma Quarterly Revenue (Millions of US $)": {"2020-10-31": "$1,765", "2020-07-31": "$1,491", "2020-04-30": "$1,235", "2020-01-31": "$1,844", "2019-10-31": "$1,442", "2019-07-31": "$1,371", "2019-04-30": "$1,241", "2019-01-31": "$1,836", "2018-10-31": "$1,357", "2018-07-31": "$1,275", "2018-04-30": "$1,203", "2018-01-31": "$1,680", "2017-10-31": "$1,299", "2017-07-31": "$1,202", "2017-04-30": "$1,112", "2017-01-31": "$1,582", "2016-10-31": "$1,245", "2016-07-31": "$1,159", "2016-04-30": "$1,098", "2016-01-31": "$1,586", "2015-10-31": "$1,232", "2015-07-31": "$1,127", "2015-04-30": "$1,031", "2015-01-31": "$1,542", "2014-10-31": "$1,143", "2014-07-31": "$1,039", "2014-04-30": "$974", "2014-01-31": "$1,466", "2013-10-31": "$1,052", "2013-07-31": "$982", "2013-04-30": "$888", "2013-01-31": "$1,406", "2012-10-31": "$945", "2012-07-31": "$874", "2012-04-30": "$818", "2012-01-31": "$1,268", "2011-10-31": "$867", "2011-07-31": "$815", "2011-04-30": "$771", "2011-01-31": "$1,195", "2010-10-31": "$816", "2010-07-31": "$776", "2010-04-30": "$718", "2010-01-31": "$1,090", "2009-10-31": "$729", "2009-07-31": "$672", "2009-04-30": "$612", "2009-01-31": "$1,008", "2008-10-31": "$752", "2008-07-31": "$820", "2008-04-30": "$782", "2008-01-31": "$1,374", "2007-10-31": "$895", "2007-07-31": "$859", "2007-04-30": "$816", "2007-01-31": "$1,255", "2006-10-31": "$853", "2006-07-31": "$826", "2006-04-30": "$794", "2006-01-31": "$1,214", "2005-10-31": "$828", "2005-07-31": "$776", "2005-04-30": "$721", "2005-01-31": "$1,084"}}, "gross-profit": {"Williams-Sonoma Annual Gross Profit (Millions of US $)": {"2020": "$2,139", "2019": "$2,101", "2018": "$1,932", "2017": "$1,883", "2016": "$1,844", "2015": "$1,801", "2014": "$1,704", "2013": "$1,592", "2012": "$1,460", "2011": "$1,374", "2010": "$1,103", "2009": "$1,135", "2008": "$1,536", "2007": "$1,487", "2006": "$1,435", "2005": "$1,271"}, "Williams-Sonoma Quarterly Gross Profit (Millions of US $)": {"2020-10-31": "$706", "2020-07-31": "$551", "2020-04-30": "$414", "2020-01-31": "$693", "2019-10-31": "$518", "2019-07-31": "$484", "2019-04-30": "$444", "2019-01-31": "$710", "2018-10-31": "$495", "2018-07-31": "$464", "2018-04-30": "$432", "2018-01-31": "$646", "2017-10-31": "$467", "2017-07-31": "$423", "2017-04-30": "$396", "2017-01-31": "$622", "2016-10-31": "$458", "2016-07-31": "$411", "2016-04-30": "$393", "2016-01-31": "$608", "2015-10-31": "$451", "2015-07-31": "$407", "2015-04-30": "$379", "2015-01-31": "$619", "2014-10-31": "$431", "2014-07-31": "$382", "2014-04-30": "$368", "2014-01-31": "$596", "2013-10-31": "$405", "2013-07-31": "$369", "2013-04-30": "$334", "2013-01-31": "$581", "2012-10-31": "$368", "2012-07-31": "$334", "2012-04-30": "$309", "2012-01-31": "$523", "2011-10-31": "$332", "2011-07-31": "$309", "2011-04-30": "$296", "2011-01-31": "$505", "2010-10-31": "$311", "2010-07-31": "$287", "2010-04-30": "$271", "2010-01-31": "$451", "2009-10-31": "$253", "2009-07-31": "$215", "2009-04-30": "$184", "2009-01-31": "$340", "2008-10-31": "$240", "2008-07-31": "$279", "2008-04-30": "$276", "2008-01-31": "$572", "2007-10-31": "$342", "2007-07-31": "$320", "2007-04-30": "$302", "2007-01-31": "$542", "2006-10-31": "$326", "2006-07-31": "$315", "2006-04-30": "$305", "2006-01-31": "$530", "2005-10-31": "$326", "2005-07-31": "$295", "2005-04-30": "$285", "2005-01-31": "$485"}}, "operating-income": {"Williams-Sonoma Annual Operating Income (Millions of US $)": {"2020": "$466", "2019": "$436", "2018": "$454", "2017": "$473", "2016": "$489", "2015": "$502", "2014": "$452", "2013": "$409", "2012": "$382", "2011": "$323", "2010": "$121", "2009": "$42", "2008": "$313", "2007": "$328", "2006": "$345", "2005": "$310"}, "Williams-Sonoma Quarterly Operating Income (Millions of US $)": {"2020-10-31": "$275", "2020-07-31": "$185", "2020-04-30": "$49", "2020-01-31": "$204", "2019-10-31": "$102", "2019-07-31": "$86", "2019-04-30": "$74", "2019-01-31": "$201", "2018-10-31": "$94", "2018-07-31": "$74", "2018-04-30": "$67", "2018-01-31": "$199", "2017-10-31": "$111", "2017-07-31": "$82", "2017-04-30": "$62", "2017-01-31": "$216", "2016-10-31": "$110", "2016-07-31": "$83", "2016-04-30": "$64", "2016-01-31": "$223", "2015-10-31": "$111", "2015-07-31": "$83", "2015-04-30": "$72", "2015-01-31": "$238", "2014-10-31": "$105", "2014-07-31": "$85", "2014-04-30": "$74", "2014-01-31": "$218", "2013-10-31": "$92", "2013-07-31": "$78", "2013-04-30": "$64", "2013-01-31": "$210", "2012-10-31": "$79", "2012-07-31": "$70", "2012-04-30": "$49", "2012-01-31": "$197", "2011-10-31": "$69", "2011-07-31": "$64", "2011-04-30": "$52", "2011-01-31": "$184", "2010-10-31": "$56", "2010-07-31": "$51", "2010-04-30": "$32", "2010-01-31": "$141", "2009-10-31": "$9", "2009-07-31": "$0", "2009-04-30": "$-29", "2009-01-31": "$19", "2008-10-31": "$-19", "2008-07-31": "$25", "2008-04-30": "$17", "2008-01-31": "$197", "2007-10-31": "$45", "2007-07-31": "$43", "2007-04-30": "$28", "2007-01-31": "$195", "2006-10-31": "$43", "2006-07-31": "$54", "2006-04-30": "$35", "2006-01-31": "$193", "2005-10-31": "$59", "2005-07-31": "$49", "2005-04-30": "$44", "2005-01-31": "$184"}}, "ebitda": {"Williams-Sonoma Annual EBITDA (Millions of US $)": {"2020": "$646", "2019": "$599", "2018": "$612", "2017": "$621", "2016": "$632", "2015": "$640", "2014": "$577", "2013": "$517", "2012": "$485", "2011": "$431", "2010": "$236", "2009": "$159", "2008": "$425", "2007": "$434", "2006": "$443", "2005": "$399"}, "Williams-Sonoma Quarterly EBITDA (Millions of US $)": {"2020-10-31": "$320", "2020-07-31": "$231", "2020-04-30": "$93", "2020-01-31": "$249", "2019-10-31": "$147", "2019-07-31": "$131", "2019-04-30": "$119", "2019-01-31": "$242", "2018-10-31": "$135", "2018-07-31": "$114", "2018-04-30": "$108", "2018-01-31": "$240", "2017-10-31": "$150", "2017-07-31": "$120", "2017-04-30": "$101", "2017-01-31": "$255", "2016-10-31": "$148", "2016-07-31": "$119", "2016-04-30": "$99", "2016-01-31": "$259", "2015-10-31": "$146", "2015-07-31": "$119", "2015-04-30": "$107", "2015-01-31": "$273", "2014-10-31": "$140", "2014-07-31": "$119", "2014-04-30": "$107", "2014-01-31": "$250", "2013-10-31": "$124", "2013-07-31": "$109", "2013-04-30": "$94", "2013-01-31": "$239", "2012-10-31": "$106", "2012-07-31": "$96", "2012-04-30": "$76", "2012-01-31": "$222", "2011-10-31": "$95", "2011-07-31": "$90", "2011-04-30": "$78", "2011-01-31": "$210", "2010-10-31": "$83", "2010-07-31": "$78", "2010-04-30": "$60", "2010-01-31": "$169", "2009-10-31": "$39", "2009-07-31": "$30", "2009-04-30": "$-1", "2009-01-31": "$49", "2008-10-31": "$10", "2008-07-31": "$54", "2008-04-30": "$46", "2008-01-31": "$227", "2007-10-31": "$71", "2007-07-31": "$70", "2007-04-30": "$56", "2007-01-31": "$224", "2006-10-31": "$70", "2006-07-31": "$80", "2006-04-30": "$60", "2006-01-31": "$218", "2005-10-31": "$72", "2005-07-31": "$86", "2005-04-30": "$68", "2005-01-31": "$208"}}, "net-income": {"Williams-Sonoma Annual Net Income (Millions of US $)": {"2020": "$356", "2019": "$334", "2018": "$260", "2017": "$305", "2016": "$310", "2015": "$309", "2014": "$279", "2013": "$257", "2012": "$237", "2011": "$200", "2010": "$77", "2009": "$30", "2008": "$196", "2007": "$209", "2006": "$215", "2005": "$191"}, "Williams-Sonoma Quarterly Net Income (Millions of US $)": {"2020-10-31": "$202", "2020-07-31": "$135", "2020-04-30": "$35", "2020-01-31": "$166", "2019-10-31": "$75", "2019-07-31": "$63", "2019-04-30": "$53", "2019-01-31": "$155", "2018-10-31": "$81", "2018-07-31": "$52", "2018-04-30": "$45", "2018-01-31": "$96", "2017-10-31": "$71", "2017-07-31": "$53", "2017-04-30": "$40", "2017-01-31": "$145", "2016-10-31": "$69", "2016-07-31": "$52", "2016-04-30": "$40", "2016-01-31": "$141", "2015-10-31": "$70", "2015-07-31": "$54", "2015-04-30": "$45", "2015-01-31": "$147", "2014-10-31": "$65", "2014-07-31": "$51", "2014-04-30": "$46", "2014-01-31": "$134", "2013-10-31": "$57", "2013-07-31": "$49", "2013-04-30": "$39", "2013-01-31": "$134", "2012-10-31": "$49", "2012-07-31": "$43", "2012-04-30": "$31", "2012-01-31": "$123", "2011-10-31": "$43", "2011-07-31": "$39", "2011-04-30": "$32", "2011-01-31": "$113", "2010-10-31": "$37", "2010-07-31": "$31", "2010-04-30": "$20", "2010-01-31": "$88", "2009-10-31": "$7", "2009-07-31": "$0", "2009-04-30": "$-19", "2009-01-31": "$12", "2008-10-31": "$-11", "2008-07-31": "$18", "2008-04-30": "$10", "2008-01-31": "$125", "2007-10-31": "$27", "2007-07-31": "$26", "2007-04-30": "$18", "2007-01-31": "$121", "2006-10-31": "$29", "2006-07-31": "$36", "2006-04-30": "$23", "2006-01-31": "$121", "2005-10-31": "$37", "2005-07-31": "$31", "2005-04-30": "$26", "2005-01-31": "$114"}}, "eps-earnings-per-share-diluted": {"Williams-Sonoma Annual EPS": {"2020": "$4.49", "2019": "$4.05", "2018": "$3.02", "2017": "$3.41", "2016": "$3.37", "2015": "$3.24", "2014": "$2.82", "2013": "$2.54", "2012": "$2.22", "2011": "$1.83", "2010": "$0.72", "2009": "$0.28", "2008": "$1.76", "2007": "$1.79", "2006": "$1.81", "2005": "$1.60"}, "Williams-Sonoma Quarterly EPS": {"2020-10-31": "$2.54", "2020-07-31": "$1.70", "2020-04-30": "$0.45", "2020-01-31": "$2.10", "2019-10-31": "$0.94", "2019-07-31": "$0.79", "2019-04-30": "$0.66", "2019-01-31": "$1.89", "2018-10-31": "$1.00", "2018-07-31": "$0.62", "2018-04-30": "$0.54", "2018-01-31": "$1.12", "2017-10-31": "$0.84", "2017-07-31": "$0.61", "2017-04-30": "$0.45", "2017-01-31": "$1.61", "2016-10-31": "$0.78", "2016-07-31": "$0.58", "2016-04-30": "$0.44", "2016-01-31": "$1.54", "2015-10-31": "$0.77", "2015-07-31": "$0.58", "2015-04-30": "$0.48", "2015-01-31": "$1.55", "2014-10-31": "$0.68", "2014-07-31": "$0.53", "2014-04-30": "$0.48", "2014-01-31": "$1.35", "2013-10-31": "$0.58", "2013-07-31": "$0.49", "2013-04-30": "$0.40", "2013-01-31": "$1.32", "2012-10-31": "$0.49", "2012-07-31": "$0.43", "2012-04-30": "$0.30", "2012-01-31": "$1.15", "2011-10-31": "$0.41", "2011-07-31": "$0.37", "2011-04-30": "$0.29", "2011-01-31": "$1.03", "2010-10-31": "$0.34", "2010-07-31": "$0.28", "2010-04-30": "$0.18", "2010-01-31": "$0.83", "2009-10-31": "$0.07", "2009-07-31": "$0.00", "2009-04-30": "$-0.18", "2009-01-31": "$0.11", "2008-10-31": "$-0.10", "2008-07-31": "$0.17", "2008-04-30": "$0.10", "2008-01-31": "$1.12", "2007-10-31": "$0.25", "2007-07-31": "$0.23", "2007-04-30": "$0.16", "2007-01-31": "$1.04", "2006-10-31": "$0.25", "2006-07-31": "$0.30", "2006-04-30": "$0.20", "2006-01-31": "$1.02", "2005-10-31": "$0.31", "2005-07-31": "$0.26", "2005-04-30": "$0.22", "2005-01-31": "$0.95"}}, "shares-outstanding": {"Williams-Sonoma Annual Shares Outstanding (Millions of Shares)": {"2020": "79", "2019": "82", "2018": "86", "2017": "89", "2016": "92", "2015": "95", "2014": "99", "2013": "101", "2012": "107", "2011": "110", "2010": "107", "2009": "107", "2008": "111", "2007": "117", "2006": "118", "2005": "119"}, "Williams-Sonoma Quarterly Shares Outstanding (Millions of Shares)": {"2020-10-31": "79", "2020-07-31": "79", "2020-04-30": "78", "2020-01-31": "79", "2019-10-31": "79", "2019-07-31": "79", "2019-04-30": "80", "2019-01-31": "82", "2018-10-31": "82", "2018-07-31": "83", "2018-04-30": "84", "2018-01-31": "86", "2017-10-31": "85", "2017-07-31": "87", "2017-04-30": "88", "2017-01-31": "89", "2016-10-31": "89", "2016-07-31": "90", "2016-04-30": "91", "2016-01-31": "92", "2015-10-31": "92", "2015-07-31": "93", "2015-04-30": "93", "2015-01-31": "95", "2014-10-31": "95", "2014-07-31": "96", "2014-04-30": "96", "2014-01-31": "99", "2013-10-31": "98", "2013-07-31": "99", "2013-04-30": "100", "2013-01-31": "101", "2012-10-31": "100", "2012-07-31": "101", "2012-04-30": "102", "2012-01-31": "107", "2011-10-31": "106", "2011-07-31": "107", "2011-04-30": "107", "2011-01-31": "110", "2010-10-31": "109", "2010-07-31": "110", "2010-04-30": "110", "2010-01-31": "107", "2009-10-31": "109", "2009-07-31": "107", "2009-04-30": "106", "2009-01-31": "107", "2008-10-31": "106", "2008-07-31": "107", "2008-04-30": "107", "2008-01-31": "111", "2007-10-31": "110", "2007-07-31": "112", "2007-04-30": "112", "2007-01-31": "117", "2006-10-31": "116", "2006-07-31": "118", "2006-04-30": "118", "2006-01-31": "118", "2005-10-31": "119", "2005-07-31": "119", "2005-04-30": "118", "2005-01-31": "119"}}, "total-assets": {"Williams-Sonoma Annual Total Assets (Millions of US $)": {"2020": "$4,054", "2019": "$2,813", "2018": "$2,786", "2017": "$2,477", "2016": "$2,417", "2015": "$2,330", "2014": "$2,337", "2013": "$2,188", "2012": "$2,061", "2011": "$2,132", "2010": "$2,079", "2009": "$1,935", "2008": "$2,094", "2007": "$2,048", "2006": "$1,982", "2005": "$1,746"}, "Williams-Sonoma Quarterly Total Assets (Millions of US $)": {"2020-10-31": "$4,311", "2020-07-31": "$4,487", "2020-04-30": "$4,418", "2020-01-31": "$4,054", "2019-10-31": "$3,964", "2019-07-31": "$3,870", "2019-04-30": "$3,788", "2019-01-31": "$2,813", "2018-10-31": "$2,719", "2018-07-31": "$2,608", "2018-04-30": "$2,657", "2018-01-31": "$2,786", "2017-10-31": "$2,580", "2017-07-31": "$2,480", "2017-04-30": "$2,391", "2017-01-31": "$2,477", "2016-10-31": "$2,453", "2016-07-31": "$2,374", "2016-04-30": "$2,290", "2016-01-31": "$2,417", "2015-10-31": "$2,436", "2015-07-31": "$2,396", "2015-04-30": "$2,251", "2015-01-31": "$2,330", "2014-10-31": "$2,304", "2014-07-31": "$2,164", "2014-04-30": "$2,168", "2014-01-31": "$2,337", "2013-10-31": "$2,226", "2013-07-31": "$2,124", "2013-04-30": "$2,063", "2013-01-31": "$2,188", "2012-10-31": "$2,023", "2012-07-31": "$1,990", "2012-04-30": "$1,970", "2012-01-31": "$2,061", "2011-10-31": "$2,051", "2011-07-31": "$2,010", "2011-04-30": "$1,997", "2011-01-31": "$2,132", "2010-10-31": "$2,035", "2010-07-31": "$1,995", "2010-04-30": "$1,997", "2010-01-31": "$2,079", "2009-10-31": "$1,912", "2009-07-31": "$1,854", "2009-04-30": "$1,854", "2009-01-31": "$1,935", "2008-10-31": "$2,006", "2008-07-31": "$2,005", "2008-04-30": "$2,060", "2008-01-31": "$2,094", "2007-10-31": "$2,058", "2007-07-31": "$1,967", "2007-04-30": "$1,937", "2007-01-31": "$2,048", "2006-10-31": "$1,957", "2006-07-31": "$1,910", "2006-04-30": "$1,919", "2006-01-31": "$1,982", "2005-10-31": "$1,790", "2005-07-31": "$1,752", "2005-04-30": "$1,702", "2005-01-31": "$1,746"}}, "cash-on-hand": {"Williams-Sonoma Annual Cash on Hand (Millions of US $)": {"2020": "$432", "2019": "$339", "2018": "$390", "2017": "$214", "2016": "$194", "2015": "$223", "2014": "$344", "2013": "$441", "2012": "$517", "2011": "$641", "2010": "$514", "2009": "$149", "2008": "$119", "2007": "$275", "2006": "$361", "2005": "$239"}, "Williams-Sonoma Quarterly Cash on Hand (Millions of US $)": {"2020-10-31": "$773", "2020-07-31": "$948", "2020-04-30": "$861", "2020-01-31": "$432", "2019-10-31": "$155", "2019-07-31": "$120", "2019-04-30": "$108", "2019-01-31": "$339", "2018-10-31": "$164", "2018-07-31": "$175", "2018-04-30": "$290", "2018-01-31": "$390", "2017-10-31": "$91", "2017-07-31": "$103", "2017-04-30": "$94", "2017-01-31": "$214", "2016-10-31": "$75", "2016-07-31": "$111", "2016-04-30": "$99", "2016-01-31": "$194", "2015-10-31": "$72", "2015-07-31": "$120", "2015-04-30": "$79", "2015-01-31": "$223", "2014-10-31": "$108", "2014-07-31": "$71", "2014-04-30": "$127", "2014-01-31": "$344", "2013-10-31": "$143", "2013-07-31": "$222", "2013-04-30": "$269", "2013-01-31": "$441", "2012-10-31": "$279", "2012-07-31": "$353", "2012-04-30": "$391", "2012-01-31": "$517", "2011-10-31": "$394", "2011-07-31": "$439", "2011-04-30": "$484", "2011-01-31": "$641", "2010-10-31": "$402", "2010-07-31": "$417", "2010-04-30": "$417", "2010-01-31": "$514", "2009-10-31": "$229", "2009-07-31": "$165", "2009-04-30": "$96", "2009-01-31": "$149", "2008-10-31": "$23", "2008-07-31": "$39", "2008-04-30": "$27", "2008-01-31": "$119", "2007-10-31": "$16", "2007-07-31": "$58", "2007-04-30": "$117", "2007-01-31": "$275", "2006-10-31": "$109", "2006-07-31": "$187", "2006-04-30": "$250", "2006-01-31": "$361", "2005-10-31": "$92", "2005-07-31": "$154", "2005-04-30": "$116", "2005-01-31": "$239"}}, "long-term-debt": {"Williams-Sonoma Annual Long Term Debt (Millions of US $)": {"2020": "$", "2019": "$300", "2018": "$299", "2017": "$", "2016": "$", "2015": "$", "2014": "$2", "2013": "$4", "2012": "$5", "2011": "$7", "2010": "$9", "2009": "$10", "2008": "$11", "2007": "$13", "2006": "$14", "2005": "$19"}, "Williams-Sonoma Quarterly Long Term Debt (Millions of US $)": {"2020-10-31": "$299", "2020-07-31": "$299", "2020-04-30": "$300", "2020-01-31": "", "2019-10-31": "$300", "2019-07-31": "$300", "2019-04-30": "$300", "2019-01-31": "$300", "2018-10-31": "$300", "2018-07-31": "$300", "2018-04-30": "$299", "2018-01-31": "$299", "2017-10-31": "", "2017-07-31": "", "2017-04-30": "", "2017-01-31": "", "2016-10-31": "", "2016-07-31": "", "2016-04-30": "", "2016-01-31": "", "2015-10-31": "", "2015-07-31": "", "2015-04-30": "", "2015-01-31": "", "2014-10-31": "", "2014-07-31": "", "2014-04-30": "$2", "2014-01-31": "$2", "2013-10-31": "$2", "2013-07-31": "$2", "2013-04-30": "$4", "2013-01-31": "$4", "2012-10-31": "$4", "2012-07-31": "$5", "2012-04-30": "$5", "2012-01-31": "$5", "2011-10-31": "$5", "2011-07-31": "$7", "2011-04-30": "$7", "2011-01-31": "$7", "2010-10-31": "$7", "2010-07-31": "$7", "2010-04-30": "$9", "2010-01-31": "$9", "2009-10-31": "$9", "2009-07-31": "$9", "2009-04-30": "$10", "2009-01-31": "$10", "2008-10-31": "$10", "2008-07-31": "$10", "2008-04-30": "$11", "2008-01-31": "$11", "2007-10-31": "$11", "2007-07-31": "$13", "2007-04-30": "$13", "2007-01-31": "$13", "2006-10-31": "$13", "2006-07-31": "$14", "2006-04-30": "$14", "2006-01-31": "$14", "2005-10-31": "$15", "2005-07-31": "$16", "2005-04-30": "$17", "2005-01-31": "$19"}}, "total-liabilities": {"Williams-Sonoma Annual Total Liabilities (Millions of US $)": {"2020": "$2,818", "2019": "$1,657", "2018": "$1,582", "2017": "$1,229", "2016": "$1,219", "2015": "$1,106", "2014": "$1,081", "2013": "$879", "2012": "$806", "2011": "$873", "2010": "$868", "2009": "$787", "2008": "$928", "2007": "$897", "2006": "$856", "2005": "$788"}, "Williams-Sonoma Quarterly Total Liabilities (Millions of US $)": {"2020-10-31": "$2,909", "2020-07-31": "$3,154", "2020-04-30": "$3,199", "2020-01-31": "$2,818", "2019-10-31": "$2,832", "2019-07-31": "$2,748", "2019-04-30": "$2,667", "2019-01-31": "$1,657", "2018-10-31": "$1,627", "2018-07-31": "$1,527", "2018-04-30": "$1,460", "2018-01-31": "$1,582", "2017-10-31": "$1,408", "2017-07-31": "$1,291", "2017-04-30": "$1,181", "2017-01-31": "$1,229", "2016-10-31": "$1,294", "2016-07-31": "$1,219", "2016-04-30": "$1,128", "2016-01-31": "$1,219", "2015-10-31": "$1,319", "2015-07-31": "$1,255", "2015-04-30": "$1,064", "2015-01-31": "$1,106", "2014-10-31": "$1,168", "2014-07-31": "$985", "2014-04-30": "$960", "2014-01-31": "$1,081", "2013-10-31": "$1,056", "2013-07-31": "$905", "2013-04-30": "$781", "2013-01-31": "$879", "2012-10-31": "$806", "2012-07-31": "$779", "2012-04-30": "$753", "2012-01-31": "$806", "2011-10-31": "$803", "2011-07-31": "$760", "2011-04-30": "$746", "2011-01-31": "$873", "2010-10-31": "$836", "2010-07-31": "$789", "2010-04-30": "$766", "2010-01-31": "$868", "2009-10-31": "$793", "2009-07-31": "$738", "2009-04-30": "$732", "2009-01-31": "$787", "2008-10-31": "$861", "2008-07-31": "$823", "2008-04-30": "$889", "2008-01-31": "$928", "2007-10-31": "$965", "2007-07-31": "$852", "2007-04-30": "$772", "2007-01-31": "$897", "2006-10-31": "$821", "2006-07-31": "$780", "2006-04-30": "$764", "2006-01-31": "$856", "2005-10-31": "$763", "2005-07-31": "$716", "2005-04-30": "$715", "2005-01-31": "$788"}}, "total-share-holder-equity": {"Williams-Sonoma Annual Share Holder Equity (Millions of US $)": {"2020": "$1,236", "2019": "$1,156", "2018": "$1,204", "2017": "$1,248", "2016": "$1,198", "2015": "$1,225", "2014": "$1,256", "2013": "$1,309", "2012": "$1,255", "2011": "$1,259", "2010": "$1,212", "2009": "$1,148", "2008": "$1,166", "2007": "$1,151", "2006": "$1,125", "2005": "$958"}, "Williams-Sonoma Quarterly Share Holder Equity (Millions of US $)": {"2020-10-31": "$1,402", "2020-07-31": "$1,333", "2020-04-30": "$1,219", "2020-01-31": "$1,236", "2019-10-31": "$1,132", "2019-07-31": "$1,122", "2019-04-30": "$1,122", "2019-01-31": "$1,156", "2018-10-31": "$1,092", "2018-07-31": "$1,081", "2018-04-30": "$1,197", "2018-01-31": "$1,204", "2017-10-31": "$1,172", "2017-07-31": "$1,189", "2017-04-30": "$1,210", "2017-01-31": "$1,248", "2016-10-31": "$1,159", "2016-07-31": "$1,155", "2016-04-30": "$1,163", "2016-01-31": "$1,198", "2015-10-31": "$1,117", "2015-07-31": "$1,141", "2015-04-30": "$1,187", "2015-01-31": "$1,225", "2014-10-31": "$1,136", "2014-07-31": "$1,178", "2014-04-30": "$1,208", "2014-01-31": "$1,256", "2013-10-31": "$1,170", "2013-07-31": "$1,219", "2013-04-30": "$1,282", "2013-01-31": "$1,309", "2012-10-31": "$1,218", "2012-07-31": "$1,210", "2012-04-30": "$1,216", "2012-01-31": "$1,255", "2011-10-31": "$1,248", "2011-07-31": "$1,250", "2011-04-30": "$1,251", "2011-01-31": "$1,259", "2010-10-31": "$1,199", "2010-07-31": "$1,207", "2010-04-30": "$1,230", "2010-01-31": "$1,212", "2009-10-31": "$1,119", "2009-07-31": "$1,116", "2009-04-30": "$1,122", "2009-01-31": "$1,148", "2008-10-31": "$1,145", "2008-07-31": "$1,182", "2008-04-30": "$1,171", "2008-01-31": "$1,166", "2007-10-31": "$1,092", "2007-07-31": "$1,116", "2007-04-30": "$1,165", "2007-01-31": "$1,151", "2006-10-31": "$1,136", "2006-07-31": "$1,130", "2006-04-30": "$1,155", "2006-01-31": "$1,125", "2005-10-31": "$1,027", "2005-07-31": "$1,036", "2005-04-30": "$987", "2005-01-31": "$958"}}, "profit-margins": {"current": "8.49%"}, "gross margin": {"2020-10-31": "37.32%", "2020-07-31": "36.19%", "2020-04-30": "35.79%", "2020-01-31": "36.27%", "2019-10-31": "36.60%", "2019-07-31": "36.74%", "2019-04-30": "37.01%", "2019-01-31": "37.05%", "2018-10-31": "36.94%", "2018-07-31": "36.82%", "2018-04-30": "36.55%", "2018-01-31": "36.50%", "2017-10-31": "36.73%", "2017-07-31": "36.94%", "2017-04-30": "37.01%", "2017-01-31": "37.06%", "2016-10-31": "36.75%", "2016-07-31": "36.71%", "2016-04-30": "36.86%", "2016-01-31": "37.08%", "2015-10-31": "37.63%", "2015-07-31": "37.91%", "2015-04-30": "38.09%", "2015-01-31": "38.31%", "2014-10-31": "38.45%", "2014-07-31": "38.64%", "2014-04-30": "38.85%", "2014-01-31": "38.83%", "2013-10-31": "39.02%", "2013-07-31": "39.14%", "2013-04-30": "39.31%", "2013-01-31": "39.38%", "2012-10-31": "39.28%", "2012-07-31": "39.14%", "2012-04-30": "39.09%", "2012-01-31": "39.24%", "2011-10-31": "39.53%", "2011-07-31": "39.51%", "2011-04-30": "39.32%", "2011-01-31": "39.20%", "2010-10-31": "38.82%", "2010-07-31": "38.09%", "2010-04-30": "37.08%", "2010-01-31": "35.55%", "2009-10-31": "32.84%", "2009-07-31": "32.16%", "2009-04-30": "32.68%", "2009-01-31": "33.76%", "2008-10-31": "36.67%", "2008-07-31": "37.95%", "2008-04-30": "38.62%", "2008-01-31": "38.95%", "2007-10-31": "39.37%", "2007-07-31": "39.39%", "2007-04-30": "39.60%", "2007-01-31": "39.91%", "2006-10-31": "40.03%", "2006-07-31": "40.31%", "2006-04-30": "40.31%", "2006-01-31": "40.58%", "2005-10-31": "40.80%"}, "operating margin": {"2020-10-31": "11.25%", "2020-07-31": "8.98%", "2020-04-30": "7.48%", "2020-01-31": "7.90%", "2019-10-31": "7.86%", "2019-07-31": "7.84%", "2019-04-30": "7.76%", "2019-01-31": "7.69%", "2018-10-31": "7.87%", "2018-07-31": "8.26%", "2018-04-30": "8.53%", "2018-01-31": "8.58%", "2017-10-31": "9.07%", "2017-07-31": "9.14%", "2017-04-30": "9.24%", "2017-01-31": "9.30%", "2016-10-31": "9.43%", "2016-07-31": "9.48%", "2016-04-30": "9.54%", "2016-01-31": "9.83%", "2015-10-31": "10.22%", "2015-07-31": "10.28%", "2015-04-30": "10.52%", "2015-01-31": "10.69%", "2014-10-31": "10.43%", "2014-07-31": "10.35%", "2014-04-30": "10.33%", "2014-01-31": "10.30%", "2013-10-31": "10.26%", "2013-07-31": "10.21%", "2013-04-30": "10.28%", "2013-01-31": "10.09%", "2012-10-31": "10.12%", "2012-07-31": "10.06%", "2012-04-30": "10.06%", "2012-01-31": "10.27%", "2011-10-31": "10.12%", "2011-07-31": "9.90%", "2011-04-30": "9.64%", "2011-01-31": "9.22%", "2010-10-31": "8.24%", "2010-07-31": "7.03%", "2010-04-30": "5.67%", "2010-01-31": "3.90%", "2009-10-31": "-0.03%", "2009-07-31": "-0.95%", "2009-04-30": "-0.13%", "2009-01-31": "1.25%", "2008-10-31": "5.90%", "2008-07-31": "7.34%", "2008-04-30": "7.72%", "2008-01-31": "7.94%", "2007-10-31": "8.13%", "2007-07-31": "8.17%", "2007-04-30": "8.53%", "2007-01-31": "8.77%", "2006-10-31": "8.81%", "2006-07-31": "9.31%", "2006-04-30": "9.30%", "2006-01-31": "9.75%", "2005-10-31": "9.86%"}, "ebitda margin": {"2020-10-31": "14.10%", "2020-07-31": "11.98%", "2020-04-30": "10.52%", "2020-01-31": "10.95%", "2019-10-31": "10.85%", "2019-07-31": "10.80%", "2019-04-30": "10.68%", "2019-01-31": "10.56%", "2018-10-31": "10.83%", "2018-07-31": "11.21%", "2018-04-30": "11.48%", "2018-01-31": "11.54%", "2017-10-31": "12.05%", "2017-07-31": "12.14%", "2017-04-30": "12.22%", "2017-01-31": "12.21%", "2016-10-31": "12.28%", "2016-07-31": "12.28%", "2016-04-30": "12.35%", "2016-01-31": "12.68%", "2015-10-31": "13.08%", "2015-07-31": "13.19%", "2015-04-30": "13.44%", "2015-01-31": "13.60%", "2014-10-31": "13.33%", "2014-07-31": "13.24%", "2014-04-30": "13.19%", "2014-01-31": "13.15%", "2013-10-31": "13.08%", "2013-07-31": "12.98%", "2013-04-30": "13.01%", "2013-01-31": "12.79%", "2012-10-31": "12.80%", "2012-07-31": "12.78%", "2012-04-30": "12.82%", "2012-01-31": "13.03%", "2011-10-31": "12.97%", "2011-07-31": "12.82%", "2011-04-30": "12.62%", "2011-01-31": "12.30%", "2010-10-31": "11.47%", "2010-07-31": "10.44%", "2010-04-30": "9.29%", "2010-01-31": "7.64%", "2009-10-31": "3.87%", "2009-07-31": "2.89%", "2009-04-30": "3.51%", "2009-01-31": "4.73%", "2008-10-31": "9.04%", "2008-07-31": "10.28%", "2008-04-30": "10.59%", "2008-01-31": "10.75%", "2007-10-31": "11.01%", "2007-07-31": "11.10%", "2007-04-30": "11.47%", "2007-01-31": "11.64%", "2006-10-31": "11.61%", "2006-07-31": "11.74%", "2006-04-30": "12.07%", "2006-01-31": "12.55%", "2005-10-31": "12.73%"}, "pre tax profit margin": {"2020-10-31": "10.99%", "2020-07-31": "8.75%", "2020-04-30": "7.30%", "2020-01-31": "7.73%", "2019-10-31": "7.69%", "2019-07-31": "7.68%", "2019-04-30": "7.64%", "2019-01-31": "7.56%", "2018-10-31": "7.78%", "2018-07-31": "8.19%", "2018-04-30": "8.45%", "2018-01-31": "8.56%", "2017-10-31": "9.05%", "2017-07-31": "9.12%", "2017-04-30": "9.24%", "2017-01-31": "9.28%", "2016-10-31": "9.41%", "2016-07-31": "9.46%", "2016-04-30": "9.52%", "2016-01-31": "9.81%", "2015-10-31": "10.20%", "2015-07-31": "10.28%", "2015-04-30": "10.52%", "2015-01-31": "10.69%", "2014-10-31": "10.43%", "2014-07-31": "10.37%", "2014-04-30": "10.35%", "2014-01-31": "10.32%", "2013-10-31": "10.30%", "2013-07-31": "10.23%", "2013-04-30": "10.31%", "2013-01-31": "10.14%", "2012-10-31": "10.14%", "2012-07-31": "10.09%", "2012-04-30": "10.08%", "2012-01-31": "10.27%", "2011-10-31": "10.12%", "2011-07-31": "9.90%", "2011-04-30": "9.64%", "2011-01-31": "9.22%", "2010-10-31": "8.24%", "2010-07-31": "7.03%", "2010-04-30": "5.67%", "2010-01-31": "3.87%", "2009-10-31": "-0.07%", "2009-07-31": "-1.02%", "2009-04-30": "-0.19%", "2009-01-31": "1.22%", "2008-10-31": "5.90%", "2008-07-31": "7.36%", "2008-04-30": "7.75%", "2008-01-31": "8.01%", "2007-10-31": "8.24%", "2007-07-31": "8.33%", "2007-04-30": "8.80%", "2007-01-31": "9.04%", "2006-10-31": "9.09%", "2006-07-31": "9.56%", "2006-04-30": "9.47%", "2006-01-31": "9.86%", "2005-10-31": "9.94%"}, "net profit margin": {"2020-10-31": "8.49%", "2020-07-31": "6.84%", "2020-04-30": "5.75%", "2020-01-31": "6.05%", "2019-10-31": "5.87%", "2019-07-31": "6.06%", "2019-04-30": "5.97%", "2019-01-31": "5.87%", "2018-10-31": "4.97%", "2018-07-31": "4.84%", "2018-04-30": "4.92%", "2018-01-31": "4.91%", "2017-10-31": "5.95%", "2017-07-31": "5.97%", "2017-04-30": "6.00%", "2017-01-31": "6.02%", "2016-10-31": "5.94%", "2016-07-31": "5.97%", "2016-04-30": "6.05%", "2016-01-31": "6.23%", "2015-10-31": "6.41%", "2015-07-31": "6.42%", "2015-04-30": "6.48%", "2015-01-31": "6.58%", "2014-10-31": "6.40%", "2014-07-31": "6.36%", "2014-04-30": "6.39%", "2014-01-31": "6.36%", "2013-10-31": "6.45%", "2013-07-31": "6.42%", "2013-04-30": "6.44%", "2013-01-31": "6.36%", "2012-10-31": "6.30%", "2012-07-31": "6.27%", "2012-04-30": "6.26%", "2012-01-31": "6.37%", "2011-10-31": "6.22%", "2011-07-31": "6.14%", "2011-04-30": "5.99%", "2011-01-31": "5.73%", "2010-10-31": "5.18%", "2010-07-31": "4.41%", "2010-04-30": "3.58%", "2010-01-31": "2.45%", "2009-10-31": "0.00%", "2009-07-31": "-0.59%", "2009-04-30": "0.00%", "2009-01-31": "0.86%", "2008-10-31": "3.81%", "2008-07-31": "4.65%", "2008-04-30": "4.81%", "2008-01-31": "4.97%", "2007-10-31": "5.02%", "2007-07-31": "5.13%", "2007-04-30": "5.44%", "2007-01-31": "5.61%", "2006-10-31": "5.67%", "2006-07-31": "5.93%", "2006-04-30": "5.87%", "2006-01-31": "6.08%", "2005-10-31": "6.10%"}, "pe ratio": {"current": "17.81", "2021-02-05": "18.96", "2020-10-31": "13.38", "2020-07-31": "16.63", "2020-04-30": "14.23", "2020-01-31": "15.24", "2019-10-31": "15.00", "2019-07-31": "14.67", "2019-04-30": "12.99", "2019-01-31": "12.62", "2018-10-31": "16.98", "2018-07-31": "17.45", "2018-04-30": "14.21", "2018-01-31": "15.54", "2017-10-31": "13.34", "2017-07-31": "12.12", "2017-04-30": "14.11", "2017-01-31": "12.53", "2016-10-31": "12.21", "2016-07-31": "14.22", "2016-04-30": "15.35", "2016-01-31": "13.25", "2015-10-31": "18.68", "2015-07-31": "21.92", "2015-04-30": "19.25", "2015-01-31": "20.39", "2014-10-31": "17.92", "2014-07-31": "19.00", "2014-04-30": "17.96", "2014-01-31": "15.94", "2013-10-31": "15.46", "2013-07-31": "17.82", "2013-04-30": "16.53", "2013-01-31": "14.00", "2012-10-31": "15.67", "2012-07-31": "12.13", "2012-04-30": "13.78", "2012-01-31": "12.75", "2011-10-31": "14.02", "2011-07-31": "14.23", "2011-04-30": "17.38", "2011-01-31": "13.60", "2010-10-31": "15.64", "2010-07-31": "15.43", "2010-04-30": "20.92", "2010-01-31": "20.79", "2009-10-31": "1431.20", "2009-07-31": "0.00", "2009-04-30": "1051.71", "2009-01-31": "20.33", "2008-10-31": "4.60", "2008-07-31": "7.57", "2008-04-30": "10.99", "2008-01-31": "10.76", "2007-10-31": "13.19", "2007-07-31": "12.87", "2007-04-30": "14.09", "2007-01-31": "13.64", "2006-10-31": "13.52"}, "price sales": {"2021-02-05": "1.61", "2020-10-31": "1.13", "2020-07-31": "1.13", "2020-04-30": "0.82", "2020-01-31": "0.92", "2019-10-31": "0.88", "2019-07-31": "0.90", "2019-04-30": "0.78", "2019-01-31": "0.75", "2018-10-31": "0.85", "2018-07-31": "0.85", "2018-04-30": "0.71", "2018-01-31": "0.77", "2017-10-31": "0.79", "2017-07-31": "0.72", "2017-04-30": "0.85", "2017-01-31": "0.76", "2016-10-31": "0.73", "2016-07-31": "0.85", "2016-04-30": "0.93", "2016-01-31": "0.83", "2015-10-31": "1.20", "2015-07-31": "1.41", "2015-04-30": "1.25", "2015-01-31": "1.35", "2014-10-31": "1.15", "2014-07-31": "1.21", "2014-04-30": "1.15", "2014-01-31": "1.02", "2013-10-31": "1.00", "2013-07-31": "1.15", "2013-04-30": "1.07", "2013-01-31": "0.90", "2012-10-31": "0.99", "2012-07-31": "0.76", "2012-04-30": "0.87", "2012-01-31": "0.82", "2011-10-31": "0.88", "2011-07-31": "0.88", "2011-04-30": "1.04", "2011-01-31": "0.79", "2010-10-31": "0.81", "2010-07-31": "0.68", "2010-04-30": "0.75", "2010-01-31": "0.50", "2009-10-31": "0.51", "2009-07-31": "0.37", "2009-04-30": "0.35", "2009-01-31": "0.19", "2008-10-31": "0.18", "2008-07-31": "0.36", "2008-04-30": "0.54", "2008-01-31": "0.54", "2007-10-31": "0.66", "2007-07-31": "0.66", "2007-04-30": "0.77", "2007-01-31": "0.77", "2006-10-31": "0.76"}, "price book": {"current": "7.03", "2021-02-05": "7.04", "2020-10-31": "4.97", "2020-07-31": "5.04", "2020-04-30": "3.89", "2020-01-31": "4.27", "2019-10-31": "4.44", "2019-07-31": "4.48", "2019-04-30": "3.84", "2019-01-31": "3.52", "2018-10-31": "4.11", "2018-07-31": "4.09", "2018-04-30": "3.08", "2018-01-31": "3.28", "2017-10-31": "3.39", "2017-07-31": "3.03", "2017-04-30": "3.48", "2017-01-31": "3.01", "2016-10-31": "3.10", "2016-07-31": "3.65", "2016-04-30": "3.94", "2016-01-31": "3.35", "2015-10-31": "5.12", "2015-07-31": "5.77", "2015-04-30": "4.84", "2015-01-31": "4.98", "2014-10-31": "4.46", "2014-07-31": "4.47", "2014-04-30": "4.10", "2014-01-31": "3.40", "2013-10-31": "3.50", "2013-07-31": "3.81", "2013-04-30": "3.34", "2013-01-31": "2.68", "2012-10-31": "3.02", "2012-07-31": "2.28", "2012-04-30": "2.53", "2012-01-31": "2.29", "2011-10-31": "2.45", "2011-07-31": "2.43", "2011-04-30": "2.85", "2011-01-31": "2.10", "2010-10-31": "2.21", "2010-07-31": "1.82", "2010-04-30": "1.95", "2010-01-31": "1.28", "2009-10-31": "1.36", "2009-07-31": "1.01", "2009-04-30": "0.99", "2009-01-31": "0.54", "2008-10-31": "0.56", "2008-07-31": "1.13", "2008-04-30": "1.71", "2008-01-31": "1.74", "2007-10-31": "2.20", "2007-07-31": "2.13", "2007-04-30": "2.37", "2007-01-31": "2.36", "2006-10-31": "2.38", "2006-07-31": "2.24", "2006-04-30": "2.92", "2006-01-31": "2.83"}, "price fcf": {"2021-02-05": "", "2020-10-31": "$13.29", "2020-07-31": "$8.39", "2020-04-30": "$7.14", "2020-01-31": "$5.31", "2019-10-31": "$3.79", "2019-07-31": "$3.02", "2019-04-30": "$3.40", "2019-01-31": "$4.81", "2018-10-31": "$4.50", "2018-07-31": "$4.63", "2018-04-30": "$4.22", "2018-01-31": "$3.60", "2017-10-31": "$3.44", "2017-07-31": "$3.61", "2017-04-30": "$3.88", "2017-01-31": "$3.66", "2016-10-31": "$4.12", "2016-07-31": "$3.75", "2016-04-30": "$3.74", "2016-01-31": "$3.70", "2015-10-31": "$2.33", "2015-07-31": "$2.92", "2015-04-30": "$2.68", "2015-01-31": "$2.70", "2014-10-31": "$2.49", "2014-07-31": "$2.21", "2014-04-30": "$2.57", "2014-01-31": "$2.63", "2013-10-31": "$2.14", "2013-07-31": "$1.54", "2013-04-30": "$0.97", "2013-01-31": "$1.57", "2012-10-31": "$1.96", "2012-07-31": "$2.24", "2012-04-30": "$2.09", "2012-01-31": "$1.51", "2011-10-31": "$1.74", "2011-07-31": "$1.92", "2011-04-30": "$2.43", "2011-01-31": "$2.69", "2010-10-31": "$2.81", "2010-07-31": "$3.24", "2010-04-30": "$3.49", "2010-01-31": "$3.91", "2009-10-31": "$2.84", "2009-07-31": "$1.72", "2009-04-30": "$1.74", "2009-01-31": "$0.80", "2008-10-31": "$1.11", "2008-07-31": "$0.96", "2008-04-30": "$0.37", "2008-01-31": "$0.30", "2007-10-31": "$0.57", "2007-07-31": "$0.74", "2007-04-30": "$0.61", "2007-01-31": "$1.01", "2006-10-31": "$0.31"}, "net worth": {"value": "$9.86B"}, "current ratio": {"current": "1.46", "2020-10-31": "1.46", "2020-07-31": "1.36", "2020-04-30": "1.28", "2020-01-31": "1.09", "2019-10-31": "1.29", "2019-07-31": "1.31", "2019-04-30": "1.33", "2019-01-31": "1.58", "2018-10-31": "1.54", "2018-07-31": "1.56", "2018-04-30": "1.73", "2018-01-31": "1.62", "2017-10-31": "1.28", "2017-07-31": "1.34", "2017-04-30": "1.42", "2017-01-31": "1.42", "2016-10-31": "1.31", "2016-07-31": "1.34", "2016-04-30": "1.39", "2016-01-31": "1.34", "2015-10-31": "1.37", "2015-07-31": "1.44", "2015-04-30": "1.60", "2015-01-31": "1.59", "2014-10-31": "1.48", "2014-07-31": "1.68", "2014-04-30": "1.74", "2014-01-31": "1.65", "2013-10-31": "1.59", "2013-07-31": "1.81", "2013-04-30": "2.12", "2013-01-31": "2.00", "2012-10-31": "2.11", "2012-07-31": "2.19", "2012-04-30": "2.29", "2012-01-31": "2.23", "2011-10-31": "2.24", "2011-07-31": "2.41", "2011-04-30": "2.51", "2011-01-31": "2.20", "2010-10-31": "2.18", "2010-07-31": "2.30", "2010-04-30": "2.40", "2010-01-31": "2.09", "2009-10-31": "2.10", "2009-07-31": "2.15", "2009-04-30": "2.14", "2009-01-31": "2.04", "2008-10-31": "1.81", "2008-07-31": "1.96", "2008-04-30": "1.78", "2008-01-31": "1.72", "2007-10-31": "1.60", "2007-07-31": "1.82", "2007-04-30": "2.08", "2007-01-31": "1.75", "2006-10-31": "1.87", "2006-07-31": "2.00", "2006-04-30": "2.07", "2006-01-31": "1.84", "2005-10-31": "1.81", "2005-07-31": "1.90", "2005-04-30": "1.83", "2005-01-31": "1.67"}, "quick ratio": {"2020-10-31": "0.69", "2020-07-31": "0.73", "2020-04-30": "0.64", "2020-01-31": "0.41", "2019-10-31": "0.31", "2019-07-31": "0.31", "2019-04-30": "0.30", "2019-01-31": "0.53", "2018-10-31": "0.38", "2018-07-31": "0.40", "2018-04-30": "0.53", "2018-01-31": "0.57", "2017-10-31": "0.25", "2017-07-31": "0.29", "2017-04-30": "0.28", "2017-01-31": "0.41", "2016-10-31": "0.28", "2016-07-31": "0.33", "2016-04-30": "0.31", "2016-01-31": "0.36", "2015-10-31": "0.37", "2015-07-31": "0.43", "2015-04-30": "0.46", "2015-01-31": "0.58", "2014-10-31": "0.43", "2014-07-31": "0.49", "2014-04-30": "0.58", "2014-01-31": "0.70", "2013-10-31": "0.51", "2013-07-31": "0.73", "2013-04-30": "0.94", "2013-01-31": "1.03", "2012-10-31": "0.90", "2012-07-31": "1.06", "2012-04-30": "1.17", "2012-01-31": "1.26", "2011-10-31": "1.12", "2011-07-31": "1.31", "2011-04-30": "1.42", "2011-01-31": "1.36", "2010-10-31": "1.13", "2010-07-31": "1.27", "2010-04-30": "1.33", "2010-01-31": "1.27", "2009-10-31": "0.96", "2009-07-31": "0.93", "2009-04-30": "0.81", "2009-01-31": "0.80", "2008-10-31": "0.51", "2008-07-31": "0.62", "2008-04-30": "0.51", "2008-01-31": "0.58", "2007-10-31": "0.41", "2007-07-31": "0.59", "2007-04-30": "0.72", "2007-01-31": "0.78", "2006-10-31": "0.65", "2006-07-31": "0.86", "2006-04-30": "0.95", "2006-01-31": "0.95", "2005-10-31": "0.62", "2005-07-31": "0.75", "2005-04-30": "0.67", "2005-01-31": "0.81"}, "debt equity ratio": {"current": "0.21", "2020-10-31": "2.08", "2020-07-31": "2.37", "2020-04-30": "2.63", "2020-01-31": "2.28", "2019-10-31": "2.50", "2019-07-31": "2.45", "2019-04-30": "2.38", "2019-01-31": "1.43", "2018-10-31": "1.49", "2018-07-31": "1.41", "2018-04-30": "1.22", "2018-01-31": "1.32", "2017-10-31": "1.20", "2017-07-31": "1.09", "2017-04-30": "0.98", "2017-01-31": "0.98", "2016-10-31": "1.12", "2016-07-31": "1.06", "2016-04-30": "0.97", "2016-01-31": "1.02", "2015-10-31": "1.18", "2015-07-31": "1.10", "2015-04-30": "0.90", "2015-01-31": "0.90", "2014-10-31": "1.03", "2014-07-31": "0.84", "2014-04-30": "0.79", "2014-01-31": "0.86", "2013-10-31": "0.90", "2013-07-31": "0.74", "2013-04-30": "0.61", "2013-01-31": "0.67", "2012-10-31": "0.66", "2012-07-31": "0.64", "2012-04-30": "0.62", "2012-01-31": "0.64", "2011-10-31": "0.64", "2011-07-31": "0.61", "2011-04-30": "0.60", "2011-01-31": "0.69", "2010-10-31": "0.70", "2010-07-31": "0.65", "2010-04-30": "0.62", "2010-01-31": "0.72", "2009-10-31": "0.71", "2009-07-31": "0.66", "2009-04-30": "0.65", "2009-01-31": "0.69", "2008-10-31": "0.75", "2008-07-31": "0.70", "2008-04-30": "0.76", "2008-01-31": "0.80", "2007-10-31": "0.88", "2007-07-31": "0.76", "2007-04-30": "0.66", "2007-01-31": "0.78", "2006-10-31": "0.72", "2006-07-31": "0.69", "2006-04-30": "0.66", "2006-01-31": "0.76", "2005-10-31": "0.74", "2005-07-31": "0.69", "2005-04-30": "0.72", "2005-01-31": "0.82"}, "return on equity": {"2020-10-31": "41.46%", "2020-07-31": "33.41%", "2020-04-30": "28.80%", "2020-01-31": "30.96%", "2019-10-31": "30.54%", "2019-07-31": "31.34%", "2019-04-30": "30.64%", "2019-01-31": "29.43%", "2018-10-31": "23.96%", "2018-07-31": "22.69%", "2018-04-30": "22.26%", "2018-01-31": "21.78%", "2017-10-31": "25.65%", "2017-07-31": "25.55%", "2017-04-30": "25.65%", "2017-01-31": "25.90%", "2016-10-31": "25.84%", "2016-07-31": "26.16%", "2016-04-30": "26.41%", "2016-01-31": "26.71%", "2015-10-31": "27.07%", "2015-07-31": "26.53%", "2015-04-30": "26.07%", "2015-01-31": "26.04%", "2014-10-31": "24.78%", "2014-07-31": "23.94%", "2014-04-30": "23.57%", "2014-01-31": "22.65%", "2013-10-31": "22.41%", "2013-07-31": "21.56%", "2013-04-30": "21.12%", "2013-01-31": "20.76%", "2012-10-31": "20.09%", "2012-07-31": "19.48%", "2012-04-30": "19.00%", "2012-01-31": "18.94%", "2011-10-31": "18.13%", "2011-07-31": "17.83%", "2011-04-30": "17.33%", "2011-01-31": "16.42%", "2010-10-31": "14.52%", "2010-07-31": "12.25%", "2010-04-30": "9.84%", "2010-01-31": "6.65%", "2009-10-31": "0.00%", "2009-07-31": "-1.59%", "2009-04-30": "0.00%", "2009-01-31": "2.50%", "2008-10-31": "12.18%", "2008-07-31": "15.61%", "2008-04-30": "16.55%", "2008-01-31": "17.27%", "2007-10-31": "16.98%", "2007-07-31": "16.99%", "2007-04-30": "17.81%", "2007-01-31": "18.29%", "2006-10-31": "18.39%", "2006-07-31": "19.56%", "2006-04-30": "19.53%", "2006-01-31": "20.60%", "2005-10-31": "20.76%"}, "return on assets": {"2020-10-31": "12.46%", "2020-07-31": "9.71%", "2020-04-30": "8.32%", "2020-01-31": "9.11%", "2019-10-31": "9.59%", "2019-07-31": "10.67%", "2019-04-30": "11.44%", "2019-01-31": "12.34%", "2018-10-31": "10.18%", "2018-07-31": "9.93%", "2018-04-30": "10.09%", "2018-01-31": "10.16%", "2017-10-31": "12.45%", "2017-07-31": "12.53%", "2017-04-30": "12.63%", "2017-01-31": "12.76%", "2016-10-31": "12.67%", "2016-07-31": "12.74%", "2016-04-30": "12.79%", "2016-01-31": "13.05%", "2015-10-31": "13.43%", "2015-07-31": "13.40%", "2015-04-30": "13.61%", "2015-01-31": "13.79%", "2014-10-31": "13.20%", "2014-07-31": "12.95%", "2014-04-30": "12.92%", "2014-01-31": "12.75%", "2013-10-31": "12.98%", "2013-07-31": "12.91%", "2013-04-30": "12.83%", "2013-01-31": "12.58%", "2012-10-31": "12.23%", "2012-07-31": "11.89%", "2012-04-30": "11.67%", "2012-01-31": "11.68%", "2011-10-31": "11.09%", "2011-07-31": "10.81%", "2011-04-30": "10.44%", "2011-01-31": "9.85%", "2010-10-31": "8.68%", "2010-07-31": "7.32%", "2010-04-30": "5.87%", "2010-01-31": "3.95%", "2009-10-31": "0.00%", "2009-07-31": "-0.94%", "2009-04-30": "0.00%", "2009-01-31": "1.45%", "2008-10-31": "6.96%", "2008-07-31": "8.76%", "2008-04-30": "9.19%", "2008-01-31": "9.73%", "2007-10-31": "9.59%", "2007-07-31": "9.81%", "2007-04-30": "10.39%", "2007-01-31": "10.67%", "2006-10-31": "10.76%", "2006-07-31": "11.42%", "2006-04-30": "11.39%", "2006-01-31": "11.90%", "2005-10-31": "11.90%"}, "return on investments": {"2020-10-31": "58.78%", "2020-07-31": "47.13%", "2020-04-30": "40.35%", "2020-01-31": "43.61%", "2019-10-31": "32.33%", "2019-07-31": "31.99%", "2019-04-30": "31.37%", "2019-01-31": "30.46%", "2018-10-31": "30.07%", "2018-07-31": "41.18%", "2018-04-30": "61.20%", "2018-01-31": "120.83%", "2017-10-31": "inf%", "2017-07-31": "inf%", "2017-04-30": "inf%", "2017-01-31": "inf%", "2016-10-31": "inf%", "2016-07-31": "inf%", "2016-04-30": "inf%", "2016-01-31": "inf%", "2015-10-31": "inf%", "2015-07-31": "inf%", "2015-04-30": "inf%", "2015-01-31": "165.95%", "2014-10-31": "78.12%", "2014-07-31": "51.54%", "2014-04-30": "38.02%", "2014-01-31": "36.62%", "2013-10-31": "35.58%", "2013-07-31": "34.19%", "2013-04-30": "33.59%", "2013-01-31": "32.82%", "2012-10-31": "32.11%", "2012-07-31": "31.10%", "2012-04-30": "30.36%", "2012-01-31": "30.38%", "2011-10-31": "29.32%", "2011-07-31": "28.55%", "2011-04-30": "27.75%", "2011-01-31": "26.23%", "2010-10-31": "22.96%", "2010-07-31": "19.41%", "2010-04-30": "15.45%", "2010-01-31": "10.51%", "2009-10-31": "-0.09%", "2009-07-31": "-2.54%", "2009-04-30": "-0.34%", "2009-01-31": "3.58%", "2008-10-31": "18.70%", "2008-07-31": "24.40%", "2008-04-30": "26.31%", "2008-01-31": "27.29%", "2007-10-31": "27.20%", "2007-07-31": "26.76%", "2007-04-30": "27.62%", "2007-01-31": "28.27%", "2006-10-31": "28.24%", "2006-07-31": "30.34%", "2006-04-30": "30.52%", "2006-01-31": "32.55%", "2005-10-31": "32.97%"}, "return on tangible equity": {"2020-10-31": "44.37%", "2020-07-31": "35.90%", "2020-04-30": "31.04%", "2020-01-31": "33.44%", "2019-10-31": "33.04%", "2019-07-31": "33.94%", "2019-04-30": "33.21%", "2019-01-31": "31.35%", "2018-10-31": "25.11%", "2018-07-31": "23.41%", "2018-04-30": "22.62%", "2018-01-31": "22.04%", "2017-10-31": "25.85%", "2017-07-31": "25.65%", "2017-04-30": "25.65%", "2017-01-31": "25.90%", "2016-10-31": "25.84%", "2016-07-31": "26.16%", "2016-04-30": "26.41%", "2016-01-31": "26.71%", "2015-10-31": "27.07%", "2015-07-31": "26.53%", "2015-04-30": "26.07%", "2015-01-31": "26.04%", "2014-10-31": "24.78%", "2014-07-31": "23.94%", "2014-04-30": "23.57%", "2014-01-31": "22.65%", "2013-10-31": "22.41%", "2013-07-31": "21.56%", "2013-04-30": "21.12%", "2013-01-31": "20.76%", "2012-10-31": "20.09%", "2012-07-31": "19.48%", "2012-04-30": "19.00%", "2012-01-31": "18.94%", "2011-10-31": "18.13%", "2011-07-31": "17.83%", "2011-04-30": "17.33%", "2011-01-31": "16.42%", "2010-10-31": "14.52%", "2010-07-31": "12.25%", "2010-04-30": "9.84%", "2010-01-31": "6.65%", "2009-10-31": "0.00%", "2009-07-31": "-1.59%", "2009-04-30": "0.00%", "2009-01-31": "2.50%", "2008-10-31": "12.18%", "2008-07-31": "15.61%", "2008-04-30": "16.55%", "2008-01-31": "17.27%", "2007-10-31": "16.98%", "2007-07-31": "16.99%", "2007-04-30": "17.81%", "2007-01-31": "18.29%", "2006-10-31": "18.39%", "2006-07-31": "19.56%", "2006-04-30": "19.53%", "2006-01-31": "20.60%", "2005-10-31": "20.76%"}, "dividend yield history": {"last payout": "$2.12", "last yield": "1.65%"}}