{"ticker": "WTFC", "price": {"title": "Wintrust Financial Historical Annual Stock Price Data", "value": 65.64, "historical": {"2021": {"Average Stock Price": "64.7629", "Year Open": "60.9300", "Year High": "69.0300", "Year Low": "60.1900", "Year Close": "65.6400", "Annual % Change": "7.45%"}, "2020": {"Average Stock Price": "47.9712", "Year Open": "71.0700", "Year High": "71.0700", "Year Low": "24.3100", "Year Close": "61.0900", "Annual % Change": "-13.84%"}, "2019": {"Average Stock Price": "69.3246", "Year Open": "67.9400", "Year High": "77.5400", "Year Low": "60.2700", "Year Close": "70.9000", "Annual % Change": "6.63%"}, "2018": {"Average Stock Price": "85.7483", "Year Open": "82.3000", "Year High": "97.5600", "Year Low": "62.8700", "Year Close": "66.4900", "Annual % Change": "-19.28%"}, "2017": {"Average Stock Price": "74.5833", "Year Open": "72.3300", "Year High": "86.4600", "Year Low": "65.1400", "Year Close": "82.3700", "Annual % Change": "13.50%"}, "2016": {"Average Stock Price": "52.2701", "Year Open": "47.2700", "Year High": "73.5400", "Year Low": "38.5800", "Year Close": "72.5700", "Annual % Change": "49.57%"}, "2015": {"Average Stock Price": "50.1702", "Year Open": "46.4200", "Year High": "55.3100", "Year Low": "42.6400", "Year Close": "48.5200", "Annual % Change": "3.76%"}, "2014": {"Average Stock Price": "45.7462", "Year Open": "45.7100", "Year High": "49.6200", "Year Low": "42.4600", "Year Close": "46.7600", "Annual % Change": "1.39%"}, "2013": {"Average Stock Price": "39.7637", "Year Open": "38.0100", "Year High": "47.3300", "Year Low": "34.7500", "Year Close": "46.1200", "Annual % Change": "25.67%"}, "2012": {"Average Stock Price": "35.4142", "Year Open": "29.4000", "Year High": "39.2800", "Year Low": "29.4000", "Year Close": "36.7000", "Annual % Change": "30.84%"}, "2011": {"Average Stock Price": "31.4102", "Year Open": "34.1900", "Year High": "37.3100", "Year Low": "24.9200", "Year Close": "28.0500", "Annual % Change": "-15.08%"}, "2010": {"Average Stock Price": "33.4385", "Year Open": "30.4600", "Year High": "44.3800", "Year Low": "28.2200", "Year Close": "33.0300", "Annual % Change": "7.28%"}, "2009": {"Average Stock Price": "20.9710", "Year Open": "20.3700", "Year High": "33.1900", "Year Low": "9.9100", "Year Close": "30.7900", "Annual % Change": "49.68%"}, "2008": {"Average Stock Price": "27.9525", "Year Open": "32.2900", "Year High": "38.9000", "Year Low": "17.2300", "Year Close": "20.5700", "Annual % Change": "-37.91%"}, "2007": {"Average Stock Price": "42.4505", "Year Open": "48.2000", "Year High": "49.7400", "Year Low": "32.0100", "Year Close": "33.1300", "Annual % Change": "-31.01%"}, "2006": {"Average Stock Price": "50.9981", "Year Open": "54.5500", "Year High": "59.3900", "Year Low": "46.0300", "Year Close": "48.0200", "Annual % Change": "-12.53%"}, "2005": {"Average Stock Price": "52.0196", "Year Open": "55.8700", "Year High": "59.3000", "Year Low": "45.5000", "Year Close": "54.9000", "Annual % Change": "-3.62%"}, "2004": {"Average Stock Price": "51.7583", "Year Open": "44.7900", "Year High": "63.0200", "Year Low": "42.2500", "Year Close": "56.9600", "Annual % Change": "26.30%"}, "2003": {"Average Stock Price": "34.4540", "Year Open": "32.1400", "Year High": "46.8200", "Year Low": "27.3300", "Year Close": "45.1000", "Annual % Change": "44.00%"}, "2002": {"Average Stock Price": "27.6114", "Year Open": "19.7333", "Year High": "35.6300", "Year Low": "18.7267", "Year Close": "31.3200", "Annual % Change": "53.68%"}, "2001": {"Average Stock Price": "16.7649", "Year Open": "10.5867", "Year High": "22.0667", "Year Low": "10.5867", "Year Close": "20.3800", "Annual % Change": "91.78%"}, "2000": {"Average Stock Price": "10.4631", "Year Open": "9.8333", "Year High": "11.7067", "Year Low": "8.9600", "Year Close": "10.6267", "Annual % Change": "4.52%"}, "1999": {"Average Stock Price": "11.8087", "Year Open": "13.0867", "Year High": "13.6667", "Year Low": "9.8333", "Year Close": "10.1667", "Annual % Change": "-22.31%"}}}, "market cap": {"value": "$3.78B"}, "income statement": {"Revenue": {"2020-12-31": "1897.20900", "2019-12-31": "1792.31400", "2018-12-31": "1526.96000", "2017-12-31": "1265.97400", "2016-12-31": "1137.88700", "2015-12-31": "990.06100", "2014-12-31": "886.50700", "2013-12-31": "853.10600", "2012-12-31": "853.11300", "2011-12-31": "795.49100", "2010-12-31": "785.26700", "2009-12-31": "845.26100", "2008-12-31": "614.40100", "2007-12-31": "691.50000", "2006-12-31": "649.17700", "2005-12-31": "500.59300"}, "Cost Of Goods Sold": {"2020-12-31": "253.11300", "2019-12-31": "330.22300", "2018-12-31": "205.90700", "2017-12-31": "114.39200", "2016-12-31": "90.26400", "2015-12-31": "76.93500", "2014-12-31": "72.69200", "2013-12-31": "80.08200", "2012-12-31": "107.50500", "2011-12-31": "144.41600", "2010-12-31": "177.27100", "2009-12-31": "215.73800", "2008-12-31": "270.15600", "2007-12-31": "350.00700", "2006-12-31": "309.05900", "2005-12-31": "190.27700"}, "Gross Profit": {"2020-12-31": "1644.09600", "2019-12-31": "1462.09100", "2018-12-31": "1321.05300", "2017-12-31": "1151.58200", "2016-12-31": "1047.62300", "2015-12-31": "913.12600", "2014-12-31": "813.81500", "2013-12-31": "773.02390", "2012-12-31": "745.60800", "2011-12-31": "651.07500", "2010-12-31": "607.99600", "2009-12-31": "629.52290", "2008-12-31": "344.24500", "2007-12-31": "341.49300", "2006-12-31": "340.11800", "2005-12-31": "310.31600"}, "Research And Development Expenses": {"2020-12-31": "", "2019-12-31": "", "2018-12-31": "", "2017-12-31": "", "2016-12-31": "", "2015-12-31": "", "2014-12-31": "", "2013-12-31": "", "2012-12-31": "", "2011-12-31": "", "2010-12-31": "", "2009-12-31": "", "2008-12-31": "", "2007-12-31": "", "2006-12-31": "", "2005-12-31": ""}, "SG&A Expenses": {"2020-12-31": "1243.29700", "2019-12-31": "970.14600", "2018-12-31": "856.34890", "2017-12-31": "757.18400", "2016-12-31": "710.98000", "2015-12-31": "656.74000", "2014-12-31": "562.69200", "2013-12-31": "543.95700", "2012-12-31": "561.15200", "2011-12-31": "519.61700", "2010-12-31": "504.45000", "2009-12-31": "509.23500", "2008-12-31": "310.47500", "2007-12-31": "253.80800", "2006-12-31": "231.93900", "2005-12-31": "201.97200"}, "Other Operating Income Or Expenses": {"2020-12-31": "", "2019-12-31": "", "2018-12-31": "", "2017-12-31": "", "2016-12-31": "", "2015-12-31": "", "2014-12-31": "", "2013-12-31": "", "2012-12-31": "", "2011-12-31": "", "2010-12-31": "", "2009-12-31": "", "2008-12-31": "", "2007-12-31": "", "2006-12-31": "", "2005-12-31": ""}, "Operating Expenses": {"2020-12-31": "1507.42800", "2019-12-31": "1312.21300", "2018-12-31": "1066.82700", "2017-12-31": "875.97710", "2016-12-31": "806.03300", "2015-12-31": "738.29600", "2014-12-31": "640.07600", "2013-12-31": "628.66600", "2012-12-31": "672.98100", "2011-12-31": "667.45800", "2010-12-31": "684.46000", "2009-12-31": "727.75710", "2008-12-31": "583.76000", "2007-12-31": "607.67600", "2006-12-31": "544.93600", "2005-12-31": "395.64300"}, "Operating Income": {"2020-12-31": "389.78090", "2019-12-31": "480.10100", "2018-12-31": "460.13320", "2017-12-31": "389.99690", "2016-12-31": "331.85400", "2015-12-31": "251.76500", "2014-12-31": "246.43100", "2013-12-31": "224.44000", "2012-12-31": "180.13200", "2011-12-31": "128.03300", "2010-12-31": "100.80700", "2009-12-31": "117.50390", "2008-12-31": "30.64100", "2007-12-31": "83.82400", "2006-12-31": "104.24100", "2005-12-31": "104.95000"}, "Total Non-Operating Income/Expense": {"2020-12-31": "", "2019-12-31": "", "2018-12-31": "", "2017-12-31": "", "2016-12-31": "", "2015-12-31": "", "2014-12-31": "", "2013-12-31": "", "2012-12-31": "", "2011-12-31": "", "2010-12-31": "", "2009-12-31": "", "2008-12-31": "", "2007-12-31": "", "2006-12-31": "", "2005-12-31": ""}, "Pre-Tax Income": {"2020-12-31": "389.78100", "2019-12-31": "480.10100", "2018-12-31": "460.13300", "2017-12-31": "389.99700", "2016-12-31": "331.85400", "2015-12-31": "251.76500", "2014-12-31": "246.43100", "2013-12-31": "224.44000", "2012-12-31": "180.13200", "2011-12-31": "128.03300", "2010-12-31": "100.80700", "2009-12-31": "117.50400", "2008-12-31": "30.64100", "2007-12-31": "83.82400", "2006-12-31": "104.24100", "2005-12-31": "104.95000"}, "Income Taxes": {"2020-12-31": "96.79100", "2019-12-31": "124.40400", "2018-12-31": "116.96700", "2017-12-31": "132.31500", "2016-12-31": "124.97900", "2015-12-31": "95.01600", "2014-12-31": "95.03300", "2013-12-31": "87.23000", "2012-12-31": "68.93600", "2011-12-31": "50.45800", "2010-12-31": "37.47800", "2009-12-31": "44.43500", "2008-12-31": "10.15300", "2007-12-31": "28.17100", "2006-12-31": "37.74800", "2005-12-31": "37.93400"}, "Income After Taxes": {"2020-12-31": "292.99000", "2019-12-31": "355.69700", "2018-12-31": "343.16600", "2017-12-31": "257.68200", "2016-12-31": "206.87500", "2015-12-31": "156.74900", "2014-12-31": "151.39800", "2013-12-31": "137.21000", "2012-12-31": "111.19600", "2011-12-31": "77.57500", "2010-12-31": "63.32900", "2009-12-31": "73.06900", "2008-12-31": "20.48800", "2007-12-31": "55.65300", "2006-12-31": "66.49300", "2005-12-31": "67.01600"}, "Other Income": {"2020-12-31": "", "2019-12-31": "", "2018-12-31": "", "2017-12-31": "", "2016-12-31": "", "2015-12-31": "", "2014-12-31": "", "2013-12-31": "", "2012-12-31": "", "2011-12-31": "", "2010-12-31": "", "2009-12-31": "", "2008-12-31": "", "2007-12-31": "", "2006-12-31": "", "2005-12-31": ""}, "Income From Continuous Operations": {"2020-12-31": "292.99000", "2019-12-31": "355.69700", "2018-12-31": "343.16600", "2017-12-31": "257.68200", "2016-12-31": "206.87500", "2015-12-31": "156.74900", "2014-12-31": "151.39800", "2013-12-31": "137.21000", "2012-12-31": "111.19600", "2011-12-31": "77.57500", "2010-12-31": "63.32900", "2009-12-31": "73.06900", "2008-12-31": "20.48800", "2007-12-31": "55.65300", "2006-12-31": "66.49300", "2005-12-31": "67.01600"}, "Income From Discontinued Operations": {"2020-12-31": "", "2019-12-31": "", "2018-12-31": "", "2017-12-31": "", "2016-12-31": "", "2015-12-31": "", "2014-12-31": "", "2013-12-31": "", "2012-12-31": "", "2011-12-31": "", "2010-12-31": "", "2009-12-31": "", "2008-12-31": "", "2007-12-31": "", "2006-12-31": "", "2005-12-31": ""}, "Net Income": {"2020-12-31": "271.61300", "2019-12-31": "347.49700", "2018-12-31": "334.96600", "2017-12-31": "247.90400", "2016-12-31": "192.36200", "2015-12-31": "145.88000", "2014-12-31": "145.07500", "2013-12-31": "128.81500", "2012-12-31": "102.10300", "2011-12-31": "73.44700", "2010-12-31": "32.32500", "2009-12-31": "53.51300", "2008-12-31": "18.41200", "2007-12-31": "55.65300", "2006-12-31": "66.49300", "2005-12-31": "67.01600"}, "EBITDA": {"2020-12-31": "", "2019-12-31": "", "2018-12-31": "", "2017-12-31": "", "2016-12-31": "", "2015-12-31": "", "2014-12-31": "", "2013-12-31": "", "2012-12-31": "", "2011-12-31": "", "2010-12-31": "", "2009-12-31": "", "2008-12-31": "", "2007-12-31": "", "2006-12-31": "", "2005-12-31": ""}, "EBIT": {"2020-12-31": "", "2019-12-31": "", "2018-12-31": "", "2017-12-31": "", "2016-12-31": "", "2015-12-31": "", "2014-12-31": "", "2013-12-31": "", "2012-12-31": "", "2011-12-31": "", "2010-12-31": "", "2009-12-31": "", "2008-12-31": "", "2007-12-31": "", "2006-12-31": "", "2005-12-31": ""}, "Basic Shares Outstanding": {"2020-12-31": "57.52300", "2019-12-31": "56.85700", "2018-12-31": "56.30000", "2017-12-31": "54.70300", "2016-12-31": "50.27800", "2015-12-31": "47.83800", "2014-12-31": "46.52400", "2013-12-31": "38.69900", "2012-12-31": "36.36500", "2011-12-31": "35.35500", "2010-12-31": "30.05700", "2009-12-31": "24.01000", "2008-12-31": "23.62400", "2007-12-31": "24.10700", "2006-12-31": "25.01100", "2005-12-31": "23.19800"}, "Shares Outstanding": {"2020-12-31": "58.01900", "2019-12-31": "57.61900", "2018-12-31": "57.20800", "2017-12-31": "56.68600", "2016-12-31": "54.27200", "2015-12-31": "51.93700", "2014-12-31": "50.84500", "2013-12-31": "49.94800", "2012-12-31": "48.03400", "2011-12-31": "43.99100", "2010-12-31": "31.57000", "2009-12-31": "26.34500", "2008-12-31": "24.13100", "2007-12-31": "24.88800", "2006-12-31": "25.92700", "2005-12-31": "24.33700"}, "Basic EPS": {"2020-12-31": "4.72000", "2019-12-31": "6.11000", "2018-12-31": "5.95000", "2017-12-31": "4.53000", "2016-12-31": "3.83000", "2015-12-31": "3.05000", "2014-12-31": "3.12000", "2013-12-31": "3.33000", "2012-12-31": "2.81000", "2011-12-31": "2.08000", "2010-12-31": "1.08000", "2009-12-31": "2.23000", "2008-12-31": "0.78000", "2007-12-31": "2.31000", "2006-12-31": "2.66000", "2005-12-31": "2.89000"}, "EPS - Earnings Per Share": {"2020-12-31": "4.68000", "2019-12-31": "6.03000", "2018-12-31": "5.86000", "2017-12-31": "4.40000", "2016-12-31": "3.66000", "2015-12-31": "2.93000", "2014-12-31": "2.98000", "2013-12-31": "2.75000", "2012-12-31": "2.31000", "2011-12-31": "1.67000", "2010-12-31": "1.02000", "2009-12-31": "2.18000", "2008-12-31": "0.76000", "2007-12-31": "2.24000", "2006-12-31": "2.56000", "2005-12-31": "2.75000"}}, "income statement, quarterly": {"Revenue": {"2020-12-31": "466.34200", "2020-09-30": "481.74900", "2020-06-30": "491.80900", "2020-03-31": "457.30900", "2019-12-31": "461.95090", "2019-09-30": "469.76400", "2019-06-30": "444.97200", "2019-03-31": "415.62700", "2018-12-31": "395.90410", "2018-09-30": "404.89200", "2018-06-30": "379.28000", "2018-03-31": "346.88400", "2017-12-31": "332.87800", "2017-09-30": "327.41900", "2017-06-30": "321.15300", "2017-03-31": "284.52400", "2016-12-31": "300.28800", "2016-09-30": "294.75300", "2016-06-30": "281.86300", "2016-03-31": "260.98300", "2015-12-31": "252.57700", "2015-09-30": "250.33200", "2015-06-30": "252.25400", "2015-03-31": "234.89800", "2014-12-31": "230.37200", "2014-09-30": "228.62800", "2014-06-30": "220.65200", "2014-03-31": "206.85500", "2013-12-31": "206.94290", "2013-09-30": "215.83000", "2013-06-30": "220.64100", "2013-03-31": "209.69200", "2012-12-31": "221.83200", "2012-09-30": "221.14600", "2012-06-30": "206.62600", "2012-03-31": "203.50900", "2011-12-31": "202.52900", "2011-09-30": "222.19800", "2011-06-30": "182.09700", "2011-03-31": "188.66700", "2010-12-31": "198.42290", "2010-09-30": "202.05700", "2010-06-30": "199.68400", "2010-03-31": "185.10300", "2009-12-31": "221.91700", "2009-09-30": "292.25700", "2009-06-30": "172.58100", "2009-03-31": "158.50600", "2008-12-31": "145.19000", "2008-09-30": "148.69900", "2008-06-30": "159.76400", "2008-03-31": "160.74800", "2007-12-31": "179.54000", "2007-09-30": "166.18200", "2007-06-30": "173.73800", "2007-03-31": "172.04000", "2006-12-31": "173.07700", "2006-09-30": "167.66900", "2006-06-30": "159.40900", "2006-03-31": "149.02200", "2005-12-31": "138.70900", "2005-09-30": "134.96400", "2005-06-30": "115.21800", "2005-03-31": "111.70200"}, "Cost Of Goods Sold": {"2020-12-31": "48.58400", "2020-09-30": "55.22000", "2020-06-30": "66.68500", "2020-03-31": "82.62400", "2019-12-31": "87.85200", "2019-09-30": "89.77500", "2019-06-30": "80.61200", "2019-03-31": "71.98400", "2018-12-31": "66.50800", "2018-09-30": "57.39900", "2018-06-30": "45.87700", "2018-03-31": "36.12300", "2017-12-31": "32.74100", "2017-09-30": "31.70000", "2017-06-30": "26.77200", "2017-03-31": "23.17900", "2016-12-31": "24.23500", "2016-09-30": "23.51300", "2016-06-30": "21.79400", "2016-03-31": "20.72200", "2015-12-31": "20.28100", "2015-09-30": "19.83900", "2015-06-30": "18.34900", "2015-03-31": "18.46600", "2014-12-31": "18.99600", "2014-09-30": "19.00600", "2014-06-30": "17.37000", "2014-03-31": "17.32000", "2013-12-31": "18.27400", "2013-09-30": "19.38600", "2013-06-30": "20.82200", "2013-03-31": "21.60000", "2012-12-31": "23.86700", "2012-09-30": "25.62600", "2012-06-30": "27.42100", "2012-03-31": "30.59100", "2011-12-31": "32.97000", "2011-09-30": "36.54100", "2011-06-30": "36.73900", "2011-03-31": "38.16600", "2010-12-31": "41.28500", "2010-09-30": "44.42100", "2010-06-30": "44.93400", "2010-03-31": "46.63100", "2009-12-31": "49.89500", "2009-09-30": "53.91400", "2009-06-30": "54.63200", "2009-03-31": "57.29700", "2008-12-31": "63.07300", "2008-09-30": "65.88900", "2008-06-30": "66.76000", "2008-03-31": "74.43400", "2007-12-31": "86.27900", "2007-09-30": "88.45800", "2007-06-30": "87.63300", "2007-03-31": "87.63700", "2006-12-31": "88.27400", "2006-09-30": "83.77800", "2006-06-30": "73.87400", "2006-03-31": "63.13300", "2005-12-31": "57.57000", "2005-09-30": "50.50300", "2005-06-30": "44.79500", "2005-03-31": "37.40900"}, "Gross Profit": {"2020-12-31": "417.75800", "2020-09-30": "426.52900", "2020-06-30": "425.12400", "2020-03-31": "374.68500", "2019-12-31": "374.09890", "2019-09-30": "379.98900", "2019-06-30": "364.36000", "2019-03-31": "343.64300", "2018-12-31": "329.39610", "2018-09-30": "347.49300", "2018-06-30": "333.40300", "2018-03-31": "310.76100", "2017-12-31": "300.13700", "2017-09-30": "295.71900", "2017-06-30": "294.38100", "2017-03-31": "261.34500", "2016-12-31": "276.05300", "2016-09-30": "271.24000", "2016-06-30": "260.06900", "2016-03-31": "240.26100", "2015-12-31": "232.29600", "2015-09-30": "230.49300", "2015-06-30": "233.90500", "2015-03-31": "216.43200", "2014-12-31": "211.37600", "2014-09-30": "209.62200", "2014-06-30": "203.28200", "2014-03-31": "189.53500", "2013-12-31": "188.66890", "2013-09-30": "196.44400", "2013-06-30": "199.81900", "2013-03-31": "188.09200", "2012-12-31": "197.96500", "2012-09-30": "195.52000", "2012-06-30": "179.20500", "2012-03-31": "172.91800", "2011-12-31": "169.55900", "2011-09-30": "185.65700", "2011-06-30": "145.35800", "2011-03-31": "150.50100", "2010-12-31": "157.13800", "2010-09-30": "157.63600", "2010-06-30": "154.75000", "2010-03-31": "138.47200", "2009-12-31": "172.02200", "2009-09-30": "238.34300", "2009-06-30": "117.94900", "2009-03-31": "101.20900", "2008-12-31": "82.11700", "2008-09-30": "82.81000", "2008-06-30": "93.00400", "2008-03-31": "86.31400", "2007-12-31": "93.26100", "2007-09-30": "77.72400", "2007-06-30": "86.10500", "2007-03-31": "84.40300", "2006-12-31": "84.80300", "2006-09-30": "83.89100", "2006-06-30": "85.53500", "2006-03-31": "85.88900", "2005-12-31": "81.13900", "2005-09-30": "84.46100", "2005-06-30": "70.42300", "2005-03-31": "74.29300"}, "Research And Development Expenses": {"2020-12-31": "", "2020-09-30": "", "2020-06-30": "", "2020-03-31": "", "2019-12-31": "", "2019-09-30": "", "2019-06-30": "", "2019-03-31": "", "2018-12-31": "", "2018-09-30": "", "2018-06-30": "", "2018-03-31": "", "2017-12-31": "", "2017-09-30": "", "2017-06-30": "", "2017-03-31": "", "2016-12-31": "", "2016-09-30": "", "2016-06-30": "", "2016-03-31": "", "2015-12-31": "", "2015-09-30": "", "2015-06-30": "", "2015-03-31": "", "2014-12-31": "", "2014-09-30": "", "2014-06-30": "", "2014-03-31": "", "2013-12-31": "", "2013-09-30": "", "2013-06-30": "", "2013-03-31": "", "2012-12-31": "", "2012-09-30": "", "2012-06-30": "", "2012-03-31": "", "2011-12-31": "", "2011-09-30": "", "2011-06-30": "", "2011-03-31": "", "2010-12-31": "", "2010-09-30": "", "2010-06-30": "", "2010-03-31": "", "2009-12-31": "", "2009-09-30": "", "2009-06-30": "", "2009-03-31": "", "2008-12-31": "", "2008-09-30": "", "2008-06-30": "", "2008-03-31": "", "2007-12-31": "", "2007-09-30": "", "2007-06-30": "", "2007-03-31": "", "2006-12-31": "", "2006-09-30": "", "2006-06-30": "", "2006-03-31": "", "2005-12-31": "", "2005-09-30": "", "2005-06-30": "", "2005-03-31": ""}, "SG&A Expenses": {"2020-12-31": "280.41300", "2020-09-30": "286.54400", "2020-06-30": "391.60100", "2020-03-31": "284.73900", "2019-12-31": "254.40010", "2019-09-30": "242.46000", "2019-06-30": "251.23000", "2019-03-31": "222.05600", "2018-12-31": "220.32700", "2018-09-30": "223.51600", "2018-06-30": "210.81500", "2018-03-31": "201.69100", "2017-12-31": "203.32400", "2017-09-30": "190.40300", "2017-06-30": "191.29400", "2017-03-31": "172.16300", "2016-12-31": "186.56300", "2016-09-30": "185.10100", "2016-06-30": "178.85000", "2016-03-31": "160.46600", "2015-12-31": "174.56500", "2015-09-30": "166.94600", "2015-06-30": "162.84500", "2015-03-31": "152.38400", "2014-12-31": "148.40300", "2014-09-30": "143.16200", "2014-06-30": "139.09500", "2014-03-31": "132.03200", "2013-12-31": "129.65800", "2013-09-30": "137.20800", "2013-06-30": "142.40500", "2013-03-31": "134.68600", "2012-12-31": "147.98600", "2012-09-30": "142.26900", "2012-06-30": "136.78700", "2012-03-31": "134.11000", "2011-12-31": "136.52300", "2011-09-30": "134.64100", "2011-06-30": "125.68900", "2011-03-31": "122.76400", "2010-12-31": "134.27700", "2010-09-30": "124.55000", "2010-06-30": "133.28600", "2010-03-31": "112.33700", "2009-12-31": "128.17600", "2009-09-30": "183.07900", "2009-06-30": "107.23200", "2009-03-31": "90.74800", "2008-12-31": "70.98600", "2008-09-30": "86.54700", "2008-06-30": "74.70300", "2008-03-31": "70.61600", "2007-12-31": "64.99500", "2007-09-30": "62.88800", "2007-06-30": "61.66400", "2007-03-31": "60.58200", "2006-12-31": "60.19900", "2006-09-30": "59.66000", "2006-06-30": "56.82700", "2006-03-31": "55.25300", "2005-12-31": "51.23200", "2005-09-30": "52.51900", "2005-06-30": "49.44100", "2005-03-31": "48.78000"}, "Other Operating Income Or Expenses": {"2020-12-31": "", "2020-09-30": "", "2020-06-30": "", "2020-03-31": "", "2019-12-31": "", "2019-09-30": "", "2019-06-30": "", "2019-03-31": "", "2018-12-31": "", "2018-09-30": "", "2018-06-30": "", "2018-03-31": "", "2017-12-31": "", "2017-09-30": "", "2017-06-30": "", "2017-03-31": "", "2016-12-31": "", "2016-09-30": "", "2016-06-30": "", "2016-03-31": "", "2015-12-31": "", "2015-09-30": "", "2015-06-30": "", "2015-03-31": "", "2014-12-31": "", "2014-09-30": "", "2014-06-30": "", "2014-03-31": "", "2013-12-31": "", "2013-09-30": "", "2013-06-30": "", "2013-03-31": "", "2012-12-31": "", "2012-09-30": "", "2012-06-30": "", "2012-03-31": "", "2011-12-31": "", "2011-09-30": "", "2011-06-30": "", "2011-03-31": "", "2010-12-31": "", "2010-09-30": "", "2010-06-30": "", "2010-03-31": "", "2009-12-31": "", "2009-09-30": "", "2009-06-30": "", "2009-03-31": "", "2008-12-31": "", "2008-09-30": "", "2008-06-30": "", "2008-03-31": "", "2007-12-31": "", "2007-09-30": "", "2007-06-30": "", "2007-03-31": "", "2006-12-31": "", "2006-09-30": "", "2006-06-30": "", "2006-03-31": "", "2005-12-31": "", "2005-09-30": "", "2005-06-30": "", "2005-03-31": ""}, "Operating Expenses": {"2020-12-31": "331.63100", "2020-09-30": "344.46500", "2020-06-30": "461.10600", "2020-03-31": "370.22600", "2019-12-31": "345.26900", "2019-09-30": "335.16300", "2019-06-30": "334.79900", "2019-03-31": "296.98200", "2018-12-31": "288.24190", "2018-09-30": "282.07800", "2018-06-30": "257.68900", "2018-03-31": "238.81800", "2017-12-31": "237.09300", "2017-09-30": "223.17100", "2017-06-30": "219.20700", "2017-03-31": "196.50600", "2016-12-31": "211.95600", "2016-09-30": "209.69900", "2016-06-30": "201.89200", "2016-03-31": "182.48600", "2015-12-31": "196.17000", "2015-09-30": "188.13500", "2015-06-30": "182.12800", "2015-03-31": "171.86300", "2014-12-31": "168.57010", "2014-09-30": "163.37000", "2014-06-30": "157.62100", "2014-03-31": "150.51500", "2013-12-31": "149.12100", "2013-09-30": "157.74800", "2013-06-30": "164.39100", "2013-03-31": "157.40600", "2012-12-31": "172.96100", "2012-09-30": "168.97300", "2012-06-30": "165.29700", "2012-03-31": "165.75000", "2011-12-31": "170.55500", "2011-09-30": "172.15200", "2011-06-30": "163.13200", "2011-03-31": "161.61900", "2010-12-31": "176.28100", "2010-09-30": "169.67200", "2010-06-30": "178.89400", "2010-03-31": "159.61300", "2009-12-31": "178.81500", "2009-09-30": "237.67000", "2009-06-30": "162.54000", "2009-03-31": "148.73200", "2008-12-31": "134.84000", "2008-09-30": "153.21700", "2008-06-30": "142.24200", "2008-03-31": "145.83800", "2007-12-31": "152.23800", "2007-09-30": "152.31000", "2007-06-30": "150.26100", "2007-03-31": "149.18800", "2006-12-31": "149.63100", "2006-09-30": "144.65200", "2006-06-30": "131.52400", "2006-03-31": "119.12900", "2005-12-31": "109.68800", "2005-09-30": "103.90600", "2005-06-30": "95.10500", "2005-03-31": "86.94400"}, "Operating Income": {"2020-12-31": "134.71100", "2020-09-30": "137.28400", "2020-06-30": "30.70300", "2020-03-31": "87.08300", "2019-12-31": "116.68190", "2019-09-30": "134.60100", "2019-06-30": "110.17300", "2019-03-31": "118.64500", "2018-12-31": "107.66220", "2018-09-30": "122.81400", "2018-06-30": "121.59100", "2018-03-31": "108.06600", "2017-12-31": "95.78500", "2017-09-30": "104.24800", "2017-06-30": "101.94600", "2017-03-31": "88.01800", "2016-12-31": "88.33200", "2016-09-30": "85.05400", "2016-06-30": "79.97100", "2016-03-31": "78.49700", "2015-12-31": "56.40700", "2015-09-30": "62.19700", "2015-06-30": "70.12600", "2015-03-31": "63.03500", "2014-12-31": "61.80200", "2014-09-30": "65.25800", "2014-06-30": "63.03100", "2014-03-31": "56.34000", "2013-12-31": "57.82200", "2013-09-30": "58.08200", "2013-06-30": "56.25000", "2013-03-31": "52.28600", "2012-12-31": "48.87100", "2012-09-30": "52.17300", "2012-06-30": "41.32900", "2012-03-31": "37.75900", "2011-12-31": "31.97400", "2011-09-30": "50.04600", "2011-06-30": "18.96500", "2011-03-31": "27.04800", "2010-12-31": "22.14190", "2010-09-30": "32.38500", "2010-06-30": "20.79000", "2010-03-31": "25.49000", "2009-12-31": "43.10200", "2009-09-30": "54.58700", "2009-06-30": "10.04100", "2009-03-31": "9.77400", "2008-12-31": "10.35000", "2008-09-30": "-4.51800", "2008-06-30": "17.52200", "2008-03-31": "14.91000", "2007-12-31": "27.30200", "2007-09-30": "13.87200", "2007-06-30": "23.47700", "2007-03-31": "22.85200", "2006-12-31": "23.44600", "2006-09-30": "23.01700", "2006-06-30": "27.88500", "2006-03-31": "29.89300", "2005-12-31": "29.02100", "2005-09-30": "31.05800", "2005-06-30": "20.11300", "2005-03-31": "24.75800"}, "Total Non-Operating Income/Expense": {"2020-12-31": "", "2020-09-30": "", "2020-06-30": "", "2020-03-31": "", "2019-12-31": "", "2019-09-30": "", "2019-06-30": "", "2019-03-31": "", "2018-12-31": "", "2018-09-30": "", "2018-06-30": "", "2018-03-31": "", "2017-12-31": "", "2017-09-30": "", "2017-06-30": "", "2017-03-31": "", "2016-12-31": "", "2016-09-30": "", "2016-06-30": "", "2016-03-31": "", "2015-12-31": "", "2015-09-30": "", "2015-06-30": "", "2015-03-31": "", "2014-12-31": "", "2014-09-30": "", "2014-06-30": "", "2014-03-31": "", "2013-12-31": "", "2013-09-30": "", "2013-06-30": "", "2013-03-31": "", "2012-12-31": "", "2012-09-30": "", "2012-06-30": "", "2012-03-31": "", "2011-12-31": "", "2011-09-30": "", "2011-06-30": "", "2011-03-31": "", "2010-12-31": "", "2010-09-30": "", "2010-06-30": "", "2010-03-31": "", "2009-12-31": "", "2009-09-30": "", "2009-06-30": "", "2009-03-31": "", "2008-12-31": "", "2008-09-30": "", "2008-06-30": "", "2008-03-31": "", "2007-12-31": "", "2007-09-30": "", "2007-06-30": "", "2007-03-31": "", "2006-12-31": "", "2006-09-30": "", "2006-06-30": "", "2006-03-31": "", "2005-12-31": "", "2005-09-30": "", "2005-06-30": "", "2005-03-31": ""}, "Pre-Tax Income": {"2020-12-31": "134.71100", "2020-09-30": "137.28400", "2020-06-30": "30.70300", "2020-03-31": "87.08300", "2019-12-31": "116.68200", "2019-09-30": "134.60100", "2019-06-30": "110.17300", "2019-03-31": "118.64500", "2018-12-31": "107.66200", "2018-09-30": "122.81400", "2018-06-30": "121.59100", "2018-03-31": "108.06600", "2017-12-31": "95.78500", "2017-09-30": "104.24800", "2017-06-30": "101.94600", "2017-03-31": "88.01800", "2016-12-31": "88.33200", "2016-09-30": "85.05400", "2016-06-30": "79.97100", "2016-03-31": "78.49700", "2015-12-31": "56.40700", "2015-09-30": "62.19700", "2015-06-30": "70.12600", "2015-03-31": "63.03500", "2014-12-31": "61.80200", "2014-09-30": "65.25800", "2014-06-30": "63.03100", "2014-03-31": "56.34000", "2013-12-31": "57.82200", "2013-09-30": "58.08200", "2013-06-30": "56.25000", "2013-03-31": "52.28600", "2012-12-31": "48.87100", "2012-09-30": "52.17300", "2012-06-30": "41.32900", "2012-03-31": "37.75900", "2011-12-31": "31.97400", "2011-09-30": "50.04600", "2011-06-30": "18.96500", "2011-03-31": "27.04800", "2010-12-31": "22.14200", "2010-09-30": "32.38500", "2010-06-30": "20.79000", "2010-03-31": "25.49000", "2009-12-31": "43.10200", "2009-09-30": "54.58700", "2009-06-30": "10.04100", "2009-03-31": "9.77400", "2008-12-31": "2.72700", "2008-09-30": "-4.51800", "2008-06-30": "17.52200", "2008-03-31": "14.91000", "2007-12-31": "23.62300", "2007-09-30": "13.87200", "2007-06-30": "23.47700", "2007-03-31": "22.85200", "2006-12-31": "23.44600", "2006-09-30": "23.01700", "2006-06-30": "27.88500", "2006-03-31": "29.89300", "2005-12-31": "29.02100", "2005-09-30": "31.05800", "2005-06-30": "20.11300", "2005-03-31": "24.75800"}, "Income Taxes": {"2020-12-31": "33.50700", "2020-09-30": "29.96900", "2020-06-30": "9.04400", "2020-03-31": "24.27100", "2019-12-31": "30.71800", "2019-09-30": "35.48000", "2019-06-30": "28.70700", "2019-03-31": "29.49900", "2018-12-31": "28.00500", "2018-09-30": "30.86600", "2018-06-30": "32.01100", "2018-03-31": "26.08500", "2017-12-31": "27.00400", "2017-09-30": "38.62200", "2017-06-30": "37.04900", "2017-03-31": "29.64000", "2016-12-31": "33.72400", "2016-09-30": "31.93900", "2016-06-30": "29.93000", "2016-03-31": "29.38600", "2015-12-31": "20.89600", "2015-09-30": "23.84200", "2015-06-30": "26.29500", "2015-03-31": "23.98300", "2014-12-31": "23.66900", "2014-09-30": "25.03400", "2014-06-30": "24.49000", "2014-03-31": "21.84000", "2013-12-31": "22.53400", "2013-09-30": "22.51900", "2013-06-30": "21.94300", "2013-03-31": "20.23400", "2012-12-31": "18.78200", "2012-09-30": "19.87100", "2012-06-30": "15.73400", "2012-03-31": "14.54900", "2011-12-31": "12.75300", "2011-09-30": "19.84400", "2011-06-30": "7.21500", "2011-03-31": "10.64600", "2010-12-31": "7.93700", "2010-09-30": "12.28700", "2010-06-30": "7.78100", "2010-03-31": "9.47300", "2009-12-31": "14.93500", "2009-09-30": "22.59200", "2009-06-30": "3.49200", "2009-03-31": "3.41600", "2008-12-31": "0.77200", "2008-09-30": "-2.07000", "2008-06-30": "6.24600", "2008-03-31": "5.20500", "2007-12-31": "7.98000", "2007-09-30": "3.95300", "2007-06-30": "8.06700", "2007-03-31": "8.17100", "2006-12-31": "8.43600", "2006-09-30": "8.15800", "2006-06-30": "10.27400", "2006-03-31": "10.88000", "2005-12-31": "10.36500", "2005-09-30": "11.35000", "2005-06-30": "7.13400", "2005-03-31": "9.08500"}, "Income After Taxes": {"2020-12-31": "101.20400", "2020-09-30": "107.31500", "2020-06-30": "21.65900", "2020-03-31": "62.81200", "2019-12-31": "85.96400", "2019-09-30": "99.12100", "2019-06-30": "81.46600", "2019-03-31": "89.14600", "2018-12-31": "79.65700", "2018-09-30": "91.94800", "2018-06-30": "89.58000", "2018-03-31": "81.98100", "2017-12-31": "68.78100", "2017-09-30": "65.62600", "2017-06-30": "64.89700", "2017-03-31": "58.37800", "2016-12-31": "54.60800", "2016-09-30": "53.11500", "2016-06-30": "50.04100", "2016-03-31": "49.11100", "2015-12-31": "35.51100", "2015-09-30": "38.35500", "2015-06-30": "43.83100", "2015-03-31": "39.05200", "2014-12-31": "38.13300", "2014-09-30": "40.22400", "2014-06-30": "38.54100", "2014-03-31": "34.50000", "2013-12-31": "35.28800", "2013-09-30": "35.56300", "2013-06-30": "34.30700", "2013-03-31": "32.05200", "2012-12-31": "30.08900", "2012-09-30": "32.30200", "2012-06-30": "25.59500", "2012-03-31": "23.21000", "2011-12-31": "19.22100", "2011-09-30": "30.20200", "2011-06-30": "11.75000", "2011-03-31": "16.40200", "2010-12-31": "14.20500", "2010-09-30": "20.09800", "2010-06-30": "13.00900", "2010-03-31": "16.01700", "2009-12-31": "28.16700", "2009-09-30": "31.99500", "2009-06-30": "6.54900", "2009-03-31": "6.35800", "2008-12-31": "1.95500", "2008-09-30": "-2.44800", "2008-06-30": "11.27600", "2008-03-31": "9.70500", "2007-12-31": "15.64300", "2007-09-30": "9.91900", "2007-06-30": "15.41000", "2007-03-31": "14.68100", "2006-12-31": "15.01000", "2006-09-30": "14.85900", "2006-06-30": "17.61100", "2006-03-31": "19.01300", "2005-12-31": "18.65600", "2005-09-30": "19.70800", "2005-06-30": "12.97900", "2005-03-31": "15.67300"}, "Other Income": {"2020-12-31": "", "2020-09-30": "", "2020-06-30": "", "2020-03-31": "", "2019-12-31": "", "2019-09-30": "", "2019-06-30": "", "2019-03-31": "", "2018-12-31": "", "2018-09-30": "", "2018-06-30": "", "2018-03-31": "", "2017-12-31": "", "2017-09-30": "", "2017-06-30": "", "2017-03-31": "", "2016-12-31": "", "2016-09-30": "", "2016-06-30": "", "2016-03-31": "", "2015-12-31": "", "2015-09-30": "", "2015-06-30": "", "2015-03-31": "", "2014-12-31": "", "2014-09-30": "", "2014-06-30": "", "2014-03-31": "", "2013-12-31": "", "2013-09-30": "", "2013-06-30": "", "2013-03-31": "", "2012-12-31": "", "2012-09-30": "", "2012-06-30": "", "2012-03-31": "", "2011-12-31": "", "2011-09-30": "", "2011-06-30": "", "2011-03-31": "", "2010-12-31": "", "2010-09-30": "", "2010-06-30": "", "2010-03-31": "", "2009-12-31": "", "2009-09-30": "", "2009-06-30": "", "2009-03-31": "", "2008-12-31": "", "2008-09-30": "", "2008-06-30": "", "2008-03-31": "", "2007-12-31": "", "2007-09-30": "", "2007-06-30": "", "2007-03-31": "", "2006-12-31": "", "2006-09-30": "", "2006-06-30": "", "2006-03-31": "", "2005-12-31": "", "2005-09-30": "", "2005-06-30": "", "2005-03-31": ""}, "Income From Continuous Operations": {"2020-12-31": "101.20400", "2020-09-30": "107.31500", "2020-06-30": "21.65900", "2020-03-31": "62.81200", "2019-12-31": "85.96400", "2019-09-30": "99.12100", "2019-06-30": "81.46600", "2019-03-31": "89.14600", "2018-12-31": "79.65700", "2018-09-30": "91.94800", "2018-06-30": "89.58000", "2018-03-31": "81.98100", "2017-12-31": "68.78100", "2017-09-30": "65.62600", "2017-06-30": "64.89700", "2017-03-31": "58.37800", "2016-12-31": "54.60800", "2016-09-30": "53.11500", "2016-06-30": "50.04100", "2016-03-31": "49.11100", "2015-12-31": "35.51100", "2015-09-30": "38.35500", "2015-06-30": "43.83100", "2015-03-31": "39.05200", "2014-12-31": "38.13300", "2014-09-30": "40.22400", "2014-06-30": "38.54100", "2014-03-31": "34.50000", "2013-12-31": "35.28800", "2013-09-30": "35.56300", "2013-06-30": "34.30700", "2013-03-31": "32.05200", "2012-12-31": "30.08900", "2012-09-30": "32.30200", "2012-06-30": "25.59500", "2012-03-31": "23.21000", "2011-12-31": "19.22100", "2011-09-30": "30.20200", "2011-06-30": "11.75000", "2011-03-31": "16.40200", "2010-12-31": "14.20500", "2010-09-30": "20.09800", "2010-06-30": "13.00900", "2010-03-31": "16.01700", "2009-12-31": "28.16700", "2009-09-30": "31.99500", "2009-06-30": "6.54900", "2009-03-31": "6.35800", "2008-12-31": "1.95500", "2008-09-30": "-2.44800", "2008-06-30": "11.27600", "2008-03-31": "9.70500", "2007-12-31": "15.64300", "2007-09-30": "9.91900", "2007-06-30": "15.41000", "2007-03-31": "14.68100", "2006-12-31": "15.01000", "2006-09-30": "14.85900", "2006-06-30": "17.61100", "2006-03-31": "19.01300", "2005-12-31": "18.65600", "2005-09-30": "19.70800", "2005-06-30": "12.97900", "2005-03-31": "15.67300"}, "Income From Discontinued Operations": {"2020-12-31": "", "2020-09-30": "", "2020-06-30": "", "2020-03-31": "", "2019-12-31": "", "2019-09-30": "", "2019-06-30": "", "2019-03-31": "", "2018-12-31": "", "2018-09-30": "", "2018-06-30": "", "2018-03-31": "", "2017-12-31": "", "2017-09-30": "", "2017-06-30": "", "2017-03-31": "", "2016-12-31": "", "2016-09-30": "", "2016-06-30": "", "2016-03-31": "", "2015-12-31": "", "2015-09-30": "", "2015-06-30": "", "2015-03-31": "", "2014-12-31": "", "2014-09-30": "", "2014-06-30": "", "2014-03-31": "", "2013-12-31": "", "2013-09-30": "", "2013-06-30": "", "2013-03-31": "", "2012-12-31": "", "2012-09-30": "", "2012-06-30": "", "2012-03-31": "", "2011-12-31": "", "2011-09-30": "", "2011-06-30": "", "2011-03-31": "", "2010-12-31": "", "2010-09-30": "", "2010-06-30": "", "2010-03-31": "", "2009-12-31": "", "2009-09-30": "", "2009-06-30": "", "2009-03-31": "", "2008-12-31": "", "2008-09-30": "", "2008-06-30": "", "2008-03-31": "", "2007-12-31": "", "2007-09-30": "", "2007-06-30": "", "2007-03-31": "", "2006-12-31": "", "2006-09-30": "", "2006-06-30": "", "2006-03-31": "", "2005-12-31": "", "2005-09-30": "", "2005-06-30": "", "2005-03-31": ""}, "Net Income": {"2020-12-31": "94.21300", "2020-09-30": "97.02900", "2020-06-30": "19.60900", "2020-03-31": "60.76200", "2019-12-31": "83.91400", "2019-09-30": "97.07100", "2019-06-30": "79.41600", "2019-03-31": "87.09600", "2018-12-31": "77.60700", "2018-09-30": "89.89800", "2018-06-30": "87.53000", "2018-03-31": "79.93100", "2017-12-31": "66.73100", "2017-09-30": "63.57600", "2017-06-30": "62.84700", "2017-03-31": "54.75000", "2016-12-31": "50.97900", "2016-09-30": "49.48700", "2016-06-30": "46.41300", "2016-03-31": "45.48300", "2015-12-31": "31.88200", "2015-09-30": "34.27600", "2015-06-30": "42.25100", "2015-03-31": "37.47100", "2014-12-31": "36.55300", "2014-09-30": "38.64300", "2014-06-30": "36.96000", "2014-03-31": "32.91900", "2013-12-31": "33.70700", "2013-09-30": "33.98200", "2013-06-30": "31.69000", "2013-03-31": "29.43600", "2012-12-31": "27.50200", "2012-09-30": "29.68600", "2012-06-30": "22.95100", "2012-03-31": "21.96400", "2011-12-31": "18.18900", "2011-09-30": "29.17000", "2011-06-30": "10.71700", "2011-03-31": "15.37100", "2010-12-31": "-1.97000", "2010-09-30": "15.15500", "2010-06-30": "8.06600", "2010-03-31": "11.07400", "2009-12-31": "23.27900", "2009-09-30": "27.32700", "2009-06-30": "1.54900", "2009-03-31": "1.35800", "2008-12-31": "0.42300", "2008-09-30": "-2.99200", "2008-06-30": "11.27600", "2008-03-31": "9.70500", "2007-12-31": "15.64300", "2007-09-30": "9.91900", "2007-06-30": "15.41000", "2007-03-31": "14.68100", "2006-12-31": "15.01000", "2006-09-30": "14.85900", "2006-06-30": "17.61100", "2006-03-31": "19.01300", "2005-12-31": "18.65600", "2005-09-30": "19.70800", "2005-06-30": "12.97900", "2005-03-31": "15.67300"}, "EBITDA": {"2020-12-31": "", "2020-09-30": "", "2020-06-30": "", "2020-03-31": "", "2019-12-31": "", "2019-09-30": "", "2019-06-30": "", "2019-03-31": "", "2018-12-31": "", "2018-09-30": "", "2018-06-30": "", "2018-03-31": "", "2017-12-31": "", "2017-09-30": "", "2017-06-30": "", "2017-03-31": "", "2016-12-31": "", "2016-09-30": "", "2016-06-30": "", "2016-03-31": "", "2015-12-31": "", "2015-09-30": "", "2015-06-30": "", "2015-03-31": "", "2014-12-31": "", "2014-09-30": "", "2014-06-30": "", "2014-03-31": "", "2013-12-31": "", "2013-09-30": "", "2013-06-30": "", "2013-03-31": "", "2012-12-31": "", "2012-09-30": "", "2012-06-30": "", "2012-03-31": "", "2011-12-31": "", "2011-09-30": "", "2011-06-30": "", "2011-03-31": "", "2010-12-31": "", "2010-09-30": "", "2010-06-30": "", "2010-03-31": "", "2009-12-31": "", "2009-09-30": "", "2009-06-30": "", "2009-03-31": "", "2008-12-31": "", "2008-09-30": "", "2008-06-30": "", "2008-03-31": "", "2007-12-31": "", "2007-09-30": "", "2007-06-30": "", "2007-03-31": "", "2006-12-31": "", "2006-09-30": "", "2006-06-30": "", "2006-03-31": "", "2005-12-31": "", "2005-09-30": "", "2005-06-30": "", "2005-03-31": ""}, "EBIT": {"2020-12-31": "", "2020-09-30": "", "2020-06-30": "", "2020-03-31": "", "2019-12-31": "", "2019-09-30": "", "2019-06-30": "", "2019-03-31": "", "2018-12-31": "", "2018-09-30": "", "2018-06-30": "", "2018-03-31": "", "2017-12-31": "", "2017-09-30": "", "2017-06-30": "", "2017-03-31": "", "2016-12-31": "", "2016-09-30": "", "2016-06-30": "", "2016-03-31": "", "2015-12-31": "", "2015-09-30": "", "2015-06-30": "", "2015-03-31": "", "2014-12-31": "", "2014-09-30": "", "2014-06-30": "", "2014-03-31": "", "2013-12-31": "", "2013-09-30": "", "2013-06-30": "", "2013-03-31": "", "2012-12-31": "", "2012-09-30": "", "2012-06-30": "", "2012-03-31": "", "2011-12-31": "", "2011-09-30": "", "2011-06-30": "", "2011-03-31": "", "2010-12-31": "", "2010-09-30": "", "2010-06-30": "", "2010-03-31": "", "2009-12-31": "", "2009-09-30": "", "2009-06-30": "", "2009-03-31": "", "2008-12-31": "", "2008-09-30": "", "2008-06-30": "", "2008-03-31": "", "2007-12-31": "", "2007-09-30": "", "2007-06-30": "", "2007-03-31": "", "2006-12-31": "", "2006-09-30": "", "2006-06-30": "", "2006-03-31": "", "2005-12-31": "", "2005-09-30": "", "2005-06-30": "", "2005-03-31": ""}, "Basic Shares Outstanding": {"2020-12-31": "57.30900", "2020-09-30": "57.59700", "2020-06-30": "57.56700", "2020-03-31": "57.62000", "2019-12-31": "56.85700", "2019-09-30": "56.69000", "2019-06-30": "56.66200", "2019-03-31": "56.52900", "2018-12-31": "56.30000", "2018-09-30": "56.36600", "2018-06-30": "56.29900", "2018-03-31": "56.13700", "2017-12-31": "54.70300", "2017-09-30": "55.79600", "2017-06-30": "54.77500", "2017-03-31": "52.26700", "2016-12-31": "50.27800", "2016-09-30": "51.67900", "2016-06-30": "49.14000", "2016-03-31": "48.44800", "2015-12-31": "47.83800", "2015-09-30": "48.15800", "2015-06-30": "47.56700", "2015-03-31": "47.23900", "2014-12-31": "46.52400", "2014-09-30": "46.63900", "2014-06-30": "46.52000", "2014-03-31": "46.19500", "2013-12-31": "38.69900", "2013-09-30": "39.33100", "2013-06-30": "37.48600", "2013-03-31": "36.97600", "2012-12-31": "36.36500", "2012-09-30": "36.38100", "2012-06-30": "36.32900", "2012-03-31": "36.20700", "2011-12-31": "35.35500", "2011-09-30": "35.55000", "2011-06-30": "34.97100", "2011-03-31": "34.92800", "2010-12-31": "30.05700", "2010-09-30": "31.11700", "2010-06-30": "31.07400", "2010-03-31": "25.94200", "2009-12-31": "24.01000", "2009-09-30": "24.05200", "2009-06-30": "23.96400", "2009-03-31": "23.85500", "2008-12-31": "23.62400", "2008-09-30": "23.64400", "2008-06-30": "23.60800", "2008-03-31": "23.51800", "2007-12-31": "24.10700", "2007-09-30": "23.79700", "2007-06-30": "24.15400", "2007-03-31": "25.02900", "2006-12-31": "25.01100", "2006-09-30": "25.65600", "2006-06-30": "24.72900", "2006-03-31": "24.05600", "2005-12-31": "23.19800", "2005-09-30": "23.61500", "2005-06-30": "23.50400", "2005-03-31": "21.83100"}, "Shares Outstanding": {"2020-12-31": "57.89700", "2020-09-30": "58.04600", "2020-06-30": "57.98100", "2020-03-31": "58.19500", "2019-12-31": "57.61900", "2019-09-30": "57.46300", "2019-06-30": "57.36100", "2019-03-31": "57.22800", "2018-12-31": "57.20800", "2018-09-30": "57.28400", "2018-06-30": "57.22700", "2018-03-31": "57.02500", "2017-12-31": "56.68600", "2017-09-30": "56.76200", "2017-06-30": "56.58700", "2017-03-31": "56.42700", "2016-12-31": "54.27200", "2016-09-30": "55.72600", "2016-06-30": "53.10500", "2016-03-31": "52.26800", "2015-12-31": "51.93700", "2015-09-30": "52.20700", "2015-06-30": "51.72300", "2015-03-31": "51.47200", "2014-12-31": "50.84500", "2014-09-30": "50.88000", "2014-06-30": "50.92200", "2014-03-31": "50.70400", "2013-12-31": "49.94800", "2013-09-30": "50.15400", "2013-06-30": "49.84000", "2013-03-31": "49.43900", "2012-12-31": "48.03400", "2012-09-30": "48.67600", "2012-06-30": "44.09900", "2012-03-31": "43.73700", "2011-12-31": "43.99100", "2011-09-30": "46.10100", "2011-06-30": "43.40900", "2011-03-31": "42.72200", "2010-12-31": "31.57000", "2010-09-30": "32.10500", "2010-06-30": "32.34100", "2010-03-31": "27.08100", "2009-12-31": "26.34500", "2009-09-30": "26.54500", "2009-06-30": "24.26400", "2009-03-31": "24.07600", "2008-12-31": "24.13100", "2008-09-30": "23.64400", "2008-06-30": "24.13900", "2008-03-31": "24.10000", "2007-12-31": "24.88800", "2007-09-30": "24.59200", "2007-06-30": "24.96000", "2007-03-31": "25.84600", "2006-12-31": "25.92700", "2006-09-30": "26.59700", "2006-06-30": "25.62300", "2006-03-31": "25.01200", "2005-12-31": "24.33700", "2005-09-30": "24.77100", "2005-06-30": "24.62900", "2005-03-31": "23.04600"}, "Basic EPS": {"2020-12-31": "1.64000", "2020-09-30": "1.68000", "2020-06-30": "0.34000", "2020-03-31": "1.05000", "2019-12-31": "1.46000", "2019-09-30": "1.71000", "2019-06-30": "1.40000", "2019-03-31": "1.54000", "2018-12-31": "1.39000", "2018-09-30": "1.59000", "2018-06-30": "1.55000", "2018-03-31": "1.42000", "2017-12-31": "1.19000", "2017-09-30": "1.14000", "2017-06-30": "1.15000", "2017-03-31": "1.05000", "2016-12-31": "0.99000", "2016-09-30": "0.96000", "2016-06-30": "0.94000", "2016-03-31": "0.94000", "2015-12-31": "0.66000", "2015-09-30": "0.71000", "2015-06-30": "0.89000", "2015-03-31": "0.79000", "2014-12-31": "0.79000", "2014-09-30": "0.83000", "2014-06-30": "0.79000", "2014-03-31": "0.71000", "2013-12-31": "0.82000", "2013-09-30": "0.86000", "2013-06-30": "0.85000", "2013-03-31": "0.80000", "2012-12-31": "0.75000", "2012-09-30": "0.82000", "2012-06-30": "0.63000", "2012-03-31": "0.61000", "2011-12-31": "0.51000", "2011-09-30": "0.82000", "2011-06-30": "0.31000", "2011-03-31": "0.44000", "2010-12-31": "-0.10000", "2010-09-30": "0.49000", "2010-06-30": "0.26000", "2010-03-31": "0.43000", "2009-12-31": "0.97000", "2009-09-30": "1.14000", "2009-06-30": "0.06000", "2009-03-31": "0.06000", "2008-12-31": "0.02000", "2008-09-30": "-0.13000", "2008-06-30": "0.48000", "2008-03-31": "0.41000", "2007-12-31": "0.66000", "2007-09-30": "0.42000", "2007-06-30": "0.64000", "2007-03-31": "0.59000", "2006-12-31": "0.58000", "2006-09-30": "0.58000", "2006-06-30": "0.71000", "2006-03-31": "0.79000", "2005-12-31": "0.79000", "2005-09-30": "0.83000", "2005-06-30": "0.55000", "2005-03-31": "0.72000"}, "EPS - Earnings Per Share": {"2020-12-31": "1.63000", "2020-09-30": "1.67000", "2020-06-30": "0.34000", "2020-03-31": "1.04000", "2019-12-31": "1.44000", "2019-09-30": "1.69000", "2019-06-30": "1.38000", "2019-03-31": "1.52000", "2018-12-31": "1.36000", "2018-09-30": "1.57000", "2018-06-30": "1.53000", "2018-03-31": "1.40000", "2017-12-31": "1.17000", "2017-09-30": "1.12000", "2017-06-30": "1.11000", "2017-03-31": "1.00000", "2016-12-31": "0.94000", "2016-09-30": "0.92000", "2016-06-30": "0.90000", "2016-03-31": "0.90000", "2015-12-31": "0.63000", "2015-09-30": "0.69000", "2015-06-30": "0.85000", "2015-03-31": "0.76000", "2014-12-31": "0.75000", "2014-09-30": "0.79000", "2014-06-30": "0.76000", "2014-03-31": "0.68000", "2013-12-31": "0.70000", "2013-09-30": "0.71000", "2013-06-30": "0.69000", "2013-03-31": "0.65000", "2012-12-31": "0.63000", "2012-09-30": "0.66000", "2012-06-30": "0.52000", "2012-03-31": "0.50000", "2011-12-31": "0.41000", "2011-09-30": "0.65000", "2011-06-30": "0.25000", "2011-03-31": "0.36000", "2010-12-31": "-0.11000", "2010-09-30": "0.47000", "2010-06-30": "0.25000", "2010-03-31": "0.41000", "2009-12-31": "0.99000", "2009-09-30": "1.07000", "2009-06-30": "0.06000", "2009-03-31": "0.06000", "2008-12-31": "0.02000", "2008-09-30": "-0.13000", "2008-06-30": "0.47000", "2008-03-31": "0.40000", "2007-12-31": "0.65000", "2007-09-30": "0.40000", "2007-06-30": "0.62000", "2007-03-31": "0.57000", "2006-12-31": "0.55000", "2006-09-30": "0.56000", "2006-06-30": "0.69000", "2006-03-31": "0.76000", "2005-12-31": "0.74000", "2005-09-30": "0.80000", "2005-06-30": "0.53000", "2005-03-31": "0.68000"}}, "balance sheet": {"Cash On Hand": {"2020-12-31": "5125.67200", "2019-12-31": "2452.10400", "2018-12-31": "1493.48600", "2017-12-31": "1341.82800", "2016-12-31": "1252.49100", "2015-12-31": "884.02500", "2014-12-31": "1230.35000", "2013-12-31": "759.93500", "2012-12-31": "1351.35400", "2011-12-31": "921.48100", "2010-12-31": "1043.03400", "2009-12-31": "1218.05300", "2008-12-31": "573.31200", "2007-12-31": "273.13500", "2006-12-31": "326.87500", "2005-12-31": "355.21500"}, "Receivables": {"2020-12-31": "", "2019-12-31": "", "2018-12-31": "", "2017-12-31": "", "2016-12-31": "", "2015-12-31": "", "2014-12-31": "", "2013-12-31": "", "2012-12-31": "", "2011-12-31": "", "2010-12-31": "", "2009-12-31": "", "2008-12-31": "", "2007-12-31": "", "2006-12-31": "", "2005-12-31": ""}, "Inventory": {"2020-12-31": "", "2019-12-31": "", "2018-12-31": "", "2017-12-31": "", "2016-12-31": "", "2015-12-31": "", "2014-12-31": "", "2013-12-31": "", "2012-12-31": "", "2011-12-31": "", "2010-12-31": "", "2009-12-31": "", "2008-12-31": "", "2007-12-31": "", "2006-12-31": "", "2005-12-31": ""}, "Pre-Paid Expenses": {"2020-12-31": "", "2019-12-31": "", "2018-12-31": "", "2017-12-31": "", "2016-12-31": "", "2015-12-31": "", "2014-12-31": "", "2013-12-31": "", "2012-12-31": "", "2011-12-31": "", "2010-12-31": "", "2009-12-31": "", "2008-12-31": "", "2007-12-31": "", "2006-12-31": "", "2005-12-31": ""}, "Other Current Assets": {"2020-12-31": "", "2019-12-31": "", "2018-12-31": "", "2017-12-31": "", "2016-12-31": "", "2015-12-31": "", "2014-12-31": "", "2013-12-31": "", "2012-12-31": "", "2011-12-31": "", "2010-12-31": "", "2009-12-31": "", "2008-12-31": "", "2007-12-31": "", "2006-12-31": "", "2005-12-31": ""}, "Total Current Assets": {"2020-12-31": "39526.35000", "2019-12-31": "30550.59000", "2018-12-31": "26398.32000", "2017-12-31": "23842.13000", "2016-12-31": "21927.54000", "2015-12-31": "19055.16000", "2014-12-31": "17135.12000", "2013-12-31": "14830.85000", "2012-12-31": "14568.26000", "2011-12-31": "13398.28000", "2010-12-31": "11625.80000", "2009-12-31": "10244.81000", "2008-12-31": "9232.85900", "2007-12-31": "7431.78300", "2006-12-31": "7130.56000", "2005-12-31": "5915.45900"}, "Property, Plant, And Equipment": {"2020-12-31": "768.80800", "2019-12-31": "754.32800", "2018-12-31": "671.16900", "2017-12-31": "621.89500", "2016-12-31": "597.30100", "2015-12-31": "592.25600", "2014-12-31": "555.22800", "2013-12-31": "531.94700", "2012-12-31": "501.20500", "2011-12-31": "431.51200", "2010-12-31": "363.69600", "2009-12-31": "350.34500", "2008-12-31": "349.87500", "2007-12-31": "339.29700", "2006-12-31": "311.04100", "2005-12-31": "247.87500"}, "Long-Term Investments": {"2020-12-31": "4103.86100", "2019-12-31": "4623.38500", "2018-12-31": "3552.79900", "2017-12-31": "2932.43900", "2016-12-31": "2623.26800", "2015-12-31": "2765.96500", "2014-12-31": "1884.08600", "2013-12-31": "2255.55100", "2012-12-31": "1875.64000", "2011-12-31": "1392.23100", "2010-12-31": "1578.70900", "2009-12-31": "1328.81500", "2008-12-31": "784.67300", "2007-12-31": "1303.83700", "2006-12-31": "1839.71600", "2005-12-31": "1799.38400"}, "Goodwill And Intangible Assets": {"2020-12-31": "681.74690", "2019-12-31": "692.27700", "2018-12-31": "622.56500", "2017-12-31": "519.50500", "2016-12-31": "520.43800", "2015-12-31": "495.97000", "2014-12-31": "424.44500", "2013-12-31": "393.76000", "2012-12-31": "366.34800", "2011-12-31": "327.53800", "2010-12-31": "293.76500", "2009-12-31": "291.64900", "2008-12-31": "290.91800", "2007-12-31": "293.94100", "2006-12-31": "290.53500", "2005-12-31": "214.32300"}, "Other Long-Term Assets": {"2020-12-31": "", "2019-12-31": "", "2018-12-31": "", "2017-12-31": "", "2016-12-31": "", "2015-12-31": "", "2014-12-31": "11.84600", "2013-12-31": "85.67200", "2012-12-31": "208.16000", "2011-12-31": "344.25100", "2010-12-31": "118.18200", "2009-12-31": "", "2008-12-31": "", "2007-12-31": "", "2006-12-31": "", "2005-12-31": ""}, "Total Long-Term Assets": {"2020-12-31": "5554.41700", "2019-12-31": "6069.99000", "2018-12-31": "4846.53300", "2017-12-31": "4073.83900", "2016-12-31": "3741.00700", "2015-12-31": "3854.19100", "2014-12-31": "2875.60500", "2013-12-31": "3266.93000", "2012-12-31": "2951.35300", "2011-12-31": "2495.53200", "2010-12-31": "2354.35200", "2009-12-31": "1970.80900", "2008-12-31": "1425.46600", "2007-12-31": "1937.07500", "2006-12-31": "2441.29200", "2005-12-31": "2261.58200"}, "Total Assets": {"2020-12-31": "45080.77000", "2019-12-31": "36620.58000", "2018-12-31": "31244.85000", "2017-12-31": "27915.97000", "2016-12-31": "25668.55000", "2015-12-31": "22909.35000", "2014-12-31": "20010.73000", "2013-12-31": "18097.78000", "2012-12-31": "17519.61000", "2011-12-31": "15893.81000", "2010-12-31": "13980.16000", "2009-12-31": "12215.62000", "2008-12-31": "10658.33000", "2007-12-31": "9368.85900", "2006-12-31": "9571.85200", "2005-12-31": "8177.04200"}, "Total Current Liabilities": {"2020-12-31": "38326.44000", "2019-12-31": "31146.63000", "2018-12-31": "26764.32000", "2017-12-31": "23720.59000", "2016-12-31": "22164.08000", "2015-12-31": "19029.89000", "2014-12-31": "16618.07000", "2013-12-31": "14971.75000", "2012-12-31": "14761.88000", "2011-12-31": "12547.55000", "2010-12-31": "10959.99000", "2009-12-31": "10089.06000", "2008-12-31": "8499.49400", "2007-12-31": "7635.02500", "2006-12-31": "7986.07500", "2005-12-31": "6823.56000"}, "Long Term Debt": {"2020-12-31": "2437.42900", "2019-12-31": "1782.70500", "2018-12-31": "1212.95700", "2017-12-31": "1218.44000", "2016-12-31": "808.85400", "2015-12-31": "1526.64300", "2014-12-31": "1319.00800", "2013-12-31": "922.35900", "2012-12-31": "953.02600", "2011-12-31": "1802.72700", "2010-12-31": "1583.61300", "2009-12-31": "987.91700", "2008-12-31": "1092.26000", "2007-12-31": "994.27910", "2006-12-31": "812.43100", "2005-12-31": "725.57100"}, "Other Non-Current Liabilities": {"2020-12-31": "", "2019-12-31": "", "2018-12-31": "", "2017-12-31": "", "2016-12-31": "", "2015-12-31": "", "2014-12-31": "", "2013-12-31": "", "2012-12-31": "", "2011-12-31": "", "2010-12-31": "", "2009-12-31": "", "2008-12-31": "", "2007-12-31": "", "2006-12-31": "", "2005-12-31": ""}, "Total Long Term Liabilities": {"2020-12-31": "2437.42900", "2019-12-31": "1782.70500", "2018-12-31": "1212.95700", "2017-12-31": "1218.44000", "2016-12-31": "808.85400", "2015-12-31": "1526.64300", "2014-12-31": "1319.00800", "2013-12-31": "922.35900", "2012-12-31": "953.02600", "2011-12-31": "1802.72700", "2010-12-31": "1583.61300", "2009-12-31": "987.91700", "2008-12-31": "1092.26000", "2007-12-31": "994.27910", "2006-12-31": "812.43100", "2005-12-31": "725.57100"}, "Total Liabilities": {"2020-12-31": "40964.77000", "2019-12-31": "32929.33000", "2018-12-31": "27977.28000", "2017-12-31": "24939.03000", "2016-12-31": "22972.94000", "2015-12-31": "20557.07000", "2014-12-31": "17940.90000", "2013-12-31": "16197.19000", "2012-12-31": "15714.91000", "2011-12-31": "14350.28000", "2010-12-31": "12543.61000", "2009-12-31": "11076.98000", "2008-12-31": "9591.75400", "2007-12-31": "8629.30400", "2006-12-31": "8798.50600", "2005-12-31": "7549.13100"}, "Common Stock Net": {"2020-12-31": "58.47300", "2019-12-31": "57.95100", "2018-12-31": "56.51800", "2017-12-31": "56.06800", "2016-12-31": "51.97800", "2015-12-31": "48.46900", "2014-12-31": "46.88100", "2013-12-31": "46.18100", "2012-12-31": "37.10800", "2011-12-31": "35.98200", "2010-12-31": "34.86400", "2009-12-31": "27.07900", "2008-12-31": "26.61100", "2007-12-31": "26.28100", "2006-12-31": "25.80200", "2005-12-31": "23.94100"}, "Retained Earnings (Accumulated Deficit)": {"2020-12-31": "2080.01300", "2019-12-31": "1899.63000", "2018-12-31": "1610.57400", "2017-12-31": "1313.65700", "2016-12-31": "1096.51800", "2015-12-31": "928.21100", "2014-12-31": "803.40000", "2013-12-31": "676.93500", "2012-12-31": "555.02300", "2011-12-31": "459.45700", "2010-12-31": "392.35400", "2009-12-31": "366.15200", "2008-12-31": "318.79300", "2007-12-31": "309.55600", "2006-12-31": "261.73400", "2005-12-31": "201.13300"}, "Comprehensive Income": {"2020-12-31": "15.38200", "2019-12-31": "-34.67800", "2018-12-31": "-76.87200", "2017-12-31": "-41.83500", "2016-12-31": "-65.32800", "2015-12-31": "-62.70800", "2014-12-31": "-37.33200", "2013-12-31": "-63.03600", "2012-12-31": "7.71100", "2011-12-31": "-2.87800", "2010-12-31": "-5.51200", "2009-12-31": "-6.62200", "2008-12-31": "-10.30200", "2007-12-31": "-13.67200", "2006-12-31": "-17.76100", "2005-12-31": "-18.33300"}, "Other Share Holders Equity": {"2020-12-31": "", "2019-12-31": "", "2018-12-31": "", "2017-12-31": "", "2016-12-31": "", "2015-12-31": "", "2014-12-31": "", "2013-12-31": "", "2012-12-31": "", "2011-12-31": "", "2010-12-31": "", "2009-12-31": "", "2008-12-31": "", "2007-12-31": "", "2006-12-31": "", "2005-12-31": ""}, "Share Holder Equity": {"2020-12-31": "4115.99500", "2019-12-31": "3691.25000", "2018-12-31": "3267.57000", "2017-12-31": "2976.93900", "2016-12-31": "2695.61700", "2015-12-31": "2352.27400", "2014-12-31": "2069.82200", "2013-12-31": "1900.58900", "2012-12-31": "1804.70500", "2011-12-31": "1543.53300", "2010-12-31": "1436.54900", "2009-12-31": "1138.63900", "2008-12-31": "1066.57200", "2007-12-31": "739.55500", "2006-12-31": "773.34600", "2005-12-31": "627.91100"}, "Total Liabilities And Share Holders Equity": {"2020-12-31": "45080.77000", "2019-12-31": "36620.58000", "2018-12-31": "31244.85000", "2017-12-31": "27915.97000", "2016-12-31": "25668.55000", "2015-12-31": "22909.35000", "2014-12-31": "20010.73000", "2013-12-31": "18097.78000", "2012-12-31": "17519.61000", "2011-12-31": "15893.81000", "2010-12-31": "13980.16000", "2009-12-31": "12215.62000", "2008-12-31": "10658.33000", "2007-12-31": "9368.85900", "2006-12-31": "9571.85200", "2005-12-31": "8177.04200"}}, "balance sheet, quarterly": {"Cash On Hand": {"2020-12-31": "5125.67200", "2020-09-30": "4136.23800", "2020-06-30": "4361.01900", "2020-03-31": "2295.42700", "2019-12-31": "2452.10400", "2019-09-30": "2712.82400", "2019-06-30": "1740.52700", "2019-03-31": "1881.23400", "2018-12-31": "1493.48600", "2018-09-30": "1417.72500", "2018-06-30": "1526.91100", "2018-03-31": "1213.52600", "2017-12-31": "1341.82800", "2017-09-30": "1471.32300", "2017-06-30": "1309.78300", "2017-03-31": "1225.33000", "2016-12-31": "1252.49100", "2016-09-30": "1064.14300", "2016-06-30": "968.45690", "2016-03-31": "1031.42900", "2015-12-31": "884.02500", "2015-09-30": "955.07310", "2015-06-30": "845.52700", "2015-03-31": "996.48200", "2014-12-31": "1230.35000", "2014-09-30": "913.80100", "2014-06-30": "866.08310", "2014-03-31": "884.77000", "2013-12-31": "759.93500", "2013-09-30": "1012.73000", "2013-06-30": "674.61400", "2013-03-31": "899.53900", "2012-12-31": "1351.35400", "2012-09-30": "1147.87900", "2012-06-30": "1310.25200", "2012-03-31": "1062.49700", "2011-12-31": "921.48100", "2011-09-30": "1262.37200", "2011-06-30": "1174.88500", "2011-03-31": "1122.91600", "2010-12-31": "1043.03400", "2010-09-30": "1473.49900", "2010-06-30": "1300.76000", "2010-03-31": "1384.15500", "2009-12-31": "1218.05300", "2009-09-30": "1349.32700", "2009-06-30": "842.56400", "2009-03-31": "500.98800", "2008-12-31": "573.31200", "2008-09-30": "200.31100", "2008-06-30": "248.48300", "2008-03-31": "453.76300", "2007-12-31": "273.13500", "2007-09-30": "223.35700", "2007-06-30": "183.52800", "2007-03-31": "289.86700", "2006-12-31": "326.87500", "2006-09-30": "331.38000", "2006-06-30": "284.18300", "2006-03-31": "260.59600", "2005-12-31": "355.21500", "2005-09-30": "237.31700", "2005-06-30": "575.65000", "2005-03-31": "228.09000"}, "Receivables": {"2020-12-31": "", "2020-09-30": "", "2020-06-30": "", "2020-03-31": "", "2019-12-31": "", "2019-09-30": "", "2019-06-30": "", "2019-03-31": "", "2018-12-31": "", "2018-09-30": "", "2018-06-30": "", "2018-03-31": "", "2017-12-31": "", "2017-09-30": "", "2017-06-30": "", "2017-03-31": "", "2016-12-31": "", "2016-09-30": "", "2016-06-30": "", "2016-03-31": "", "2015-12-31": "", "2015-09-30": "", "2015-06-30": "", "2015-03-31": "", "2014-12-31": "", "2014-09-30": "", "2014-06-30": "", "2014-03-31": "", "2013-12-31": "", "2013-09-30": "", "2013-06-30": "", "2013-03-31": "", "2012-12-31": "", "2012-09-30": "", "2012-06-30": "", "2012-03-31": "", "2011-12-31": "", "2011-09-30": "", "2011-06-30": "", "2011-03-31": "", "2010-12-31": "", "2010-09-30": "", "2010-06-30": "", "2010-03-31": "", "2009-12-31": "", "2009-09-30": "", "2009-06-30": "", "2009-03-31": "", "2008-12-31": "", "2008-09-30": "", "2008-06-30": "", "2008-03-31": "", "2007-12-31": "", "2007-09-30": "", "2007-06-30": "", "2007-03-31": "", "2006-12-31": "", "2006-09-30": "", "2006-06-30": "", "2006-03-31": "", "2005-12-31": "", "2005-09-30": "", "2005-06-30": "", "2005-03-31": ""}, "Inventory": {"2020-12-31": "", "2020-09-30": "", "2020-06-30": "", "2020-03-31": "", "2019-12-31": "", "2019-09-30": "", "2019-06-30": "", "2019-03-31": "", "2018-12-31": "", "2018-09-30": "", "2018-06-30": "", "2018-03-31": "", "2017-12-31": "", "2017-09-30": "", "2017-06-30": "", "2017-03-31": "", "2016-12-31": "", "2016-09-30": "", "2016-06-30": "", "2016-03-31": "", "2015-12-31": "", "2015-09-30": "", "2015-06-30": "", "2015-03-31": "", "2014-12-31": "", "2014-09-30": "", "2014-06-30": "", "2014-03-31": "", "2013-12-31": "", "2013-09-30": "", "2013-06-30": "", "2013-03-31": "", "2012-12-31": "", "2012-09-30": "", "2012-06-30": "", "2012-03-31": "", "2011-12-31": "", "2011-09-30": "", "2011-06-30": "", "2011-03-31": "", "2010-12-31": "", "2010-09-30": "", "2010-06-30": "", "2010-03-31": "", "2009-12-31": "", "2009-09-30": "", "2009-06-30": "", "2009-03-31": "", "2008-12-31": "", "2008-09-30": "", "2008-06-30": "", "2008-03-31": "", "2007-12-31": "", "2007-09-30": "", "2007-06-30": "", "2007-03-31": "", "2006-12-31": "", "2006-09-30": "", "2006-06-30": "", "2006-03-31": "", "2005-12-31": "", "2005-09-30": "", "2005-06-30": "", "2005-03-31": ""}, "Pre-Paid Expenses": {"2020-12-31": "", "2020-09-30": "", "2020-06-30": "", "2020-03-31": "", "2019-12-31": "", "2019-09-30": "", "2019-06-30": "", "2019-03-31": "", "2018-12-31": "", "2018-09-30": "", "2018-06-30": "", "2018-03-31": "", "2017-12-31": "", "2017-09-30": "", "2017-06-30": "", "2017-03-31": "", "2016-12-31": "", "2016-09-30": "", "2016-06-30": "", "2016-03-31": "", "2015-12-31": "", "2015-09-30": "", "2015-06-30": "", "2015-03-31": "", "2014-12-31": "", "2014-09-30": "", "2014-06-30": "", "2014-03-31": "", "2013-12-31": "", "2013-09-30": "", "2013-06-30": "", "2013-03-31": "", "2012-12-31": "", "2012-09-30": "", "2012-06-30": "", "2012-03-31": "", "2011-12-31": "", "2011-09-30": "", "2011-06-30": "", "2011-03-31": "", "2010-12-31": "", "2010-09-30": "", "2010-06-30": "", "2010-03-31": "", "2009-12-31": "", "2009-09-30": "", "2009-06-30": "", "2009-03-31": "", "2008-12-31": "", "2008-09-30": "", "2008-06-30": "", "2008-03-31": "", "2007-12-31": "", "2007-09-30": "", "2007-06-30": "", "2007-03-31": "", "2006-12-31": "", "2006-09-30": "", "2006-06-30": "", "2006-03-31": "", "2005-12-31": "", "2005-09-30": "", "2005-06-30": "", "2005-03-31": ""}, "Other Current Assets": {"2020-12-31": "", "2020-09-30": "", "2020-06-30": "", "2020-03-31": "", "2019-12-31": "", "2019-09-30": "", "2019-06-30": "", "2019-03-31": "", "2018-12-31": "", "2018-09-30": "", "2018-06-30": "", "2018-03-31": "", "2017-12-31": "", "2017-09-30": "", "2017-06-30": "", "2017-03-31": "", "2016-12-31": "", "2016-09-30": "", "2016-06-30": "", "2016-03-31": "", "2015-12-31": "", "2015-09-30": "", "2015-06-30": "", "2015-03-31": "", "2014-12-31": "", "2014-09-30": "", "2014-06-30": "", "2014-03-31": "", "2013-12-31": "", "2013-09-30": "", "2013-06-30": "", "2013-03-31": "", "2012-12-31": "", "2012-09-30": "", "2012-06-30": "", "2012-03-31": "", "2011-12-31": "", "2011-09-30": "", "2011-06-30": "", "2011-03-31": "", "2010-12-31": "", "2010-09-30": "", "2010-06-30": "", "2010-03-31": "", "2009-12-31": "", "2009-09-30": "", "2009-06-30": "", "2009-03-31": "", "2008-12-31": "", "2008-09-30": "", "2008-06-30": "", "2008-03-31": "", "2007-12-31": "", "2007-09-30": "", "2007-06-30": "", "2007-03-31": "", "2006-12-31": "", "2006-09-30": "", "2006-06-30": "", "2006-03-31": "", "2005-12-31": "", "2005-09-30": "", "2005-06-30": "", "2005-03-31": ""}, "Total Current Assets": {"2020-12-31": "39526.35000", "2020-09-30": "38347.05000", "2020-06-30": "37736.03000", "2020-03-31": "32522.30000", "2019-12-31": "30550.59000", "2019-09-30": "29828.77000", "2019-06-30": "28554.81000", "2019-03-31": "27464.13000", "2018-12-31": "26398.32000", "2018-09-30": "25446.25000", "2018-06-30": "25133.55000", "2018-03-31": "24173.99000", "2017-12-31": "23842.13000", "2017-09-30": "23461.25000", "2017-06-30": "23089.18000", "2017-03-31": "21954.49000", "2016-12-31": "21927.54000", "2016-09-30": "21388.97000", "2016-06-30": "21461.96000", "2016-03-31": "20503.30000", "2015-12-31": "19055.16000", "2015-09-30": "18616.47000", "2015-06-30": "17510.38000", "2015-03-31": "17548.64000", "2014-12-31": "17135.12000", "2014-09-30": "16296.56000", "2014-06-30": "16006.90000", "2014-03-31": "15209.11000", "2013-12-31": "14830.85000", "2013-09-30": "14829.36000", "2013-06-30": "14662.75000", "2013-03-31": "14088.17000", "2012-12-31": "14568.26000", "2012-09-30": "14626.89000", "2012-06-30": "14262.50000", "2012-03-31": "13187.15000", "2011-12-31": "13398.28000", "2011-09-30": "13430.81000", "2011-06-30": "12264.25000", "2011-03-31": "11510.26000", "2010-12-31": "11625.80000", "2010-09-30": "11889.44000", "2010-06-30": "11459.02000", "2010-03-31": "10920.87000", "2009-12-31": "10244.81000", "2009-09-30": "10057.99000", "2009-06-30": "9451.91000", "2009-03-31": "8765.89000", "2008-12-31": "9232.85900", "2008-09-30": "7754.33300", "2008-06-30": "7691.06700", "2008-03-31": "7983.68000", "2007-12-31": "7431.78300", "2007-09-30": "7304.64800", "2007-06-30": "7215.09000", "2007-03-31": "7107.80200", "2006-12-31": "7130.56000", "2006-09-30": "7034.95500", "2006-06-30": "6646.47400", "2006-03-31": "5926.23700", "2005-12-31": "5915.45900", "2005-09-30": "5673.73600", "2005-06-30": "6400.62400", "2005-03-31": "5373.44900"}, "Property, Plant, And Equipment": {"2020-12-31": "768.80800", "2020-09-30": "774.28800", "2020-06-30": "769.90900", "2020-03-31": "764.58300", "2019-12-31": "754.32800", "2019-09-30": "721.85600", "2019-06-30": "711.21400", "2019-03-31": "676.03700", "2018-12-31": "671.16900", "2018-09-30": "664.46900", "2018-06-30": "639.34500", "2018-03-31": "626.68700", "2017-12-31": "621.89500", "2017-09-30": "609.97800", "2017-06-30": "605.21100", "2017-03-31": "598.74600", "2016-12-31": "597.30100", "2016-09-30": "597.26300", "2016-06-30": "595.79200", "2016-03-31": "591.60800", "2015-12-31": "592.25600", "2015-09-30": "587.34800", "2015-06-30": "571.49800", "2015-03-31": "559.28100", "2014-12-31": "555.22800", "2014-09-30": "555.24100", "2014-06-30": "535.28100", "2014-03-31": "531.76300", "2013-12-31": "531.94700", "2013-09-30": "517.94200", "2013-06-30": "512.92800", "2013-03-31": "504.80300", "2012-12-31": "501.20500", "2012-09-30": "461.90500", "2012-06-30": "449.60800", "2012-03-31": "434.70000", "2011-12-31": "431.51200", "2011-09-30": "412.47800", "2011-06-30": "403.57700", "2011-03-31": "369.78500", "2010-12-31": "363.69600", "2010-09-30": "353.44500", "2010-06-30": "346.80600", "2010-03-31": "348.18200", "2009-12-31": "350.34500", "2009-09-30": "352.89000", "2009-06-30": "350.44700", "2009-03-31": "349.24500", "2008-12-31": "349.87500", "2008-09-30": "349.38800", "2008-06-30": "348.88100", "2008-03-31": "344.86300", "2007-12-31": "339.29700", "2007-09-30": "336.75500", "2007-06-30": "329.49800", "2007-03-31": "320.92400", "2006-12-31": "311.04100", "2006-09-30": "299.38600", "2006-06-30": "280.89200", "2006-03-31": "254.47100", "2005-12-31": "247.87500", "2005-09-30": "238.72200", "2005-06-30": "228.55000", "2005-03-31": "217.04800"}, "Long-Term Investments": {"2020-12-31": "4103.86100", "2020-09-30": "3927.06500", "2020-06-30": "4348.49700", "2020-03-31": "4825.33800", "2019-12-31": "4623.38500", "2019-09-30": "3733.30800", "2019-06-30": "3744.24400", "2019-03-31": "3598.23000", "2018-12-31": "3552.79900", "2018-09-30": "3467.07600", "2018-06-30": "3160.31900", "2018-03-31": "3122.18800", "2017-12-31": "2932.43900", "2017-09-30": "2766.26300", "2017-06-30": "2715.07200", "2017-03-31": "2705.63400", "2016-12-31": "2623.26800", "2016-09-30": "2828.84800", "2016-06-30": "1854.94200", "2016-03-31": "1885.25700", "2015-12-31": "2765.96500", "2015-09-30": "2333.70000", "2015-06-30": "2265.32600", "2015-03-31": "1814.36100", "2014-12-31": "1884.08600", "2014-09-30": "1863.59900", "2014-06-30": "1908.77100", "2014-03-31": "2028.22100", "2013-12-31": "2255.55100", "2013-09-30": "1858.63800", "2013-06-30": "1923.17800", "2013-03-31": "1947.43200", "2012-12-31": "1875.64000", "2012-09-30": "1337.45500", "2012-06-30": "1289.49400", "2012-03-31": "1957.56000", "2011-12-31": "1392.23100", "2011-09-30": "1367.43100", "2011-06-30": "1543.18700", "2011-03-31": "1795.46500", "2010-12-31": "1578.70900", "2010-09-30": "1404.62400", "2010-06-30": "1497.33500", "2010-03-31": "1279.92000", "2009-12-31": "1328.81500", "2009-09-30": "1434.24800", "2009-06-30": "1267.41000", "2009-03-31": "1413.57600", "2008-12-31": "784.67300", "2008-09-30": "1469.50000", "2008-06-30": "1590.64800", "2008-03-31": "1110.85400", "2007-12-31": "1303.83700", "2007-09-30": "1536.02700", "2007-06-30": "1515.22300", "2007-03-31": "1696.15600", "2006-12-31": "1839.71600", "2006-09-30": "1836.31600", "2006-06-30": "1952.43300", "2006-03-31": "1988.05000", "2005-12-31": "1799.38400", "2005-09-30": "1766.61300", "2005-06-30": "924.61600", "2005-03-31": "1538.43300"}, "Goodwill And Intangible Assets": {"2020-12-31": "681.74690", "2020-09-30": "683.31400", "2020-06-30": "685.58100", "2020-03-31": "687.62600", "2019-12-31": "692.27700", "2019-09-30": "627.97200", "2019-06-30": "631.49900", "2019-03-31": "620.22400", "2018-12-31": "622.56500", "2018-09-30": "564.93800", "2018-06-30": "531.37100", "2018-03-31": "533.91000", "2017-12-31": "519.50500", "2017-09-30": "520.67200", "2017-06-30": "519.80600", "2017-03-31": "520.02800", "2016-12-31": "520.43800", "2016-09-30": "506.67400", "2016-06-30": "507.91600", "2016-03-31": "508.00500", "2015-12-31": "495.97000", "2015-09-30": "497.69900", "2015-06-30": "439.57000", "2015-03-31": "439.05500", "2014-12-31": "424.44500", "2014-09-30": "426.58800", "2014-06-30": "398.61500", "2014-03-31": "391.77500", "2013-12-31": "393.76000", "2013-09-30": "376.29100", "2013-06-30": "377.00800", "2013-03-31": "363.14200", "2012-12-31": "366.34800", "2012-09-30": "354.03900", "2012-06-30": "352.10900", "2012-03-31": "329.39600", "2011-12-31": "327.53800", "2011-09-30": "324.78200", "2011-06-30": "294.83300", "2011-03-31": "293.99600", "2010-12-31": "293.76500", "2010-09-30": "291.21900", "2010-06-30": "291.30000", "2010-03-31": "291.00300", "2009-12-31": "291.64900", "2009-09-30": "290.89300", "2009-06-30": "289.76900", "2009-03-31": "290.23100", "2008-12-31": "290.91800", "2008-09-30": "291.69900", "2008-06-30": "292.48100", "2008-03-31": "293.07000", "2007-12-31": "293.94100", "2007-09-30": "287.68400", "2007-06-30": "288.64900", "2007-03-31": "289.72200", "2006-12-31": "290.53500", "2006-09-30": "292.40300", "2006-06-30": "292.98500", "2006-03-31": "213.48900", "2005-12-31": "214.32300", "2005-09-30": "214.43200", "2005-06-30": "215.20300", "2005-03-31": "216.60900"}, "Other Long-Term Assets": {"2020-12-31": "", "2020-09-30": "", "2020-06-30": "", "2020-03-31": "", "2019-12-31": "", "2019-09-30": "", "2019-06-30": "", "2019-03-31": "", "2018-12-31": "", "2018-09-30": "", "2018-06-30": "", "2018-03-31": "", "2017-12-31": "", "2017-09-30": "", "2017-06-30": "", "2017-03-31": "", "2016-12-31": "", "2016-09-30": "", "2016-06-30": "", "2016-03-31": "", "2015-12-31": "", "2015-09-30": "", "2015-06-30": "3.42900", "2015-03-31": "10.22400", "2014-12-31": "11.84600", "2014-09-30": "27.35900", "2014-06-30": "46.11500", "2014-03-31": "60.29800", "2013-12-31": "85.67200", "2013-09-30": "100.31300", "2013-06-30": "137.68100", "2013-03-31": "170.69600", "2012-12-31": "208.16000", "2012-09-30": "238.30500", "2012-06-30": "222.56800", "2012-03-31": "263.21200", "2011-12-31": "344.25100", "2011-09-30": "379.30600", "2011-06-30": "110.04900", "2011-03-31": "124.78500", "2010-12-31": "118.18200", "2010-09-30": "161.64000", "2010-06-30": "114.10200", "2010-03-31": "", "2009-12-31": "", "2009-09-30": "", "2009-06-30": "", "2009-03-31": "", "2008-12-31": "", "2008-09-30": "", "2008-06-30": "", "2008-03-31": "", "2007-12-31": "", "2007-09-30": "", "2007-06-30": "", "2007-03-31": "", "2006-12-31": "", "2006-09-30": "", "2006-06-30": "", "2006-03-31": "", "2005-12-31": "", "2005-09-30": "", "2005-06-30": "", "2005-03-31": ""}, "Total Long-Term Assets": {"2020-12-31": "5554.41700", "2020-09-30": "5384.66700", "2020-06-30": "5803.98700", "2020-03-31": "6277.54700", "2019-12-31": "6069.99000", "2019-09-30": "5083.13600", "2019-06-30": "5086.95700", "2019-03-31": "4894.49100", "2018-12-31": "4846.53300", "2018-09-30": "4696.48300", "2018-06-30": "4331.03500", "2018-03-31": "4282.78500", "2017-12-31": "4073.83900", "2017-09-30": "3896.91300", "2017-06-30": "3840.08900", "2017-03-31": "3824.40800", "2016-12-31": "3741.00700", "2016-09-30": "3932.78500", "2016-06-30": "2958.65000", "2016-03-31": "2984.87000", "2015-12-31": "3854.19100", "2015-09-30": "3418.74700", "2015-06-30": "3279.82300", "2015-03-31": "2822.92100", "2014-12-31": "2875.60500", "2014-09-30": "2872.78700", "2014-06-30": "2888.78200", "2014-03-31": "3012.05700", "2013-12-31": "3266.93000", "2013-09-30": "2853.18400", "2013-06-30": "2950.79500", "2013-03-31": "2986.07300", "2012-12-31": "2951.35300", "2012-09-30": "2391.70400", "2012-06-30": "2313.77900", "2012-03-31": "2984.86800", "2011-12-31": "2495.53200", "2011-09-30": "2483.99700", "2011-06-30": "2351.64600", "2011-03-31": "2584.03100", "2010-12-31": "2354.35200", "2010-09-30": "2210.92800", "2010-06-30": "2249.54300", "2010-03-31": "1919.10500", "2009-12-31": "1970.80900", "2009-09-30": "2078.03100", "2009-06-30": "1907.62600", "2009-03-31": "2053.05200", "2008-12-31": "1425.46600", "2008-09-30": "2110.58700", "2008-06-30": "2232.01000", "2008-03-31": "1748.78700", "2007-12-31": "1937.07500", "2007-09-30": "2160.46600", "2007-06-30": "2133.37000", "2007-03-31": "2306.80200", "2006-12-31": "2441.29200", "2006-09-30": "2428.10500", "2006-06-30": "2526.31000", "2006-03-31": "2456.01000", "2005-12-31": "2261.58200", "2005-09-30": "2219.76700", "2005-06-30": "1368.36900", "2005-03-31": "1972.09000"}, "Total Assets": {"2020-12-31": "45080.77000", "2020-09-30": "43731.72000", "2020-06-30": "43540.02000", "2020-03-31": "38799.85000", "2019-12-31": "36620.58000", "2019-09-30": "34911.90000", "2019-06-30": "33641.77000", "2019-03-31": "32358.62000", "2018-12-31": "31244.85000", "2018-09-30": "30142.73000", "2018-06-30": "29464.59000", "2018-03-31": "28456.77000", "2017-12-31": "27915.97000", "2017-09-30": "27358.16000", "2017-06-30": "26929.27000", "2017-03-31": "25778.89000", "2016-12-31": "25668.55000", "2016-09-30": "25321.76000", "2016-06-30": "24420.62000", "2016-03-31": "23488.17000", "2015-12-31": "22909.35000", "2015-09-30": "22035.22000", "2015-06-30": "20790.20000", "2015-03-31": "20371.57000", "2014-12-31": "20010.73000", "2014-09-30": "19169.35000", "2014-06-30": "18895.68000", "2014-03-31": "18221.16000", "2013-12-31": "18097.78000", "2013-09-30": "17682.55000", "2013-06-30": "17613.55000", "2013-03-31": "17074.25000", "2012-12-31": "17519.61000", "2012-09-30": "17018.59000", "2012-06-30": "16576.28000", "2012-03-31": "16172.02000", "2011-12-31": "15893.81000", "2011-09-30": "15914.80000", "2011-06-30": "14615.90000", "2011-03-31": "14094.29000", "2010-12-31": "13980.16000", "2010-09-30": "14100.37000", "2010-06-30": "13708.56000", "2010-03-31": "12839.98000", "2009-12-31": "12215.62000", "2009-09-30": "12136.02000", "2009-06-30": "11359.54000", "2009-03-31": "10818.94000", "2008-12-31": "10658.33000", "2008-09-30": "9864.92000", "2008-06-30": "9923.07700", "2008-03-31": "9732.46600", "2007-12-31": "9368.85900", "2007-09-30": "9465.11400", "2007-06-30": "9348.46000", "2007-03-31": "9414.60400", "2006-12-31": "9571.85200", "2006-09-30": "9463.06000", "2006-06-30": "9172.78400", "2006-03-31": "8382.24700", "2005-12-31": "8177.04200", "2005-09-30": "7893.50300", "2005-06-30": "7768.99300", "2005-03-31": "7345.53900"}, "Total Current Liabilities": {"2020-12-31": "38326.43000", "2020-09-30": "37231.86000", "2020-06-30": "37122.98000", "2020-03-31": "32747.31000", "2019-12-31": "31146.63000", "2019-09-30": "29696.47000", "2019-06-30": "28512.35000", "2019-03-31": "27645.30000", "2018-12-31": "26764.32000", "2018-09-30": "25581.60000", "2018-06-30": "25042.30000", "2018-03-31": "23870.75000", "2017-12-31": "23720.59000", "2017-09-30": "23335.10000", "2017-06-30": "23096.08000", "2017-03-31": "22154.98000", "2016-12-31": "22164.08000", "2016-09-30": "21593.78000", "2016-06-30": "20523.87000", "2016-03-31": "19624.66000", "2015-12-31": "19029.89000", "2015-09-30": "18587.70000", "2015-06-30": "17439.52000", "2015-03-31": "17255.73000", "2014-12-31": "16618.07000", "2014-09-30": "16352.36000", "2014-06-30": "15883.66000", "2014-03-31": "15412.77000", "2013-12-31": "14971.75000", "2013-09-30": "14913.22000", "2013-06-30": "14678.10000", "2013-03-31": "14312.54000", "2012-12-31": "14761.88000", "2012-09-30": "14200.95000", "2012-06-30": "13270.04000", "2012-03-31": "12894.17000", "2011-12-31": "12547.55000", "2011-09-30": "12500.60000", "2011-06-30": "11394.57000", "2011-03-31": "11058.02000", "2010-12-31": "10959.99000", "2010-09-30": "11138.56000", "2010-06-30": "10785.14000", "2010-03-31": "9863.78200", "2009-12-31": "10089.06000", "2009-09-30": "10029.39000", "2009-06-30": "9299.70100", "2009-03-31": "8742.57200", "2008-12-31": "8499.49400", "2008-09-30": "7993.67800", "2008-06-30": "7929.58300", "2008-03-31": "7690.76200", "2007-12-31": "7635.02500", "2007-09-30": "7739.13900", "2007-06-30": "7668.10100", "2007-03-31": "7806.13200", "2006-12-31": "7986.07500", "2006-09-30": "7869.32000", "2006-06-30": "7677.86000", "2006-03-31": "6995.43400", "2005-12-31": "6823.56000", "2005-09-30": "6577.14200", "2005-06-30": "6407.73000", "2005-03-31": "6031.40500"}, "Long Term Debt": {"2020-12-31": "2437.42900", "2020-09-30": "2425.76800", "2020-06-30": "2426.81500", "2020-03-31": "2352.14200", "2019-12-31": "1782.70500", "2019-09-30": "1674.88000", "2019-06-30": "1682.46700", "2019-03-31": "1341.34800", "2018-12-31": "1212.95700", "2018-09-30": "1381.30900", "2018-06-30": "1315.41500", "2018-03-31": "1554.76900", "2017-12-31": "1218.44000", "2017-09-30": "1113.26000", "2017-06-30": "988.57500", "2017-03-31": "858.93100", "2016-12-31": "808.85400", "2016-09-30": "1053.50700", "2016-06-30": "1233.14700", "2016-03-31": "1445.06200", "2015-12-31": "1526.64300", "2015-09-30": "1111.16000", "2015-06-30": "1085.69600", "2015-03-31": "981.83000", "2014-12-31": "1319.00800", "2014-09-30": "788.47600", "2014-06-30": "1013.79100", "2014-03-31": "868.25100", "2013-12-31": "922.35900", "2013-09-30": "895.76100", "2013-06-30": "1098.21100", "2013-03-31": "934.76900", "2012-12-31": "953.02600", "2012-09-30": "1055.93300", "2012-06-30": "1565.14200", "2012-03-31": "1589.92100", "2011-12-31": "1802.72700", "2011-09-30": "1812.14500", "2011-06-30": "1745.69900", "2011-03-31": "1573.02500", "2010-12-31": "1583.61300", "2010-09-30": "1560.84700", "2010-06-30": "1538.48800", "2010-03-31": "1549.34700", "2009-12-31": "987.91700", "2009-09-30": "1000.54700", "2009-06-30": "994.75900", "2009-03-31": "1005.97100", "2008-12-31": "1092.26000", "2008-09-30": "1059.91100", "2008-06-30": "1146.57100", "2008-03-31": "1052.19400", "2007-12-31": "994.27910", "2007-09-30": "1004.00200", "2007-06-30": "959.73100", "2007-03-31": "878.73100", "2006-12-31": "812.43100", "2006-09-30": "830.44200", "2006-06-30": "773.12100", "2006-03-31": "733.92600", "2005-12-31": "725.57100", "2005-09-30": "702.76600", "2005-06-30": "764.21000", "2005-03-31": "751.91890"}, "Other Non-Current Liabilities": {"2020-12-31": "", "2020-09-30": "", "2020-06-30": "", "2020-03-31": "", "2019-12-31": "", "2019-09-30": "", "2019-06-30": "", "2019-03-31": "", "2018-12-31": "", "2018-09-30": "", "2018-06-30": "", "2018-03-31": "", "2017-12-31": "", "2017-09-30": "", "2017-06-30": "", "2017-03-31": "", "2016-12-31": "", "2016-09-30": "", "2016-06-30": "", "2016-03-31": "", "2015-12-31": "", "2015-09-30": "", "2015-06-30": "", "2015-03-31": "", "2014-12-31": "", "2014-09-30": "", "2014-06-30": "", "2014-03-31": "", "2013-12-31": "", "2013-09-30": "", "2013-06-30": "", "2013-03-31": "", "2012-12-31": "", "2012-09-30": "", "2012-06-30": "", "2012-03-31": "", "2011-12-31": "", "2011-09-30": "", "2011-06-30": "", "2011-03-31": "", "2010-12-31": "", "2010-09-30": "", "2010-06-30": "", "2010-03-31": "", "2009-12-31": "", "2009-09-30": "", "2009-06-30": "", "2009-03-31": "", "2008-12-31": "", "2008-09-30": "", "2008-06-30": "", "2008-03-31": "", "2007-12-31": "", "2007-09-30": "", "2007-06-30": "", "2007-03-31": "", "2006-12-31": "", "2006-09-30": "", "2006-06-30": "", "2006-03-31": "", "2005-12-31": "", "2005-09-30": "", "2005-06-30": "", "2005-03-31": ""}, "Total Long Term Liabilities": {"2020-12-31": "2437.42900", "2020-09-30": "2425.76800", "2020-06-30": "2426.81500", "2020-03-31": "2352.14200", "2019-12-31": "1782.70500", "2019-09-30": "1674.88000", "2019-06-30": "1682.46700", "2019-03-31": "1341.34800", "2018-12-31": "1212.95700", "2018-09-30": "1381.30900", "2018-06-30": "1315.41500", "2018-03-31": "1554.76900", "2017-12-31": "1218.44000", "2017-09-30": "1113.26000", "2017-06-30": "988.57500", "2017-03-31": "858.93100", "2016-12-31": "808.85400", "2016-09-30": "1053.50700", "2016-06-30": "1233.14700", "2016-03-31": "1445.06200", "2015-12-31": "1526.64300", "2015-09-30": "1111.16000", "2015-06-30": "1085.69600", "2015-03-31": "981.83000", "2014-12-31": "1319.00800", "2014-09-30": "788.47600", "2014-06-30": "1013.79100", "2014-03-31": "868.25100", "2013-12-31": "922.35900", "2013-09-30": "895.76100", "2013-06-30": "1098.21100", "2013-03-31": "934.76900", "2012-12-31": "953.02600", "2012-09-30": "1055.93300", "2012-06-30": "1565.14200", "2012-03-31": "1589.92100", "2011-12-31": "1802.72700", "2011-09-30": "1812.14500", "2011-06-30": "1745.69900", "2011-03-31": "1573.02500", "2010-12-31": "1583.61300", "2010-09-30": "1560.84700", "2010-06-30": "1538.48800", "2010-03-31": "1549.34700", "2009-12-31": "987.91700", "2009-09-30": "1000.54700", "2009-06-30": "994.75900", "2009-03-31": "1005.97100", "2008-12-31": "1092.26000", "2008-09-30": "1059.91100", "2008-06-30": "1146.57100", "2008-03-31": "1052.19400", "2007-12-31": "994.27910", "2007-09-30": "1004.00200", "2007-06-30": "959.73100", "2007-03-31": "878.73100", "2006-12-31": "812.43100", "2006-09-30": "830.44200", "2006-06-30": "773.12100", "2006-03-31": "733.92600", "2005-12-31": "725.57100", "2005-09-30": "702.76600", "2005-06-30": "764.21000", "2005-03-31": "751.91890"}, "Total Liabilities": {"2020-12-31": "40964.77000", "2020-09-30": "39657.63000", "2020-06-30": "39549.80000", "2020-03-31": "35099.45000", "2019-12-31": "32929.33000", "2019-09-30": "31371.58000", "2019-06-30": "30194.82000", "2019-03-31": "28986.65000", "2018-12-31": "27977.28000", "2018-09-30": "26962.91000", "2018-06-30": "26357.72000", "2018-03-31": "25425.52000", "2017-12-31": "24939.03000", "2017-09-30": "24449.24000", "2017-06-30": "24089.81000", "2017-03-31": "23013.91000", "2016-12-31": "22972.94000", "2016-09-30": "22647.29000", "2016-06-30": "21797.02000", "2016-03-31": "21069.73000", "2015-12-31": "20557.07000", "2015-09-30": "19699.48000", "2015-06-30": "18525.22000", "2015-03-31": "18240.49000", "2014-12-31": "17940.90000", "2014-09-30": "17140.84000", "2014-06-30": "16897.45000", "2014-03-31": "16281.02000", "2013-12-31": "16197.19000", "2013-09-30": "15808.98000", "2013-06-30": "15776.89000", "2013-03-31": "15248.56000", "2012-12-31": "15714.91000", "2012-09-30": "15257.29000", "2012-06-30": "14854.21000", "2012-03-31": "14484.10000", "2011-12-31": "14350.28000", "2011-09-30": "14386.62000", "2011-06-30": "13142.51000", "2011-03-31": "12641.04000", "2010-12-31": "12543.61000", "2010-09-30": "12701.46000", "2010-06-30": "12323.82000", "2010-03-31": "11475.15000", "2009-12-31": "11076.98000", "2009-09-30": "11029.94000", "2009-06-30": "10294.46000", "2009-03-31": "9755.71400", "2008-12-31": "9591.75400", "2008-09-30": "9055.58900", "2008-06-30": "9174.05200", "2008-03-31": "8979.17300", "2007-12-31": "8629.30400", "2007-09-30": "8743.14100", "2007-06-30": "8627.83200", "2007-03-31": "8684.86300", "2006-12-31": "8798.50600", "2006-09-30": "8699.76200", "2006-06-30": "8450.98100", "2006-03-31": "7729.36000", "2005-12-31": "7549.13100", "2005-09-30": "7279.90800", "2005-06-30": "7171.94000", "2005-03-31": "6783.32400"}, "Common Stock Net": {"2020-12-31": "58.47300", "2020-09-30": "58.32300", "2020-06-30": "58.29400", "2020-03-31": "58.26600", "2019-12-31": "57.95100", "2019-09-30": "56.82500", "2019-06-30": "56.79400", "2019-03-31": "56.76500", "2018-12-31": "56.51800", "2018-09-30": "56.48600", "2018-06-30": "56.43700", "2018-03-31": "56.36400", "2017-12-31": "56.06800", "2017-09-30": "55.94000", "2017-06-30": "55.80200", "2017-03-31": "52.60500", "2016-12-31": "51.97800", "2016-09-30": "51.81100", "2016-06-30": "51.70800", "2016-03-31": "48.60800", "2015-12-31": "48.46900", "2015-09-30": "48.42200", "2015-06-30": "47.76300", "2015-03-31": "47.47500", "2014-12-31": "46.88100", "2014-09-30": "46.76600", "2014-06-30": "46.62700", "2014-03-31": "46.33200", "2013-12-31": "46.18100", "2013-09-30": "39.99200", "2013-06-30": "37.98500", "2013-03-31": "37.27200", "2012-12-31": "37.10800", "2012-09-30": "36.64700", "2012-06-30": "36.57300", "2012-03-31": "36.52200", "2011-12-31": "35.98200", "2011-09-30": "35.92600", "2011-06-30": "34.98800", "2011-03-31": "34.94700", "2010-12-31": "34.86400", "2010-09-30": "31.14500", "2010-06-30": "31.08400", "2010-03-31": "31.04400", "2009-12-31": "27.07900", "2009-09-30": "26.96500", "2009-06-30": "26.83500", "2009-03-31": "26.76600", "2008-12-31": "26.61100", "2008-09-30": "26.54800", "2008-06-30": "26.47800", "2008-03-31": "26.41600", "2007-12-31": "26.28100", "2007-09-30": "26.06000", "2007-06-30": "26.01200", "2007-03-31": "25.94400", "2006-12-31": "25.80200", "2006-09-30": "25.71800", "2006-06-30": "25.61900", "2006-03-31": "24.23100", "2005-12-31": "23.94100", "2005-09-30": "23.65500", "2005-06-30": "23.56800", "2005-03-31": "23.44700"}, "Retained Earnings (Accumulated Deficit)": {"2020-12-31": "2080.01300", "2020-09-30": "2001.94900", "2020-06-30": "1921.04800", "2020-03-31": "1917.55800", "2019-12-31": "1899.63000", "2019-09-30": "1830.16500", "2019-06-30": "1747.26600", "2019-03-31": "1682.01600", "2018-12-31": "1610.57400", "2018-09-30": "1543.68000", "2018-06-30": "1464.49400", "2018-03-31": "1387.66300", "2017-12-31": "1313.65700", "2017-09-30": "1254.75900", "2017-06-30": "1198.99700", "2017-03-31": "1143.94300", "2016-12-31": "1096.51800", "2016-09-30": "1051.74800", "2016-06-30": "1008.46400", "2016-03-31": "967.88200", "2015-12-31": "928.21100", "2015-09-30": "901.65200", "2015-06-30": "872.69000", "2015-03-31": "835.66900", "2014-12-31": "803.40000", "2014-09-30": "771.51900", "2014-06-30": "737.54200", "2014-03-31": "705.23400", "2013-12-31": "676.93500", "2013-09-30": "643.22800", "2013-06-30": "612.82100", "2013-03-31": "581.13100", "2012-12-31": "555.02300", "2012-09-30": "527.55000", "2012-06-30": "501.13900", "2012-03-31": "478.16000", "2011-12-31": "459.45700", "2011-09-30": "441.26800", "2011-06-30": "415.29700", "2011-03-31": "404.58000", "2010-12-31": "392.35400", "2010-09-30": "394.32300", "2010-06-30": "381.96900", "2010-03-31": "373.90300", "2009-12-31": "366.15200", "2009-09-30": "342.87300", "2009-06-30": "317.71300", "2009-03-31": "315.85500", "2008-12-31": "318.79300", "2008-09-30": "318.06600", "2008-06-30": "325.31400", "2008-03-31": "314.03800", "2007-12-31": "309.55600", "2007-09-30": "293.91300", "2007-06-30": "287.74100", "2007-03-31": "272.33100", "2006-12-31": "261.73400", "2006-09-30": "246.72400", "2006-06-30": "235.45300", "2006-03-31": "217.84200", "2005-12-31": "201.13300", "2005-09-30": "182.47700", "2005-06-30": "165.60200", "2005-03-31": "152.62300"}, "Comprehensive Income": {"2020-12-31": "15.38200", "2020-09-30": "-0.84100", "2020-06-30": "-0.59700", "2020-03-31": "-7.60300", "2019-12-31": "-34.67800", "2019-09-30": "-38.87700", "2019-06-30": "-45.42900", "2019-03-31": "-50.34400", "2018-12-31": "-76.87200", "2018-09-30": "-93.15000", "2018-06-30": "-81.21600", "2018-03-31": "-73.09500", "2017-12-31": "-41.83500", "2017-09-30": "-41.48600", "2017-06-30": "-46.53700", "2017-03-31": "-59.82400", "2016-12-31": "-65.32800", "2016-09-30": "-32.57900", "2016-06-30": "-34.44000", "2016-03-31": "-39.91000", "2015-12-31": "-62.70800", "2015-09-30": "-49.09300", "2015-06-30": "-61.87100", "2015-03-31": "-31.09100", "2014-12-31": "-37.33200", "2014-09-30": "-42.70000", "2014-06-30": "-34.50300", "2014-03-31": "-56.75300", "2013-12-31": "-63.03600", "2013-09-30": "-46.41400", "2013-06-30": "-49.20400", "2013-03-31": "-1.06700", "2012-12-31": "7.71100", "2012-09-30": "9.80500", "2012-06-30": "1.97100", "2012-03-31": "-4.83000", "2011-12-31": "-2.87800", "2011-09-30": "3.47100", "2011-06-30": "4.13200", "2011-03-31": "-3.45900", "2010-12-31": "-5.51200", "2010-09-30": "3.94300", "2010-06-30": "4.96600", "2010-03-31": "-2.84700", "2009-12-31": "-6.62200", "2009-09-30": "-6.36800", "2009-06-30": "-18.16100", "2009-03-31": "-14.92000", "2008-12-31": "-10.30200", "2008-09-30": "-13.82500", "2008-06-30": "-28.30100", "2008-03-31": "-9.50300", "2007-12-31": "-13.67200", "2007-09-30": "-23.28300", "2007-06-30": "-38.13100", "2007-03-31": "-15.80200", "2006-12-31": "-17.76100", "2006-09-30": "-23.29400", "2006-06-30": "-47.89400", "2006-03-31": "-25.13700", "2005-12-31": "-18.33300", "2005-09-30": "-6.62900", "2005-06-30": "-4.01200", "2005-03-31": "-22.27300"}, "Other Share Holders Equity": {"2020-12-31": "", "2020-09-30": "", "2020-06-30": "", "2020-03-31": "", "2019-12-31": "", "2019-09-30": "", "2019-06-30": "", "2019-03-31": "", "2018-12-31": "", "2018-09-30": "", "2018-06-30": "", "2018-03-31": "", "2017-12-31": "", "2017-09-30": "", "2017-06-30": "", "2017-03-31": "", "2016-12-31": "", "2016-09-30": "", "2016-06-30": "", "2016-03-31": "", "2015-12-31": "", "2015-09-30": "", "2015-06-30": "", "2015-03-31": "", "2014-12-31": "", "2014-09-30": "", "2014-06-30": "", "2014-03-31": "", "2013-12-31": "", "2013-09-30": "", "2013-06-30": "", "2013-03-31": "", "2012-12-31": "", "2012-09-30": "", "2012-06-30": "", "2012-03-31": "", "2011-12-31": "", "2011-09-30": "", "2011-06-30": "", "2011-03-31": "", "2010-12-31": "", "2010-09-30": "", "2010-06-30": "", "2010-03-31": "", "2009-12-31": "", "2009-09-30": "", "2009-06-30": "", "2009-03-31": "", "2008-12-31": "", "2008-09-30": "", "2008-06-30": "", "2008-03-31": "", "2007-12-31": "", "2007-09-30": "", "2007-06-30": "", "2007-03-31": "", "2006-12-31": "", "2006-09-30": "", "2006-06-30": "", "2006-03-31": "", "2005-12-31": "", "2005-09-30": "", "2005-06-30": "", "2005-03-31": ""}, "Share Holder Equity": {"2020-12-31": "4115.99500", "2020-09-30": "4074.08900", "2020-06-30": "3990.21800", "2020-03-31": "3700.39300", "2019-12-31": "3691.25000", "2019-09-30": "3540.32500", "2019-06-30": "3446.95000", "2019-03-31": "3371.97200", "2018-12-31": "3267.57000", "2018-09-30": "3179.82200", "2018-06-30": "3106.87100", "2018-03-31": "3031.25000", "2017-12-31": "2976.93900", "2017-09-30": "2908.92500", "2017-06-30": "2839.45800", "2017-03-31": "2764.98300", "2016-12-31": "2695.61700", "2016-09-30": "2674.47400", "2016-06-30": "2623.59500", "2016-03-31": "2418.44200", "2015-12-31": "2352.27400", "2015-09-30": "2335.73600", "2015-06-30": "2264.98200", "2015-03-31": "2131.07400", "2014-12-31": "2069.82200", "2014-09-30": "2028.50800", "2014-06-30": "1998.23500", "2014-03-31": "1940.14300", "2013-12-31": "1900.58900", "2013-09-30": "1873.56600", "2013-06-30": "1836.66000", "2013-03-31": "1825.68800", "2012-12-31": "1804.70500", "2012-09-30": "1761.30000", "2012-06-30": "1722.07400", "2012-03-31": "1687.92100", "2011-12-31": "1543.53300", "2011-09-30": "1528.18700", "2011-06-30": "1473.38600", "2011-03-31": "1453.25300", "2010-12-31": "1436.54900", "2010-09-30": "1398.91200", "2010-06-30": "1384.73600", "2010-03-31": "1364.83200", "2009-12-31": "1138.63900", "2009-09-30": "1106.08200", "2009-06-30": "1065.07600", "2009-03-31": "1063.22700", "2008-12-31": "1066.57200", "2008-09-30": "809.33100", "2008-06-30": "749.02500", "2008-03-31": "753.29300", "2007-12-31": "739.55500", "2007-09-30": "721.97300", "2007-06-30": "720.62800", "2007-03-31": "729.74100", "2006-12-31": "773.34600", "2006-09-30": "763.29800", "2006-06-30": "721.80300", "2006-03-31": "652.88700", "2005-12-31": "627.91100", "2005-09-30": "613.59500", "2005-06-30": "597.05300", "2005-03-31": "562.21500"}, "Total Liabilities And Share Holders Equity": {"2020-12-31": "45080.77000", "2020-09-30": "43731.72000", "2020-06-30": "43540.02000", "2020-03-31": "38799.85000", "2019-12-31": "36620.58000", "2019-09-30": "34911.90000", "2019-06-30": "33641.77000", "2019-03-31": "32358.62000", "2018-12-31": "31244.85000", "2018-09-30": "30142.73000", "2018-06-30": "29464.59000", "2018-03-31": "28456.77000", "2017-12-31": "27915.97000", "2017-09-30": "27358.16000", "2017-06-30": "26929.27000", "2017-03-31": "25778.89000", "2016-12-31": "25668.55000", "2016-09-30": "25321.76000", "2016-06-30": "24420.62000", "2016-03-31": "23488.17000", "2015-12-31": "22909.35000", "2015-09-30": "22035.22000", "2015-06-30": "20790.20000", "2015-03-31": "20371.57000", "2014-12-31": "20010.73000", "2014-09-30": "19169.35000", "2014-06-30": "18895.68000", "2014-03-31": "18221.16000", "2013-12-31": "18097.78000", "2013-09-30": "17682.55000", "2013-06-30": "17613.55000", "2013-03-31": "17074.25000", "2012-12-31": "17519.61000", "2012-09-30": "17018.59000", "2012-06-30": "16576.28000", "2012-03-31": "16172.02000", "2011-12-31": "15893.81000", "2011-09-30": "15914.80000", "2011-06-30": "14615.90000", "2011-03-31": "14094.29000", "2010-12-31": "13980.16000", "2010-09-30": "14100.37000", "2010-06-30": "13708.56000", "2010-03-31": "12839.98000", "2009-12-31": "12215.62000", "2009-09-30": "12136.02000", "2009-06-30": "11359.54000", "2009-03-31": "10818.94000", "2008-12-31": "10658.33000", "2008-09-30": "9864.92000", "2008-06-30": "9923.07700", "2008-03-31": "9732.46600", "2007-12-31": "9368.85900", "2007-09-30": "9465.11400", "2007-06-30": "9348.46000", "2007-03-31": "9414.60400", "2006-12-31": "9571.85200", "2006-09-30": "9463.06000", "2006-06-30": "9172.78400", "2006-03-31": "8382.24700", "2005-12-31": "8177.04200", "2005-09-30": "7893.50300", "2005-06-30": "7768.99300", "2005-03-31": "7345.53900"}}, "cash flow statement": {"Net Income/Loss": {"2020-12-31": "0.00000", "2019-12-31": "355.69700", "2018-12-31": "343.16600", "2017-12-31": "257.68200", "2016-12-31": "206.87500", "2015-12-31": "156.74900", "2014-12-31": "151.39800", "2013-12-31": "137.21000", "2012-12-31": "111.19600", "2011-12-31": "77.57500", "2010-12-31": "63.32900", "2009-12-31": "73.06900", "2008-12-31": "20.48800", "2007-12-31": "55.65300", "2006-12-31": "66.49300", "2005-12-31": "67.01600"}, "Total Depreciation And Amortization - Cash Flow": {"2020-12-31": "", "2019-12-31": "94.96700", "2018-12-31": "75.07600", "2017-12-31": "69.20500", "2016-12-31": "58.79400", "2015-12-31": "44.40800", "2014-12-31": "39.29000", "2013-12-31": "29.11400", "2012-12-31": "23.64200", "2011-12-31": "23.90300", "2010-12-31": "27.07500", "2009-12-31": "22.23700", "2008-12-31": "18.11300", "2007-12-31": "20.62800", "2006-12-31": "16.48600", "2005-12-31": "16.75100"}, "Other Non-Cash Items": {"2020-12-31": "", "2019-12-31": "103.36700", "2018-12-31": "104.83200", "2017-12-31": "102.36200", "2016-12-31": "36.31200", "2015-12-31": "62.64000", "2014-12-31": "34.15400", "2013-12-31": "53.61000", "2012-12-31": "65.99500", "2011-12-31": "85.31800", "2010-12-31": "69.95500", "2009-12-31": "67.73700", "2008-12-31": "57.88900", "2007-12-31": "11.24100", "2006-12-31": "13.93700", "2005-12-31": "16.86400"}, "Total Non-Cash Items": {"2020-12-31": "", "2019-12-31": "198.33400", "2018-12-31": "179.90800", "2017-12-31": "171.56700", "2016-12-31": "95.10600", "2015-12-31": "107.04800", "2014-12-31": "73.44400", "2013-12-31": "82.72400", "2012-12-31": "89.63700", "2011-12-31": "109.22100", "2010-12-31": "97.03000", "2009-12-31": "89.97400", "2008-12-31": "76.00200", "2007-12-31": "31.86900", "2006-12-31": "30.42300", "2005-12-31": "33.61500"}, "Change In Accounts Receivable": {"2020-12-31": "", "2019-12-31": "-308.33590", "2018-12-31": "-137.38600", "2017-12-31": "-61.01400", "2016-12-31": "-109.85990", "2015-12-31": "-222.25810", "2014-12-31": "12.97690", "2013-12-31": "96.76600", "2012-12-31": "-78.99100", "2011-12-31": "63.50500", "2010-12-31": "-49.19100", "2009-12-31": "-971.32980", "2008-12-31": "44.63700", "2007-12-31": "31.73310", "2006-12-31": "-73.09600", "2005-12-31": "9.30500"}, "Change In Inventories": {"2020-12-31": "", "2019-12-31": "0.62400", "2018-12-31": "-0.69700", "2017-12-31": "0.99400", "2016-12-31": "-1.54100", "2015-12-31": "0.75800", "2014-12-31": "-0.70900", "2013-12-31": "0.08600", "2012-12-31": "1.90700", "2011-12-31": "2.38900", "2010-12-31": "28.89500", "2009-12-31": "-29.37500", "2008-12-31": "-2.82800", "2007-12-31": "0.75300", "2006-12-31": "-0.71400", "2005-12-31": "1.98900"}, "Change In Accounts Payable": {"2020-12-31": "", "2019-12-31": "-11.89800", "2018-12-31": "-27.00100", "2017-12-31": "31.79000", "2016-12-31": "114.53100", "2015-12-31": "0.29200", "2014-12-31": "-38.90200", "2013-12-31": "-21.74900", "2012-12-31": "137.74300", "2011-12-31": "-9.72000", "2010-12-31": "-15.34900", "2009-12-31": "-2.42700", "2008-12-31": "4.32200", "2007-12-31": "-5.49600", "2006-12-31": "13.52100", "2005-12-31": "-0.38900"}, "Change In Assets/Liabilities": {"2020-12-31": "", "2019-12-31": "31.57200", "2018-12-31": "19.19200", "2017-12-31": "0.60700", "2016-12-31": "5.85500", "2015-12-31": "-3.62300", "2014-12-31": "8.16000", "2013-12-31": "-7.82800", "2012-12-31": "7.16200", "2011-12-31": "1.29700", "2010-12-31": "-0.70100", "2009-12-31": "-0.93900", "2008-12-31": "8.67000", "2007-12-31": "0.86400", "2006-12-31": "4.76500", "2005-12-31": "5.37000"}, "Total Change In Assets/Liabilities": {"2020-12-31": "", "2019-12-31": "-288.03790", "2018-12-31": "-145.89200", "2017-12-31": "-27.62300", "2016-12-31": "8.98510", "2015-12-31": "-224.83110", "2014-12-31": "-18.47410", "2013-12-31": "67.27500", "2012-12-31": "67.82100", "2011-12-31": "57.47100", "2010-12-31": "-36.34600", "2009-12-31": "-1004.07100", "2008-12-31": "54.80110", "2007-12-31": "27.85410", "2006-12-31": "-55.52400", "2005-12-31": "16.27510"}, "Cash Flow From Operating Activities": {"2020-12-31": "", "2019-12-31": "265.99300", "2018-12-31": "377.18200", "2017-12-31": "401.62600", "2016-12-31": "310.96600", "2015-12-31": "38.96600", "2014-12-31": "206.36800", "2013-12-31": "287.20900", "2012-12-31": "268.65400", "2011-12-31": "244.26700", "2010-12-31": "124.01300", "2009-12-31": "-841.02800", "2008-12-31": "151.29100", "2007-12-31": "115.37600", "2006-12-31": "41.39200", "2005-12-31": "116.90600"}, "Net Change In Property, Plant, And Equipment": {"2020-12-31": "", "2019-12-31": "-82.02100", "2018-12-31": "-68.27300", "2017-12-31": "-59.19400", "2016-12-31": "-33.92300", "2015-12-31": "-43.45900", "2014-12-31": "-38.13600", "2013-12-31": "-37.69400", "2012-12-31": "-74.32600", "2011-12-31": "-79.13200", "2010-12-31": "-30.51000", "2009-12-31": "-18.27500", "2008-12-31": "-28.63200", "2007-12-31": "-42.82900", "2006-12-31": "", "2005-12-31": "-47.00600"}, "Net Change In Intangible Assets": {"2020-12-31": "", "2019-12-31": "", "2018-12-31": "", "2017-12-31": "", "2016-12-31": "", "2015-12-31": "", "2014-12-31": "", "2013-12-31": "", "2012-12-31": "", "2011-12-31": "", "2010-12-31": "", "2009-12-31": "", "2008-12-31": "", "2007-12-31": "", "2006-12-31": "", "2005-12-31": ""}, "Net Acquisitions/Divestitures": {"2020-12-31": "", "2019-12-31": "-108.36500", "2018-12-31": "-53.87100", "2017-12-31": "-0.28400", "2016-12-31": "-613.61900", "2015-12-31": "-15.42800", "2014-12-31": "228.94600", "2013-12-31": "-163.59100", "2012-12-31": "64.35100", "2011-12-31": "91.57100", "2010-12-31": "62.18900", "2009-12-31": "-745.91600", "2008-12-31": "", "2007-12-31": "-11.59400", "2006-12-31": "-51.07000", "2005-12-31": "-79.22200"}, "Net Change In Short-term Investments": {"2020-12-31": "", "2019-12-31": "-983.51300", "2018-12-31": "-15.98800", "2017-12-31": "-81.62100", "2016-12-31": "-366.59100", "2015-12-31": "531.39600", "2014-12-31": "-502.86300", "2013-12-31": "643.62600", "2012-12-31": "-212.56400", "2011-12-31": "140.68400", "2010-12-31": "366.09900", "2009-12-31": "-902.65400", "2008-12-31": "-112.59900", "2007-12-31": "8.84900", "2006-12-31": "-6.81900", "2005-12-31": "-7.19100"}, "Net Change In Long-Term Investments": {"2020-12-31": "", "2019-12-31": "-632.21000", "2018-12-31": "-773.23400", "2017-12-31": "-302.73110", "2016-12-31": "259.95900", "2015-12-31": "-102.36120", "2014-12-31": "-326.23110", "2013-12-31": "-54.74700", "2012-12-31": "416.94290", "2011-12-31": "-338.83200", "2010-12-31": "-273.76500", "2009-12-31": "239.71220", "2008-12-31": "-160.22200", "2007-12-31": "467.43600", "2006-12-31": "160.21610", "2005-12-31": "-374.33200"}, "Net Change In Investments - Total": {"2020-12-31": "", "2019-12-31": "-1615.72300", "2018-12-31": "-789.22200", "2017-12-31": "-384.35210", "2016-12-31": "-106.63200", "2015-12-31": "429.03480", "2014-12-31": "-829.09410", "2013-12-31": "588.87900", "2012-12-31": "204.37890", "2011-12-31": "-198.14800", "2010-12-31": "92.33400", "2009-12-31": "-662.94180", "2008-12-31": "-272.82100", "2007-12-31": "476.28500", "2006-12-31": "153.39710", "2005-12-31": "-381.52300"}, "Investing Activities - Other": {"2020-12-31": "", "2019-12-31": "-2212.84000", "2018-12-31": "-1852.13200", "2017-12-31": "-1859.40200", "2016-12-31": "-1738.15200", "2015-12-31": "-2011.70100", "2014-12-31": "-1199.30800", "2013-12-31": "-593.81500", "2012-12-31": "-690.27910", "2011-12-31": "-651.25500", "2010-12-31": "-624.85400", "2009-12-31": "561.22500", "2008-12-31": "-903.28200", "2007-12-31": "-256.37600", "2006-12-31": "-973.24200", "2005-12-31": "-445.28800"}, "Cash Flow From Investing Activities": {"2020-12-31": "", "2019-12-31": "-4018.94900", "2018-12-31": "-2763.49800", "2017-12-31": "-2303.23200", "2016-12-31": "-2492.32600", "2015-12-31": "-1641.55300", "2014-12-31": "-1837.59200", "2013-12-31": "-206.22100", "2012-12-31": "-495.87500", "2011-12-31": "-836.96400", "2010-12-31": "-500.84100", "2009-12-31": "-865.90800", "2008-12-31": "-1204.73500", "2007-12-31": "165.48600", "2006-12-31": "-870.91500", "2005-12-31": "-953.03900"}, "Net Long-Term Debt": {"2020-12-31": "", "2019-12-31": "560.53900", "2018-12-31": "-10.74200", "2017-12-31": "398.11200", "2016-12-31": "-721.69400", "2015-12-31": "159.60100", "2014-12-31": "395.25600", "2013-12-31": "-55.39600", "2012-12-31": "-996.78600", "2011-12-31": "211.05000", "2010-12-31": "-33.56200", "2009-12-31": "-104.32700", "2008-12-31": "38.43200", "2007-12-31": "177.44900", "2006-12-31": "75.09600", "2005-12-31": "-95.94000"}, "Net Current Debt": {"2020-12-31": "", "2019-12-31": "", "2018-12-31": "", "2017-12-31": "", "2016-12-31": "", "2015-12-31": "", "2014-12-31": "", "2013-12-31": "", "2012-12-31": "", "2011-12-31": "", "2010-12-31": "", "2009-12-31": "", "2008-12-31": "", "2007-12-31": "", "2006-12-31": "", "2005-12-31": ""}, "Debt Issuance/Retirement Net - Total": {"2020-12-31": "", "2019-12-31": "560.53900", "2018-12-31": "-10.74200", "2017-12-31": "398.11200", "2016-12-31": "-721.69400", "2015-12-31": "159.60100", "2014-12-31": "395.25600", "2013-12-31": "-55.39600", "2012-12-31": "-996.78600", "2011-12-31": "211.05000", "2010-12-31": "-33.56200", "2009-12-31": "-104.32700", "2008-12-31": "38.43200", "2007-12-31": "177.44900", "2006-12-31": "75.09600", "2005-12-31": "-95.94000"}, "Net Common Equity Issued/Repurchased": {"2020-12-31": "", "2019-12-31": "10.66700", "2018-12-31": "15.90300", "2017-12-31": "28.22900", "2016-12-31": "168.73900", "2015-12-31": "15.69500", "2014-12-31": "9.90400", "2013-12-31": "15.60900", "2012-12-31": "7.16500", "2011-12-31": "3.47400", "2010-12-31": "498.16200", "2009-12-31": "4.46900", "2008-12-31": "3.58600", "2007-12-31": "-99.30300", "2006-12-31": "3.70600", "2005-12-31": "64.61400"}, "Net Total Equity Issued/Repurchased": {"2020-12-31": "", "2019-12-31": "10.66700", "2018-12-31": "15.90300", "2017-12-31": "28.22900", "2016-12-31": "168.73900", "2015-12-31": "136.53700", "2014-12-31": "9.90400", "2013-12-31": "15.60900", "2012-12-31": "129.85500", "2011-12-31": "3.47400", "2010-12-31": "248.16200", "2009-12-31": "4.46900", "2008-12-31": "302.84400", "2007-12-31": "-99.30300", "2006-12-31": "3.70600", "2005-12-31": "64.61400"}, "Total Common And Preferred Stock Dividends Paid": {"2020-12-31": "", "2019-12-31": "-65.11000", "2018-12-31": "-50.98700", "2017-12-31": "-40.54300", "2016-12-31": "-38.56800", "2015-12-31": "-29.88800", "2014-12-31": "-24.93300", "2013-12-31": "-13.89300", "2012-12-31": "-13.15700", "2011-12-31": "-10.34400", "2010-12-31": "-22.77600", "2009-12-31": "-21.78300", "2008-12-31": "-9.03100", "2007-12-31": "-7.83100", "2006-12-31": "-6.96100", "2005-12-31": "-5.44900"}, "Financial Activities - Other": {"2020-12-31": "", "2019-12-31": "3141.13600", "2018-12-31": "2546.75100", "2017-12-31": "1523.35400", "2016-12-31": "2767.13300", "2015-12-31": "1381.42500", "2014-12-31": "1217.84000", "2013-12-31": "-78.47200", "2012-12-31": "1252.63300", "2011-12-31": "385.64100", "2010-12-31": "198.96800", "2009-12-31": "1541.28900", "2008-12-31": "905.94900", "2007-12-31": "-395.31500", "2006-12-31": "721.60900", "2005-12-31": "1038.24700"}, "Cash Flow From Financial Activities": {"2020-12-31": "", "2019-12-31": "3647.23200", "2018-12-31": "2500.92500", "2017-12-31": "1909.15200", "2016-12-31": "2175.61000", "2015-12-31": "1647.67500", "2014-12-31": "1598.06700", "2013-12-31": "-132.15200", "2012-12-31": "372.54500", "2011-12-31": "589.82100", "2010-12-31": "390.79200", "2009-12-31": "1419.64800", "2008-12-31": "1238.19400", "2007-12-31": "-325.00000", "2006-12-31": "793.45000", "2005-12-31": "1001.47200"}, "Net Cash Flow": {"2020-12-31": "", "2019-12-31": "-105.72400", "2018-12-31": "114.60900", "2017-12-31": "7.54600", "2016-12-31": "-5.75000", "2015-12-31": "45.08800", "2014-12-31": "-33.15700", "2013-12-31": "-51.16400", "2012-12-31": "145.32400", "2011-12-31": "-2.87600", "2010-12-31": "13.96400", "2009-12-31": "-287.28800", "2008-12-31": "184.75000", "2007-12-31": "-44.13800", "2006-12-31": "-36.07300", "2005-12-31": "165.33900"}, "Stock-Based Compensation": {"2020-12-31": "", "2019-12-31": "11.30400", "2018-12-31": "13.49600", "2017-12-31": "12.85800", "2016-12-31": "9.30300", "2015-12-31": "9.65600", "2014-12-31": "7.75400", "2013-12-31": "6.79900", "2012-12-31": "9.07200", "2011-12-31": "5.69200", "2010-12-31": "4.64000", "2009-12-31": "6.85300", "2008-12-31": "9.93600", "2007-12-31": "10.84500", "2006-12-31": "12.15900", "2005-12-31": "4.45000"}, "Common Stock Dividends Paid": {"2020-12-31": "", "2019-12-31": "-65.11000", "2018-12-31": "-50.98700", "2017-12-31": "-40.54300", "2016-12-31": "-38.56800", "2015-12-31": "-29.88800", "2014-12-31": "-24.93300", "2013-12-31": "-13.89300", "2012-12-31": "-13.15700", "2011-12-31": "-10.34400", "2010-12-31": "-22.77600", "2009-12-31": "-21.78300", "2008-12-31": "-9.03100", "2007-12-31": "-7.83100", "2006-12-31": "-6.96100", "2005-12-31": "-5.44900"}}, "cash flow statement, quarterly": {"Net Income/Loss": {"2020-12-31": -191.786, "2020-09-30": 107.315, "2020-06-30": 21.659, "2020-03-31": "62.81200", "2019-12-31": 85.964, "2019-09-30": 99.121, "2019-06-30": 81.466, "2019-03-31": "89.14600", "2018-12-31": 79.657, "2018-09-30": 91.948, "2018-06-30": 89.58, "2018-03-31": "81.98100", "2017-12-31": 68.781, "2017-09-30": 65.626, "2017-06-30": 64.897, "2017-03-31": "58.37800", "2016-12-31": 54.608, "2016-09-30": 53.115, "2016-06-30": 50.041, "2016-03-31": "49.11100", "2015-12-31": 35.511, "2015-09-30": 38.355, "2015-06-30": 43.831, "2015-03-31": "39.05200", "2014-12-31": 38.133, "2014-09-30": 40.224, "2014-06-30": 38.541, "2014-03-31": "34.50000", "2013-12-31": 35.288, "2013-09-30": 35.563, "2013-06-30": 34.307, "2013-03-31": "32.05200", "2012-12-31": 30.089, "2012-09-30": 32.302, "2012-06-30": 25.595, "2012-03-31": "23.21000", "2011-12-31": 19.221, "2011-09-30": 30.202, "2011-06-30": 11.75, "2011-03-31": "16.40200", "2010-12-31": 14.204, "2010-09-30": 20.098, "2010-06-30": 13.01, "2010-03-31": "16.01700", "2009-12-31": 28.167, "2009-09-30": 31.995, "2009-06-30": 6.549, "2009-03-31": "6.35800", "2008-12-31": 1.955, "2008-09-30": -2.448, "2008-06-30": 11.276, "2008-03-31": "9.70500", "2007-12-31": 15.643, "2007-09-30": 9.919, "2007-06-30": 15.41, "2007-03-31": "14.68100", "2006-12-31": 15.01, "2006-09-30": 14.859, "2006-06-30": 17.611, "2006-03-31": "19.01300", "2005-12-31": 18.656, "2005-09-30": 19.708, "2005-06-30": 12.979, "2005-03-31": "15.67300"}, "Total Depreciation And Amortization - Cash Flow": {"2020-12-31": -79.374, "2020-09-30": 27.542, "2020-06-30": 26.694, "2020-03-31": "25.13800", "2019-12-31": 25.628, "2019-09-30": 23.046, "2019-06-30": 23.729, "2019-03-31": "22.56400", "2018-12-31": 20.17, "2018-09-30": 18.851, "2018-06-30": 19.101, "2018-03-31": "16.95400", "2017-12-31": 17.997, "2017-09-30": 18.052, "2017-06-30": 16.987, "2017-03-31": "16.16900", "2016-12-31": 16.268, "2016-09-30": 13.39, "2016-06-30": 14.894, "2016-03-31": "14.24200", "2015-12-31": 13.815, "2015-09-30": 12.48, "2015-06-30": 8.191, "2015-03-31": "9.92200", "2014-12-31": 10.605, "2014-09-30": 9.756, "2014-06-30": 10.943, "2014-03-31": "7.98600", "2013-12-31": 6.519, "2013-09-30": 8.566, "2013-06-30": 3.823, "2013-03-31": "10.20600", "2012-12-31": 1.273, "2012-09-30": 6.097, "2012-06-30": 12.737, "2012-03-31": "3.53500", "2011-12-31": 3.467, "2011-09-30": 5.168, "2011-06-30": 5.541, "2011-03-31": "9.72700", "2010-12-31": 8.975, "2010-09-30": 7.881, "2010-06-30": 4.676, "2010-03-31": "5.54300", "2009-12-31": 6.862, "2009-09-30": 5.246, "2009-06-30": 5.178, "2009-03-31": "4.95100", "2008-12-31": 3.927, "2008-09-30": 4.907, "2008-06-30": 4.547, "2008-03-31": "4.73200", "2007-12-31": 5.237, "2007-09-30": 5.419, "2007-06-30": 5.231, "2007-03-31": "4.74100", "2006-12-31": 3.932, "2006-09-30": 4.507, "2006-06-30": 4.168, "2006-03-31": "3.87900", "2005-12-31": 3.775, "2005-09-30": 3.435, "2005-06-30": 5.324, "2005-03-31": "4.21700"}, "Other Non-Cash Items": {"2020-12-31": -212.532, "2020-09-30": 24.602, "2020-06-30": 133.15, "2020-03-31": "54.78000", "2019-12-31": 53.592, "2019-09-30": 12.104, "2019-06-30": 26.503, "2019-03-31": "11.16800", "2018-12-31": 71.48, "2018-09-30": 11.758, "2018-06-30": 7.516, "2018-03-31": "14.07800", "2017-12-31": 74.126, "2017-09-30": 9.499, "2017-06-30": 10.875, "2017-03-31": "7.86200", "2016-12-31": 14.942, "2016-09-30": 7.929, "2016-06-30": 9.123, "2016-03-31": "4.31800", "2015-12-31": 33.758, "2015-09-30": 9.648, "2015-06-30": 13.113, "2015-03-31": "6.12100", "2014-12-31": 12.56, "2014-09-30": 6.684, "2014-06-30": 8.214, "2014-03-31": "6.69600", "2013-12-31": 7.016, "2013-09-30": 13.179, "2013-06-30": 18.245, "2013-03-31": "15.17000", "2012-12-31": 0.412, "2012-09-30": 15.786, "2012-06-30": 27.806, "2012-03-31": "21.99100", "2011-12-31": 39.976, "2011-09-30": 2.225, "2011-06-30": 27.458, "2011-03-31": "15.65900", "2010-12-31": 25.08, "2010-09-30": 11.086, "2010-06-30": 15.414, "2010-03-31": "18.37500", "2009-12-31": 47.329, "2009-09-30": -20.099, "2009-06-30": 23.143, "2009-03-31": "17.36400", "2008-12-31": 8.722, "2008-09-30": 25.35, "2008-06-30": 11.883, "2008-03-31": "11.93400", "2007-12-31": -2.739, "2007-09-30": 5.784, "2007-06-30": 4.169, "2007-03-31": "4.02700", "2006-12-31": 8.695, "2006-09-30": 3.124, "2006-06-30": 2.195, "2006-03-31": "-0.07700", "2005-12-31": 3.142, "2005-09-30": 2.507, "2005-06-30": 9.047, "2005-03-31": "2.16800"}, "Total Non-Cash Items": {"2020-12-31": -291.906, "2020-09-30": 52.144, "2020-06-30": 159.844, "2020-03-31": "79.91800", "2019-12-31": 79.22, "2019-09-30": 35.15, "2019-06-30": 50.232, "2019-03-31": "33.73200", "2018-12-31": 91.65, "2018-09-30": 30.609, "2018-06-30": 26.617, "2018-03-31": "31.03200", "2017-12-31": 92.123, "2017-09-30": 27.551, "2017-06-30": 27.862, "2017-03-31": "24.03100", "2016-12-31": 31.21, "2016-09-30": 21.319, "2016-06-30": 24.017, "2016-03-31": "18.56000", "2015-12-31": 47.573, "2015-09-30": 22.128, "2015-06-30": 21.304, "2015-03-31": "16.04300", "2014-12-31": 23.165, "2014-09-30": 16.44, "2014-06-30": 19.157, "2014-03-31": "14.68200", "2013-12-31": 13.535, "2013-09-30": 21.745, "2013-06-30": 22.068, "2013-03-31": "25.37600", "2012-12-31": 1.685, "2012-09-30": 21.883, "2012-06-30": 40.543, "2012-03-31": "25.52600", "2011-12-31": 43.443, "2011-09-30": 7.393, "2011-06-30": 32.999, "2011-03-31": "25.38600", "2010-12-31": 34.055, "2010-09-30": 18.967, "2010-06-30": 20.09, "2010-03-31": "23.91800", "2009-12-31": 54.191, "2009-09-30": -14.853, "2009-06-30": 28.321, "2009-03-31": "22.31500", "2008-12-31": 12.649, "2008-09-30": 30.257, "2008-06-30": 16.43, "2008-03-31": "16.66600", "2007-12-31": 2.498, "2007-09-30": 11.203, "2007-06-30": 9.4, "2007-03-31": "8.76800", "2006-12-31": 12.627, "2006-09-30": 7.631, "2006-06-30": 6.363, "2006-03-31": "3.80200", "2005-12-31": 6.917, "2005-09-30": 5.942, "2005-06-30": 14.371, "2005-03-31": "6.38500"}, "Change In Accounts Receivable": {"2020-12-31": 920.5088, "2020-09-30": -161.7279, "2020-06-30": -228.106, "2020-03-31": "-530.67490", "2019-12-31": 121.2112, "2019-09-30": -130.5431, "2019-06-30": -272.861, "2019-03-31": "-26.14300", "2018-12-31": 23.875, "2018-09-30": 64.329, "2018-06-30": -123.664, "2018-03-31": "-101.92600", "2017-12-31": -17.5089, "2017-09-30": -14.8921, "2017-06-30": -155.219, "2017-03-31": "126.60600", "2016-12-31": 216.6561, "2016-09-30": -28.331, "2016-06-30": -288.221, "2016-03-31": "-9.96400", "2015-12-31": -87.6772, "2015-09-30": 69.9411, "2015-06-30": -80.91, "2015-03-31": "-123.61200", "2014-12-31": -40.2062, "2014-09-30": 39.2091, "2014-06-30": -132.706, "2014-03-31": "146.68000", "2013-12-31": -8.2589, "2013-09-30": 197.2849, "2013-06-30": -155.606, "2013-03-31": "63.34600", "2012-12-31": 183.805, "2012-09-30": 187.907, "2012-06-30": -430.939, "2012-03-31": "-19.76400", "2011-12-31": -102.0839, "2011-09-30": -152.5351, "2011-06-30": -5.88, "2011-03-31": "324.00400", "2010-12-31": -105.2901, "2010-09-30": -79.2609, "2010-06-30": -15.387, "2010-03-31": "150.74700", "2009-12-31": -117.2088, "2009-09-30": -99.9909, "2009-06-30": -596.7071, "2009-03-31": "-157.42300", "2008-12-31": 13.887, "2008-09-30": 41.971, "2008-06-30": -14.443, "2008-03-31": "3.22200", "2007-12-31": 0.206, "2007-09-30": 16.3111, "2007-06-30": -18.131, "2007-03-31": "33.34700", "2006-12-31": -165.851, "2006-09-30": 15.243, "2006-06-30": -50.814, "2006-03-31": "128.32600", "2005-12-31": 46.401, "2005-09-30": 0.705, "2005-06-30": -3.08, "2005-03-31": "-34.72100"}, "Change In Inventories": {"2020-12-31": 0.652, "2020-09-30": -0.83, "2020-06-30": 1.367, "2020-03-31": "-1.18900", "2019-12-31": 2.136, "2019-09-30": -0.774, "2019-06-30": -1.871, "2019-03-31": "1.13300", "2018-12-31": -1.004, "2018-09-30": 0.174, "2018-06-30": 0.82, "2018-03-31": "-0.68700", "2017-12-31": -0.352, "2017-09-30": 1.344, "2017-06-30": -1.273, "2017-03-31": "1.27500", "2016-12-31": -0.897, "2016-09-30": 2.521, "2016-06-30": -1.497, "2016-03-31": "-1.66800", "2015-12-31": 2.864, "2015-09-30": -1.715, "2015-06-30": 6.214, "2015-03-31": "-6.60500", "2014-12-31": 4.809, "2014-09-30": -3.781, "2014-06-30": -1.166, "2014-03-31": "-0.57100", "2013-12-31": -0.238, "2013-09-30": 0.4, "2013-06-30": 0.377, "2013-03-31": "-0.45300", "2012-12-31": 0.052, "2012-09-30": -0.027, "2012-06-30": 0.532, "2012-03-31": "1.35000", "2011-12-31": -2.193, "2011-09-30": 0.212, "2011-06-30": 1.72, "2011-03-31": "2.65000", "2010-12-31": 0.056, "2010-09-30": 33.326, "2010-06-30": 1.677, "2010-03-31": "-6.16400", "2009-12-31": -4.57, "2009-09-30": -6.231, "2009-06-30": -9.158, "2009-03-31": "-9.41600", "2008-12-31": -2.156, "2008-09-30": -0.366, "2008-06-30": -0.692, "2008-03-31": "0.38600", "2007-12-31": -0.221, "2007-09-30": -0.431, "2007-06-30": 0.827, "2007-03-31": "0.57800", "2006-12-31": -0.971, "2006-09-30": -0.004, "2006-06-30": 0.656, "2006-03-31": "-0.39500", "2005-12-31": 1.289, "2005-09-30": -0.084, "2005-06-30": 0.623, "2005-03-31": "0.16100"}, "Change In Accounts Payable": {"2020-12-31": 33.935, "2020-09-30": -61.179, "2020-06-30": 35.073, "2020-03-31": "-7.82900", "2019-12-31": -3.072, "2019-09-30": -58.059, "2019-06-30": 68.547, "2019-03-31": "-19.31400", "2018-12-31": -90.167, "2018-09-30": -29.208, "2018-06-30": 79.517, "2018-03-31": "12.85700", "2017-12-31": 111.889, "2017-09-30": -58.706, "2017-06-30": 60.897, "2017-03-31": "-82.29000", "2016-12-31": 83.449, "2016-09-30": -39.674, "2016-06-30": 58.569, "2016-03-31": "12.18700", "2015-12-31": 29.009, "2015-09-30": -46.474, "2015-06-30": 66.631, "2015-03-31": "-48.87400", "2014-12-31": 16.972, "2014-09-30": -60.127, "2014-06-30": 41.601, "2014-03-31": "-37.34800", "2013-12-31": 28.541, "2013-09-30": -37.36, "2013-06-30": 6.687, "2013-03-31": "-19.61700", "2012-12-31": -3.114, "2012-09-30": 130.257, "2012-06-30": 22.289, "2012-03-31": "-11.68900", "2011-12-31": -7.239, "2011-09-30": 26.86, "2011-06-30": -12.935, "2011-03-31": "-16.40600", "2010-12-31": -15.358, "2010-09-30": 14.359, "2010-06-30": 9.463, "2010-03-31": "-23.81300", "2009-12-31": -28.026, "2009-09-30": 33.196, "2009-06-30": -5.593, "2009-03-31": "-2.00400", "2008-12-31": -14.641, "2008-09-30": -5.122, "2008-06-30": 8.239, "2008-03-31": "15.84600", "2007-12-31": 15.711, "2007-09-30": 15.812, "2007-06-30": -23.712, "2007-03-31": "-13.30700", "2006-12-31": -13.264, "2006-09-30": 31.458, "2006-06-30": -28.676, "2006-03-31": "24.00300", "2005-12-31": 0.949, "2005-09-30": -19.621, "2005-06-30": 10.164, "2005-03-31": "8.11900"}, "Change In Assets/Liabilities": {"2020-12-31": -48.252, "2020-09-30": 10.793, "2020-06-30": 20.306, "2020-03-31": "17.15300", "2019-12-31": 3.489, "2019-09-30": 9.921, "2019-06-30": 9.031, "2019-03-31": "9.13100", "2018-12-31": 12.07, "2018-09-30": 1.004, "2018-06-30": 7.149, "2018-03-31": "-1.03100", "2017-12-31": -2.281, "2017-09-30": 2.253, "2017-06-30": -2.164, "2017-03-31": "2.79900", "2016-12-31": 8.545, "2016-09-30": 0.836, "2016-06-30": -1.855, "2016-03-31": "-1.67100", "2015-12-31": -0.192, "2015-09-30": 1.843, "2015-06-30": -4.722, "2015-03-31": "-0.55200", "2014-12-31": 3.125, "2014-09-30": 1.569, "2014-06-30": -0.856, "2014-03-31": "4.32200", "2013-12-31": -2.066, "2013-09-30": -2.956, "2013-06-30": -1.783, "2013-03-31": "-1.02300", "2012-12-31": 13.339, "2012-09-30": -0.734, "2012-06-30": -1.769, "2012-03-31": "-3.67400", "2011-12-31": 1.057, "2011-09-30": 4.291, "2011-06-30": -3.099, "2011-03-31": "-0.95200", "2010-12-31": 0.146, "2010-09-30": 0.331, "2010-06-30": -1.609, "2010-03-31": "0.43100", "2009-12-31": -1.456, "2009-09-30": -0.901, "2009-06-30": -2.292, "2009-03-31": "3.71000", "2008-12-31": 2.847, "2008-09-30": 0.61, "2008-06-30": 2.964, "2008-03-31": "2.24900", "2007-12-31": 0.352, "2007-09-30": 0.249, "2007-06-30": -1.013, "2007-03-31": "1.27600", "2006-12-31": 0.586, "2006-09-30": 7.572, "2006-06-30": -1.528, "2006-03-31": "-1.86500", "2005-12-31": -26.477, "2005-09-30": 29.212, "2005-06-30": 0.45, "2005-03-31": "2.18500"}, "Total Change In Assets/Liabilities": {"2020-12-31": 906.8438, "2020-09-30": -212.9439, "2020-06-30": -171.3599, "2020-03-31": "-522.54000", "2019-12-31": 123.7641, "2019-09-30": -179.455, "2019-06-30": -197.154, "2019-03-31": "-35.19300", "2018-12-31": -55.226, "2018-09-30": 36.299, "2018-06-30": -36.178, "2018-03-31": "-90.78700", "2017-12-31": 91.7471, "2017-09-30": -70.0011, "2017-06-30": -97.759, "2017-03-31": "48.39000", "2016-12-31": 307.7531, "2016-09-30": -64.648, "2016-06-30": -233.004, "2016-03-31": "-1.11600", "2015-12-31": -55.9962, "2015-09-30": 23.5952, "2015-06-30": -12.7871, "2015-03-31": "-179.64300", "2014-12-31": -15.3002, "2014-09-30": -23.1299, "2014-06-30": -93.127, "2014-03-31": "113.08300", "2013-12-31": 17.9781, "2013-09-30": 157.3689, "2013-06-30": -150.325, "2013-03-31": "42.25300", "2012-12-31": 194.082, "2012-09-30": 317.403, "2012-06-30": -409.887, "2012-03-31": "-33.77700", "2011-12-31": -110.459, "2011-09-30": -121.172, "2011-06-30": -20.194, "2011-03-31": "309.29600", "2010-12-31": -120.4461, "2010-09-30": -31.245, "2010-06-30": -5.8559, "2010-03-31": "121.20100", "2009-12-31": -151.2611, "2009-09-30": -73.9269, "2009-06-30": -613.75, "2009-03-31": "-165.13300", "2008-12-31": -0.0629, "2008-09-30": 37.093, "2008-06-30": -3.932, "2008-03-31": "21.70300", "2007-12-31": 16.048, "2007-09-30": 31.9411, "2007-06-30": -42.029, "2007-03-31": "21.89400", "2006-12-31": -179.5, "2006-09-30": 54.269, "2006-06-30": -80.362, "2006-03-31": "150.06900", "2005-12-31": 22.1621, "2005-09-30": 10.212, "2005-06-30": 8.157, "2005-03-31": "-24.25600"}, "Cash Flow From Operating Activities": {"2020-12-31": 423.152, "2020-09-30": -53.485, "2020-06-30": 10.143, "2020-03-31": "-379.81000", "2019-12-31": 288.948, "2019-09-30": -45.184, "2019-06-30": -65.456, "2019-03-31": "87.68500", "2018-12-31": 116.081, "2018-09-30": 158.856, "2018-06-30": 80.019, "2018-03-31": "22.22600", "2017-12-31": 252.651, "2017-09-30": 23.176, "2017-06-30": -5, "2017-03-31": "130.79900", "2016-12-31": 393.571, "2016-09-30": 9.786, "2016-06-30": -158.946, "2016-03-31": "66.55500", "2015-12-31": 27.088, "2015-09-30": 84.078, "2015-06-30": 52.348, "2015-03-31": "-124.54800", "2014-12-31": 45.998, "2014-09-30": 33.534, "2014-06-30": -35.429, "2014-03-31": "162.26500", "2013-12-31": 66.801, "2013-09-30": 214.677, "2013-06-30": -93.95, "2013-03-31": "99.68100", "2012-12-31": 225.856, "2012-09-30": 371.588, "2012-06-30": -343.749, "2012-03-31": "14.95900", "2011-12-31": -47.795, "2011-09-30": -83.577, "2011-06-30": 24.555, "2011-03-31": "351.08400", "2010-12-31": -72.187, "2010-09-30": 7.82, "2010-06-30": 27.244, "2010-03-31": "161.13600", "2009-12-31": -68.903, "2009-09-30": -56.785, "2009-06-30": -578.88, "2009-03-31": "-136.46000", "2008-12-31": 14.541, "2008-09-30": 64.902, "2008-06-30": 23.774, "2008-03-31": "48.07400", "2007-12-31": 34.189, "2007-09-30": 53.063, "2007-06-30": -17.219, "2007-03-31": "45.34300", "2006-12-31": -151.863, "2006-09-30": 76.759, "2006-06-30": -56.388, "2006-03-31": "172.88400", "2005-12-31": 47.735, "2005-09-30": 35.862, "2005-06-30": 35.507, "2005-03-31": "-2.19800"}, "Net Change In Property, Plant, And Equipment": {"2020-12-31": 54.392, "2020-09-30": -16.26, "2020-06-30": -16.747, "2020-03-31": "-21.38500", "2019-12-31": -30.571, "2019-09-30": -20.153, "2019-06-30": -17.689, "2019-03-31": "-13.60800", "2018-12-31": -15.634, "2018-09-30": -20.321, "2018-06-30": -20.738, "2018-03-31": "-11.58000", "2017-12-31": -19.611, "2017-09-30": -13.323, "2017-06-30": -15.437, "2017-03-31": "-10.82300", "2016-12-31": -5.647, "2016-09-30": -4.041, "2016-06-30": -15.558, "2016-03-31": "-8.67700", "2015-12-31": -14.084, "2015-09-30": -3.897, "2015-06-30": -19.576, "2015-03-31": "-5.90200", "2014-12-31": -7.154, "2014-09-30": -13.596, "2014-06-30": -9.79, "2014-03-31": "-7.59600", "2013-12-31": -13.455, "2013-09-30": -11.142, "2013-06-30": -6.589, "2013-03-31": "-6.50800", "2012-12-31": -28.793, "2012-09-30": -18.237, "2012-06-30": -18.795, "2012-03-31": "-8.50100", "2011-12-31": -24.363, "2011-09-30": -6.028, "2011-06-30": -38.184, "2011-03-31": "-10.55700", "2010-12-31": -14.614, "2010-09-30": -10.829, "2010-06-30": -2.919, "2010-03-31": "-2.14800", "2009-12-31": -1.871, "2009-09-30": -7.132, "2009-06-30": -5.506, "2009-03-31": "-3.76600", "2008-12-31": -4.913, "2008-09-30": -5.062, "2008-06-30": -8.761, "2008-03-31": "-9.89600", "2007-12-31": -4.715, "2007-09-30": -11.523, "2007-06-30": -12.692, "2007-03-31": "-13.89900", "2006-12-31": 49.133, "2006-09-30": -22.211, "2006-06-30": -17.028, "2006-03-31": "-9.89400", "2005-12-31": -12.358, "2005-09-30": -13.197, "2005-06-30": -12.334, "2005-03-31": "-9.11700"}, "Net Change In Intangible Assets": {"2020-12-31": 0, "2020-09-30": 0, "2020-06-30": 0, "2020-03-31": "", "2019-12-31": 0, "2019-09-30": 0, "2019-06-30": 0, "2019-03-31": "", "2018-12-31": 0, "2018-09-30": 0, "2018-06-30": 0, "2018-03-31": "", "2017-12-31": 0, "2017-09-30": 0, "2017-06-30": 0, "2017-03-31": "", "2016-12-31": 0, "2016-09-30": 0, "2016-06-30": 0, "2016-03-31": "", "2015-12-31": 0, "2015-09-30": 0, "2015-06-30": 0, "2015-03-31": "", "2014-12-31": 0, "2014-09-30": 0, "2014-06-30": 0, "2014-03-31": "", "2013-12-31": 0, "2013-09-30": 0, "2013-06-30": 0, "2013-03-31": "", "2012-12-31": 0, "2012-09-30": 0, "2012-06-30": 0, "2012-03-31": "", "2011-12-31": 0, "2011-09-30": 0, "2011-06-30": 0, "2011-03-31": "", "2010-12-31": 0, "2010-09-30": 0, "2010-06-30": 0, "2010-03-31": "", "2009-12-31": 0, "2009-09-30": 0, "2009-06-30": 0, "2009-03-31": "", "2008-12-31": 0, "2008-09-30": 0, "2008-06-30": 0, "2008-03-31": "", "2007-12-31": 0, "2007-09-30": 0, "2007-06-30": 0, "2007-03-31": "", "2006-12-31": 0, "2006-09-30": 0, "2006-06-30": 0, "2006-03-31": "", "2005-12-31": 0, "2005-09-30": 0, "2005-06-30": 0, "2005-03-31": ""}, "Net Acquisitions/Divestitures": {"2020-12-31": 0, "2020-09-30": 0, "2020-06-30": 0, "2020-03-31": "", "2019-12-31": -109.113, "2019-09-30": 0, "2019-06-30": 0.748, "2019-03-31": "", "2018-12-31": -40.122, "2018-09-30": 4.959, "2018-06-30": 0, "2018-03-31": "-18.70800", "2017-12-31": 0, "2017-09-30": 0, "2017-06-30": 0, "2017-03-31": "-0.28400", "2016-12-31": -35.304, "2016-09-30": -560.182, "2016-06-30": -0.681, "2016-03-31": "-17.45200", "2015-12-31": 0, "2015-09-30": -27.432, "2015-06-30": 0, "2015-03-31": "12.00400", "2014-12-31": 0, "2014-09-30": 236.213, "2014-06-30": -7.267, "2014-03-31": "", "2013-12-31": -5.141, "2013-09-30": 0, "2013-06-30": -9.35, "2013-03-31": "-149.10000", "2012-12-31": 34.131, "2012-09-30": 159.962, "2012-06-30": -137.933, "2012-03-31": "8.19100", "2011-12-31": 0.498, "2011-09-30": 71.148, "2011-06-30": -1.446, "2011-03-31": "21.37100", "2010-12-31": -22.731, "2010-09-30": -49.032, "2010-06-30": 133.952, "2010-03-31": "", "2009-12-31": -60.46, "2009-09-30": -685.456, "2009-06-30": 0, "2009-03-31": "", "2008-12-31": 0, "2008-09-30": 0, "2008-06-30": 0, "2008-03-31": "", "2007-12-31": -11.594, "2007-09-30": 0, "2007-06-30": 0, "2007-03-31": "", "2006-12-31": 0.212, "2006-09-30": 0, "2006-06-30": -51.282, "2006-03-31": "", "2005-12-31": -0.001, "2005-09-30": -0.577, "2005-06-30": 0.233, "2005-03-31": "-78.87700"}, "Net Change In Short-term Investments": {"2020-12-31": 1662.172, "2020-09-30": 190.022, "2020-06-30": -2069.138, "2020-03-31": "216.94400", "2019-12-31": 177.939, "2019-09-30": -823.871, "2019-06-30": 172.936, "2019-03-31": "-510.51700", "2018-12-31": 59.648, "2018-09-30": 84.82, "2018-06-30": -241.618, "2018-03-31": "81.16200", "2017-12-31": 154.91, "2017-09-30": -205.353, "2017-06-30": -4.167, "2017-03-31": "-27.01100", "2016-12-31": -162.506, "2016-09-30": -122.835, "2016-06-30": 123.744, "2016-03-31": "-204.99400", "2015-12-31": 93.324, "2015-09-30": 31.288, "2015-06-30": 106.078, "2015-03-31": "300.70600", "2014-12-31": -378.067, "2014-09-30": -113.499, "2014-06-30": 34.093, "2014-03-31": "-45.39000", "2013-12-31": 230.988, "2013-09-30": -241.178, "2013-06-30": 303.375, "2013-03-31": "350.44100", "2012-12-31": -98.601, "2012-09-30": 254.203, "2012-06-30": -217.133, "2012-03-31": "-151.03300", "2011-12-31": 352.066, "2011-09-30": -111.045, "2011-06-30": -44.115, "2011-03-31": "-56.22200", "2010-12-31": 417.687, "2010-09-30": -88.497, "2010-06-30": 118.644, "2010-03-31": "-81.73500", "2009-12-31": 142.699, "2009-09-30": -512.603, "2009-06-30": -389.247, "2009-03-31": "-143.50300", "2008-12-31": -118.323, "2008-09-30": 1.752, "2008-06-30": 4.842, "2008-03-31": "-0.87000", "2007-12-31": -0.67, "2007-09-30": 4.568, "2007-06-30": 2.109, "2007-03-31": "2.84200", "2006-12-31": -3.041, "2006-09-30": -4.368, "2006-06-30": 2.496, "2006-03-31": "-1.90600", "2005-12-31": -5.781, "2005-09-30": -1.425, "2005-06-30": 1.074, "2005-03-31": "-1.05900"}, "Net Change In Long-Term Investments": {"2020-12-31": -766.2899, "2020-09-30": 398.183, "2020-06-30": 1010.9548, "2020-03-31": "-642.84790", "2019-12-31": -788.2989, "2019-09-30": 263.9919, "2019-06-30": 22.479, "2019-03-31": "-130.38200", "2018-12-31": -275.92, "2018-09-30": -289.702, "2018-06-30": -48.481, "2018-03-31": "-159.13100", "2017-12-31": -54.4571, "2017-09-30": -109.409, "2017-06-30": -85.349, "2017-03-31": "-53.51600", "2016-12-31": 190.3731, "2016-09-30": 82.1101, "2016-06-30": 35.8388, "2016-03-31": "-48.36300", "2015-12-31": -134.0453, "2015-09-30": -86.043, "2015-06-30": -9.5939, "2015-03-31": "127.32100", "2014-12-31": -181.2881, "2014-09-30": 54.431, "2014-06-30": 37.798, "2014-03-31": "-237.17200", "2013-12-31": -112.783, "2013-09-30": 58.146, "2013-06-30": 83.272, "2013-03-31": "-83.38200", "2012-12-31": -35.8772, "2012-09-30": -285.489, "2012-06-30": 673.6831, "2012-03-31": "64.62600", "2011-12-31": -117.804, "2011-09-30": 51.4359, "2011-06-30": -65.8759, "2011-03-31": "-206.58800", "2010-12-31": -199.879, "2010-09-30": 128.458, "2010-06-30": -244.093, "2010-03-31": "41.74900", "2009-12-31": 101.3243, "2009-09-30": -147.8831, "2009-06-30": 132.5911, "2009-03-31": "153.67990", "2008-12-31": -88.414, "2008-09-30": 51.0591, "2008-06-30": -275.0051, "2008-03-31": "152.13800", "2007-12-31": 165.299, "2007-09-30": 13.405, "2007-06-30": 140.869, "2007-03-31": "147.86300", "2006-12-31": 195.2841, "2006-09-30": 88.342, "2006-06-30": 76.114, "2006-03-31": "-199.52400", "2005-12-31": -121.0699, "2005-09-30": -353.0631, "2005-06-30": 102.906, "2005-03-31": "-3.10500"}, "Net Change In Investments - Total": {"2020-12-31": 895.8821, "2020-09-30": 588.2049, "2020-06-30": -1058.1831, "2020-03-31": "-425.90390", "2019-12-31": -610.36, "2019-09-30": -559.8791, "2019-06-30": 195.415, "2019-03-31": "-640.89890", "2018-12-31": -216.272, "2018-09-30": -204.882, "2018-06-30": -290.099, "2018-03-31": "-77.96900", "2017-12-31": 100.453, "2017-09-30": -314.7621, "2017-06-30": -89.516, "2017-03-31": "-80.52700", "2016-12-31": 27.8671, "2016-09-30": -40.7249, "2016-06-30": 159.5828, "2016-03-31": "-253.35700", "2015-12-31": -40.7213, "2015-09-30": -54.7549, "2015-06-30": 96.484, "2015-03-31": "428.02700", "2014-12-31": -559.3551, "2014-09-30": -59.068, "2014-06-30": 71.891, "2014-03-31": "-282.56200", "2013-12-31": 118.205, "2013-09-30": -183.032, "2013-06-30": 386.647, "2013-03-31": "267.05900", "2012-12-31": -134.4782, "2012-09-30": -31.286, "2012-06-30": 456.5501, "2012-03-31": "-86.40700", "2011-12-31": 234.262, "2011-09-30": -59.6091, "2011-06-30": -109.9909, "2011-03-31": "-262.81000", "2010-12-31": 217.808, "2010-09-30": 39.961, "2010-06-30": -125.449, "2010-03-31": "-39.98600", "2009-12-31": 244.0233, "2009-09-30": -660.4861, "2009-06-30": -256.6559, "2009-03-31": "10.17690", "2008-12-31": -206.737, "2008-09-30": 52.8111, "2008-06-30": -270.1631, "2008-03-31": "151.26800", "2007-12-31": 164.629, "2007-09-30": 17.973, "2007-06-30": 142.978, "2007-03-31": "150.70500", "2006-12-31": 192.2431, "2006-09-30": 83.974, "2006-06-30": 78.61, "2006-03-31": "-201.43000", "2005-12-31": -126.8509, "2005-09-30": -354.4881, "2005-06-30": 103.98, "2005-03-31": "-4.16400"}, "Investing Activities - Other": {"2020-12-31": 5167.832, "2020-09-30": -712.557, "2020-06-30": -3453.682, "2020-03-31": "-1001.59300", "2019-12-31": -479.741, "2019-09-30": -398.822, "2019-06-30": -957.184, "2019-03-31": "-377.09300", "2018-12-31": -575.784, "2018-09-30": -349.681, "2018-06-30": -536.045, "2018-03-31": "-390.62200", "2017-12-31": -696.222, "2017-09-30": -139.8, "2017-06-30": -808.68, "2017-03-31": "-214.70000", "2016-12-31": -466.94, "2016-09-30": -348.788, "2016-06-30": -684.235, "2016-03-31": "-238.18900", "2015-12-31": -764.299, "2015-09-30": -324.79, "2015-06-30": -532.35, "2015-03-31": "-390.26200", "2014-12-31": -279.011, "2014-09-30": -155.961, "2014-06-30": -567.327, "2014-03-31": "-197.00900", "2013-12-31": -128.327, "2013-09-30": 3.314, "2013-06-30": -461.232, "2013-03-31": "-7.57000", "2012-12-31": -134.3381, "2012-09-30": -233.859, "2012-06-30": -209.077, "2012-03-31": "-113.00500", "2011-12-31": -195.523, "2011-09-30": -91.258, "2011-06-30": -382.165, "2011-03-31": "17.69100", "2010-12-31": -73.838, "2010-09-30": -129.876, "2010-06-30": -289.987, "2010-03-31": "-131.15300", "2009-12-31": -161.208, "2009-09-30": 740.525, "2009-06-30": 233.415, "2009-03-31": "-251.50700", "2008-12-31": -339.16, "2008-09-30": -187.24, "2008-06-30": -290.879, "2008-03-31": "-86.00300", "2007-12-31": 56.271, "2007-09-30": -84.082, "2007-06-30": -178.007, "2007-03-31": "-50.55800", "2006-12-31": -230.669, "2006-09-30": -276.449, "2006-06-30": -243.669, "2006-03-31": "-222.45500", "2005-12-31": -64.274, "2005-09-30": -128.871, "2005-06-30": -163.923, "2005-03-31": "-88.22000"}, "Cash Flow From Investing Activities": {"2020-12-31": 6118.106, "2020-09-30": -140.612, "2020-06-30": -4528.612, "2020-03-31": "-1448.88200", "2019-12-31": -1229.785, "2019-09-30": -978.854, "2019-06-30": -778.71, "2019-03-31": "-1031.60000", "2018-12-31": -847.812, "2018-09-30": -569.925, "2018-06-30": -846.882, "2018-03-31": "-498.87900", "2017-12-31": -615.38, "2017-09-30": -467.885, "2017-06-30": -913.633, "2017-03-31": "-306.33400", "2016-12-31": -480.024, "2016-09-30": -953.736, "2016-06-30": -540.891, "2016-03-31": "-517.67500", "2015-12-31": -819.104, "2015-09-30": -410.874, "2015-06-30": -455.442, "2015-03-31": "43.86700", "2014-12-31": -845.52, "2014-09-30": 7.588, "2014-06-30": -512.493, "2014-03-31": "-487.16700", "2013-12-31": -28.718, "2013-09-30": -190.86, "2013-06-30": -90.524, "2013-03-31": "103.88100", "2012-12-31": -263.478, "2012-09-30": -123.42, "2012-06-30": 90.745, "2012-03-31": "-199.72200", "2011-12-31": 14.874, "2011-09-30": -85.747, "2011-06-30": -531.786, "2011-03-31": "-234.30500", "2010-12-31": 106.625, "2010-09-30": -149.776, "2010-06-30": -284.403, "2010-03-31": "-173.28700", "2009-12-31": 20.484, "2009-09-30": -612.549, "2009-06-30": -28.747, "2009-03-31": "-245.09600", "2008-12-31": -550.81, "2008-09-30": -139.491, "2008-06-30": -569.803, "2008-03-31": "55.36900", "2007-12-31": 204.591, "2007-09-30": -77.632, "2007-06-30": -47.721, "2007-03-31": "86.24800", "2006-12-31": 10.919, "2006-09-30": -214.686, "2006-06-30": -233.369, "2006-03-31": "-433.77900", "2005-12-31": -203.484, "2005-09-30": -497.133, "2005-06-30": -72.044, "2005-03-31": "-180.37800"}, "Net Long-Term Debt": {"2020-12-31": -645.323, "2020-09-30": -7.151, "2020-06-30": 64.401, "2020-03-31": "588.07300", "2019-12-31": 104.53, "2019-09-30": -5.416, "2019-06-30": 335.889, "2019-03-31": "125.53600", "2018-12-31": -171.854, "2018-09-30": 58.601, "2018-06-30": -236.858, "2018-03-31": "339.36900", "2017-12-31": 105.223, "2017-09-30": 114.726, "2017-06-30": 128.895, "2017-03-31": "49.26800", "2016-12-31": -246.197, "2016-09-30": -180.528, "2016-06-30": -213.108, "2016-03-31": "-81.86100", "2015-12-31": 414.186, "2015-09-30": -15.646, "2015-06-30": 102.953, "2015-03-31": "-341.89200", "2014-12-31": 529.787, "2014-09-30": -225.233, "2014-06-30": 144.72, "2014-03-31": "-54.01800", "2013-12-31": 4.613, "2013-09-30": -204.128, "2013-06-30": 132.543, "2013-03-31": "11.57600", "2012-12-31": -198.234, "2012-09-30": -527.441, "2012-06-30": -56.122, "2012-03-31": "-214.98900", "2011-12-31": 40.327, "2011-09-30": 9.05, "2011-06-30": 172.481, "2011-03-31": "-10.80800", "2010-12-31": 21.945, "2010-09-30": 21.575, "2010-06-30": -38.424, "2010-03-31": "-38.65800", "2009-12-31": -12.634, "2009-09-30": 5.785, "2009-06-30": -11.202, "2009-03-31": "-86.27600", "2008-12-31": -8.652, "2008-09-30": -86.567, "2008-06-30": 66.093, "2008-03-31": "67.55800", "2007-12-31": -73.433, "2007-09-30": 65.673, "2007-06-30": 83.856, "2007-03-31": "101.35300", "2006-12-31": -13.19, "2006-09-30": 34.785, "2006-06-30": 45.066, "2006-03-31": "8.43500", "2005-12-31": 22.884, "2005-09-30": -64.974, "2005-06-30": 10.41, "2005-03-31": "-64.26000"}, "Net Current Debt": {"2020-12-31": 0, "2020-09-30": 0, "2020-06-30": 0, "2020-03-31": "", "2019-12-31": 0, "2019-09-30": 0, "2019-06-30": 0, "2019-03-31": "", "2018-12-31": 0, "2018-09-30": 0, "2018-06-30": 0, "2018-03-31": "", "2017-12-31": 0, "2017-09-30": 0, "2017-06-30": 0, "2017-03-31": "", "2016-12-31": 0, "2016-09-30": 0, "2016-06-30": 0, "2016-03-31": "", "2015-12-31": 0, "2015-09-30": 0, "2015-06-30": 0, "2015-03-31": "", "2014-12-31": 0, "2014-09-30": 0, "2014-06-30": 0, "2014-03-31": "", "2013-12-31": 0, "2013-09-30": 0, "2013-06-30": 0, "2013-03-31": "", "2012-12-31": 0, "2012-09-30": 0, "2012-06-30": 0, "2012-03-31": "", "2011-12-31": 0, "2011-09-30": 0, "2011-06-30": 0, "2011-03-31": "", "2010-12-31": 0, "2010-09-30": 0, "2010-06-30": 0, "2010-03-31": "", "2009-12-31": 0, "2009-09-30": 0, "2009-06-30": 0, "2009-03-31": "", "2008-12-31": 0, "2008-09-30": 0, "2008-06-30": 0, "2008-03-31": "", "2007-12-31": 0, "2007-09-30": 0, "2007-06-30": 0, "2007-03-31": "", "2006-12-31": 0, "2006-09-30": 0, "2006-06-30": 0, "2006-03-31": "", "2005-12-31": 0, "2005-09-30": 0, "2005-06-30": 0, "2005-03-31": ""}, "Debt Issuance/Retirement Net - Total": {"2020-12-31": -645.323, "2020-09-30": -7.151, "2020-06-30": 64.401, "2020-03-31": "588.07300", "2019-12-31": 104.53, "2019-09-30": -5.416, "2019-06-30": 335.889, "2019-03-31": "125.53600", "2018-12-31": -171.854, "2018-09-30": 58.601, "2018-06-30": -236.858, "2018-03-31": "339.36900", "2017-12-31": 105.223, "2017-09-30": 114.726, "2017-06-30": 128.895, "2017-03-31": "49.26800", "2016-12-31": -246.197, "2016-09-30": -180.528, "2016-06-30": -213.108, "2016-03-31": "-81.86100", "2015-12-31": 414.186, "2015-09-30": -15.646, "2015-06-30": 102.953, "2015-03-31": "-341.89200", "2014-12-31": 529.787, "2014-09-30": -225.233, "2014-06-30": 144.72, "2014-03-31": "-54.01800", "2013-12-31": 4.613, "2013-09-30": -204.128, "2013-06-30": 132.543, "2013-03-31": "11.57600", "2012-12-31": -198.234, "2012-09-30": -527.441, "2012-06-30": -56.122, "2012-03-31": "-214.98900", "2011-12-31": 40.327, "2011-09-30": 9.05, "2011-06-30": 172.481, "2011-03-31": "-10.80800", "2010-12-31": 21.945, "2010-09-30": 21.575, "2010-06-30": -38.424, "2010-03-31": "-38.65800", "2009-12-31": -12.634, "2009-09-30": 5.785, "2009-06-30": -11.202, "2009-03-31": "-86.27600", "2008-12-31": -8.652, "2008-09-30": -86.567, "2008-06-30": 66.093, "2008-03-31": "67.55800", "2007-12-31": -73.433, "2007-09-30": 65.673, "2007-06-30": 83.856, "2007-03-31": "101.35300", "2006-12-31": -13.19, "2006-09-30": 34.785, "2006-06-30": 45.066, "2006-03-31": "8.43500", "2005-12-31": 22.884, "2005-09-30": -64.974, "2005-06-30": 10.41, "2005-03-31": "-64.26000"}, "Net Common Equity Issued/Repurchased": {"2020-12-31": 29.937, "2020-09-30": 1.691, "2020-06-30": 1.413, "2020-03-31": "-33.04100", "2019-12-31": 3.776, "2019-09-30": 1.929, "2019-06-30": 1.848, "2019-03-31": "3.11400", "2018-12-31": 2.074, "2018-09-30": 2.451, "2018-06-30": 3.496, "2018-03-31": "7.88200", "2017-12-31": 5.164, "2017-09-30": 6.24, "2017-06-30": 3.306, "2017-03-31": "13.51900", "2016-12-31": 6.669, "2016-09-30": 3.653, "2016-06-30": 156.957, "2016-03-31": "1.46000", "2015-12-31": 1.697, "2015-09-30": 8.601, "2015-06-30": 3.307, "2015-03-31": "2.09000", "2014-12-31": 2.38, "2014-09-30": 2.711, "2014-06-30": 1.525, "2014-03-31": "3.28800", "2013-12-31": 10.754, "2013-09-30": 1.774, "2013-06-30": 2.076, "2013-03-31": "1.00500", "2012-12-31": 2.4, "2012-09-30": 1.381, "2012-06-30": 1.132, "2012-03-31": "2.25200", "2011-12-31": 0.696, "2011-09-30": 1.209, "2011-06-30": 0.738, "2011-03-31": "0.83100", "2010-12-31": 284.619, "2010-09-30": 0.986, "2010-06-30": 0.517, "2010-03-31": "212.04000", "2009-12-31": 1.875, "2009-09-30": 1.299, "2009-06-30": 0.754, "2009-03-31": "0.54100", "2008-12-31": 0.876, "2008-09-30": 0.867, "2008-06-30": 0.969, "2008-03-31": "0.87400", "2007-12-31": -11.228, "2007-09-30": -22.333, "2007-06-30": -5.373, "2007-03-31": "-60.36900", "2006-12-31": -14.672, "2006-09-30": 1.278, "2006-06-30": 13.728, "2006-03-31": "3.37200", "2005-12-31": 3.836, "2005-09-30": 1.069, "2005-06-30": 2.317, "2005-03-31": "57.39200"}, "Net Total Equity Issued/Repurchased": {"2020-12-31": -247.706, "2020-09-30": 1.959, "2020-06-30": 278.788, "2020-03-31": "-33.04100", "2019-12-31": 3.776, "2019-09-30": 1.929, "2019-06-30": 1.848, "2019-03-31": "3.11400", "2018-12-31": 2.074, "2018-09-30": 2.451, "2018-06-30": 3.496, "2018-03-31": "7.88200", "2017-12-31": 5.164, "2017-09-30": 6.24, "2017-06-30": 3.306, "2017-03-31": "13.51900", "2016-12-31": 6.669, "2016-09-30": 3.653, "2016-06-30": 156.957, "2016-03-31": "1.46000", "2015-12-31": 1.697, "2015-09-30": 8.292, "2015-06-30": 124.458, "2015-03-31": "2.09000", "2014-12-31": 2.38, "2014-09-30": 2.711, "2014-06-30": 1.525, "2014-03-31": "3.28800", "2013-12-31": 10.754, "2013-09-30": 1.774, "2013-06-30": 2.076, "2013-03-31": "1.00500", "2012-12-31": 2.4, "2012-09-30": 1.381, "2012-06-30": 1.132, "2012-03-31": "124.94200", "2011-12-31": 0.696, "2011-09-30": 1.209, "2011-06-30": 0.738, "2011-03-31": "0.83100", "2010-12-31": 34.619, "2010-09-30": 0.986, "2010-06-30": 0.517, "2010-03-31": "212.04000", "2009-12-31": 1.875, "2009-09-30": 1.299, "2009-06-30": 0.754, "2009-03-31": "0.54100", "2008-12-31": 250.755, "2008-09-30": 50.246, "2008-06-30": 0.969, "2008-03-31": "0.87400", "2007-12-31": -11.228, "2007-09-30": -22.333, "2007-06-30": -5.373, "2007-03-31": "-60.36900", "2006-12-31": -14.672, "2006-09-30": 1.278, "2006-06-30": 13.728, "2006-03-31": "3.37200", "2005-12-31": 3.836, "2005-09-30": 1.069, "2005-06-30": 2.317, "2005-03-31": "57.39200"}, "Total Common And Preferred Stock Dividends Paid": {"2020-12-31": 62.75, "2020-09-30": -26.414, "2020-06-30": -18.169, "2020-03-31": "-18.16700", "2019-12-31": -16.499, "2019-09-30": -16.222, "2019-06-30": -16.216, "2019-03-31": "-16.17300", "2018-12-31": -12.763, "2018-09-30": -12.762, "2018-06-30": -12.749, "2018-03-31": "-12.71300", "2017-12-31": -9.883, "2017-09-30": -9.864, "2017-06-30": -9.843, "2017-03-31": "-10.95300", "2016-12-31": -9.838, "2016-09-30": -9.831, "2016-06-30": -9.459, "2016-03-31": "-9.44000", "2015-12-31": -9.402, "2015-09-30": -6.893, "2015-06-30": -6.81, "2015-03-31": "-6.78300", "2014-12-31": -6.252, "2014-09-30": -6.247, "2014-06-30": -6.233, "2014-03-31": "-6.20100", "2013-12-31": -1.827, "2013-09-30": -6.156, "2013-06-30": -2.336, "2013-03-31": "-3.57400", "2012-12-31": -1.582, "2012-09-30": -6.314, "2012-06-30": -1, "2012-03-31": "-4.26100", "2011-12-31": -1, "2011-09-30": -4.199, "2011-06-30": -1.001, "2011-03-31": "-4.14400", "2010-12-31": -5.409, "2010-09-30": -6.926, "2010-06-30": -4.125, "2010-03-31": "-6.31600", "2009-12-31": -4.125, "2009-09-30": -6.292, "2009-06-30": -4.125, "2009-03-31": "-7.24100", "2008-12-31": -0.544, "2008-09-30": -4.256, "2008-06-30": 0, "2008-03-31": "-4.23100", "2007-12-31": 0, "2007-09-30": -3.747, "2007-06-30": 0, "2007-03-31": "-4.08400", "2006-12-31": 0, "2006-09-30": -3.588, "2006-06-30": 0, "2006-03-31": "-3.37300", "2005-12-31": 0, "2005-09-30": -2.833, "2005-06-30": 0, "2005-03-31": "-2.61600"}, "Financial Activities - Other": {"2020-12-31": -5733.198, "2020-09-30": 189.341, "2020-06-30": 4189.079, "2020-03-31": "1354.77800", "2019-12-31": 686.692, "2019-09-30": 1191.569, "2019-06-30": 552.814, "2019-03-31": "710.06100", "2018-12-31": 1026.481, "2018-09-30": 338.13, "2018-06-30": 1086.152, "2018-03-31": "95.98800", "2017-12-31": 287.864, "2017-09-30": 289.398, "2017-06-30": 875.288, "2017-03-31": "70.80400", "2016-12-31": 358.917, "2016-09-30": 1106.028, "2016-06-30": 824.722, "2016-03-31": "477.46600", "2015-12-31": 410.675, "2015-09-30": 339.489, "2015-06-30": 143.83, "2015-03-31": "487.43100", "2014-12-31": 216.898, "2014-09-30": 118.085, "2014-06-30": 422.15, "2014-03-31": "460.70700", "2013-12-31": -118.396, "2013-09-30": 282.031, "2013-06-30": 72.289, "2013-03-31": "-314.39600", "2012-12-31": 337.252, "2012-09-30": 305.264, "2012-06-30": 340.148, "2012-03-31": "269.96900", "2011-12-31": 1.88, "2011-09-30": 139.918, "2011-06-30": 344.587, "2011-03-31": "-100.74400", "2010-12-31": -156.993, "2010-09-30": 217.925, "2010-06-30": 329.673, "2010-03-31": "-191.63700", "2009-12-31": 70.158, "2009-09-30": 656.471, "2009-06-30": 565.371, "2009-03-31": "249.28900", "2008-12-31": 547.232, "2008-09-30": 68.38, "2008-06-30": 277.837, "2008-03-31": "12.50000", "2007-12-31": -105.232, "2007-09-30": 28.942, "2007-06-30": -116.946, "2007-03-31": "-202.07900", "2006-12-31": 160.289, "2006-09-30": 148.277, "2006-06-30": 257.502, "2006-03-31": "155.54100", "2005-12-31": 242.435, "2005-09-30": 188.167, "2005-06-30": 373.067, "2005-03-31": "234.57800"}, "Cash Flow From Financial Activities": {"2020-12-31": -6563.477, "2020-09-30": 157.735, "2020-06-30": 4514.099, "2020-03-31": "1891.64300", "2019-12-31": 778.499, "2019-09-30": 1171.86, "2019-06-30": 874.335, "2019-03-31": "822.53800", "2018-12-31": 843.938, "2018-09-30": 386.42, "2018-06-30": 840.041, "2018-03-31": "430.52600", "2017-12-31": 388.368, "2017-09-30": 400.5, "2017-06-30": 997.646, "2017-03-31": "122.63800", "2016-12-31": 109.551, "2016-09-30": 919.322, "2016-06-30": 759.112, "2016-03-31": "387.62500", "2015-12-31": 817.156, "2015-09-30": 325.242, "2015-06-30": 364.431, "2015-03-31": "140.84600", "2014-12-31": 742.813, "2014-09-30": -110.684, "2014-06-30": 562.162, "2014-03-31": "403.77600", "2013-12-31": -104.856, "2013-09-30": 73.521, "2013-06-30": 204.572, "2013-03-31": "-305.38900", "2012-12-31": 139.836, "2012-09-30": -227.11, "2012-06-30": 284.158, "2012-03-31": "175.66100", "2011-12-31": 41.903, "2011-09-30": 145.978, "2011-06-30": 516.805, "2011-03-31": "-114.86500", "2010-12-31": -105.838, "2010-09-30": 233.56, "2010-06-30": 287.641, "2010-03-31": "-24.57100", "2009-12-31": 55.274, "2009-09-30": 657.263, "2009-06-30": 550.798, "2009-03-31": "156.31300", "2008-12-31": 788.791, "2008-09-30": 27.803, "2008-06-30": 344.899, "2008-03-31": "76.70100", "2007-12-31": -189.893, "2007-09-30": 68.535, "2007-06-30": -38.463, "2007-03-31": "-165.17900", "2006-12-31": 132.427, "2006-09-30": 180.752, "2006-06-30": 316.296, "2006-03-31": "163.97500", "2005-12-31": 269.155, "2005-09-30": 121.429, "2005-06-30": 385.794, "2005-03-31": "225.09400"}, "Net Cash Flow": {"2020-12-31": -22.219, "2020-09-30": -36.362, "2020-06-30": -4.37, "2020-03-31": "62.95100", "2019-12-31": -162.338, "2019-09-30": 147.822, "2019-06-30": 30.169, "2019-03-31": "-121.37700", "2018-12-31": 112.207, "2018-09-30": -24.649, "2018-06-30": 73.178, "2018-03-31": "-46.12700", "2017-12-31": 25.639, "2017-09-30": -44.209, "2017-06-30": 79.013, "2017-03-31": "-52.89700", "2016-12-31": 23.098, "2016-09-30": -24.628, "2016-06-30": 59.275, "2016-03-31": "-63.49500", "2015-12-31": 25.14, "2015-09-30": -1.554, "2015-06-30": -38.663, "2015-03-31": "60.16500", "2014-12-31": -56.709, "2014-09-30": -69.562, "2014-06-30": 14.24, "2014-03-31": "78.87400", "2013-12-31": -66.773, "2013-09-30": 97.338, "2013-06-30": 20.098, "2013-03-31": "-101.82700", "2012-12-31": 102.214, "2012-09-30": 21.058, "2012-06-30": 31.154, "2012-03-31": "-9.10200", "2011-12-31": 8.982, "2011-09-30": -23.346, "2011-06-30": 9.574, "2011-03-31": "1.91400", "2010-12-31": -71.4, "2010-09-30": 91.604, "2010-06-30": 30.482, "2010-03-31": "-36.72200", "2009-12-31": 6.855, "2009-09-30": -12.071, "2009-06-30": -56.829, "2009-03-31": "-225.24300", "2008-12-31": 252.522, "2008-09-30": -46.786, "2008-06-30": -201.13, "2008-03-31": "180.14400", "2007-12-31": 48.887, "2007-09-30": 43.966, "2007-06-30": -103.403, "2007-03-31": "-33.58800", "2006-12-31": -8.517, "2006-09-30": 42.825, "2006-06-30": 26.539, "2006-03-31": "-96.92000", "2005-12-31": 113.406, "2005-09-30": -339.842, "2005-06-30": 349.257, "2005-03-31": "42.51800"}, "Stock-Based Compensation": {"2020-12-31": 1.023, "2020-09-30": 1.255, "2020-06-30": 0.541, "2020-03-31": "-2.81900", "2019-12-31": 3.026, "2019-09-30": 1.995, "2019-06-30": 2.965, "2019-03-31": "3.31800", "2018-12-31": 3.15, "2018-09-30": 3.248, "2018-06-30": 3.415, "2018-03-31": "3.68300", "2017-12-31": 4.698, "2017-09-30": 2.414, "2017-06-30": 2.828, "2017-03-31": "2.91800", "2016-12-31": 2.525, "2016-09-30": 2.026, "2016-06-30": 2.268, "2016-03-31": "2.48400", "2015-12-31": 1.839, "2015-09-30": 2.531, "2015-06-30": 3.015, "2015-03-31": "2.27100", "2014-12-31": 2, "2014-09-30": 2, "2014-06-30": 2.073, "2014-03-31": "1.68100", "2013-12-31": 0.201, "2013-09-30": 1.97, "2013-06-30": 2.215, "2013-03-31": "2.41300", "2012-12-31": 1.812, "2012-09-30": 2.621, "2012-06-30": 2.35, "2012-03-31": "2.28900", "2011-12-31": 2.259, "2011-09-30": 1.399, "2011-06-30": 0.94, "2011-03-31": "1.09400", "2010-12-31": 0.119, "2010-09-30": 2.016, "2010-06-30": 1.091, "2010-03-31": "1.41400", "2009-12-31": 1.721, "2009-09-30": 1.701, "2009-06-30": 1.659, "2009-03-31": "1.77200", "2008-12-31": 2.324, "2008-09-30": 2.67, "2008-06-30": 2.444, "2008-03-31": "2.49800", "2007-12-31": 2.57, "2007-09-30": 2.587, "2007-06-30": 2.723, "2007-03-31": "2.96500", "2006-12-31": 3.214, "2006-09-30": 3.001, "2006-06-30": 2.963, "2006-03-31": "2.98100", "2005-12-31": 1.613, "2005-09-30": 1.502, "2005-06-30": 0.609, "2005-03-31": "0.72600"}, "Common Stock Dividends Paid": {"2020-12-31": 62.75, "2020-09-30": -26.414, "2020-06-30": -18.169, "2020-03-31": "-18.16700", "2019-12-31": -16.499, "2019-09-30": -16.222, "2019-06-30": -16.216, "2019-03-31": "-16.17300", "2018-12-31": -12.763, "2018-09-30": -12.762, "2018-06-30": -12.749, "2018-03-31": "-12.71300", "2017-12-31": -9.883, "2017-09-30": -9.864, "2017-06-30": -9.843, "2017-03-31": "-10.95300", "2016-12-31": -9.838, "2016-09-30": -9.831, "2016-06-30": -9.459, "2016-03-31": "-9.44000", "2015-12-31": -9.402, "2015-09-30": -6.893, "2015-06-30": -6.81, "2015-03-31": "-6.78300", "2014-12-31": -6.252, "2014-09-30": -6.247, "2014-06-30": -6.233, "2014-03-31": "-6.20100", "2013-12-31": -1.827, "2013-09-30": -6.156, "2013-06-30": -2.336, "2013-03-31": "-3.57400", "2012-12-31": -1.582, "2012-09-30": -6.314, "2012-06-30": -1, "2012-03-31": "-4.26100", "2011-12-31": -1, "2011-09-30": -4.199, "2011-06-30": -1.001, "2011-03-31": "-4.14400", "2010-12-31": -5.409, "2010-09-30": -6.926, "2010-06-30": -4.125, "2010-03-31": "-6.31600", "2009-12-31": -4.125, "2009-09-30": -6.292, "2009-06-30": -4.125, "2009-03-31": "-7.24100", "2008-12-31": -0.544, "2008-09-30": -4.256, "2008-06-30": 0, "2008-03-31": "-4.23100", "2007-12-31": 0, "2007-09-30": -3.747, "2007-06-30": 0, "2007-03-31": "-4.08400", "2006-12-31": 0, "2006-09-30": -3.588, "2006-06-30": 0, "2006-03-31": "-3.37300", "2005-12-31": 0, "2005-09-30": -2.833, "2005-06-30": 0, "2005-03-31": "-2.61600"}}, "financial ratios": {"Current Ratio": {"2019-12-31": "", "2018-12-31": "", "2017-12-31": "", "2016-12-31": "", "2015-12-31": "", "2014-12-31": "", "2013-12-31": "", "2012-12-31": "", "2011-12-31": "", "2010-12-31": "", "2009-12-31": "", "2008-12-31": "", "2007-12-31": "", "2006-12-31": "", "2005-12-31": ""}, "Long-term Debt / Capital": {"2019-12-31": "0.23080", "2018-12-31": "0.19400", "2017-12-31": "0.18120", "2016-12-31": "0.19550", "2015-12-31": "0.22250", "2014-12-31": "0.22060", "2013-12-31": "0.20980", "2012-12-31": "0.22990", "2011-12-31": "0.46250", "2010-12-31": "0.44680", "2009-12-31": "0.32850", "2008-12-31": "0.38090", "2007-12-31": "0.43920", "2006-12-31": "0.38640", "2005-12-31": "0.37470"}, "Debt/Equity Ratio": {"2019-12-31": "0.48300", "2018-12-31": "0.37120", "2017-12-31": "0.40930", "2016-12-31": "0.30010", "2015-12-31": "0.64900", "2014-12-31": "0.63730", "2013-12-31": "0.48530", "2012-12-31": "0.52920", "2011-12-31": "1.20210", "2010-12-31": "1.10310", "2009-12-31": "0.86850", "2008-12-31": "1.02500", "2007-12-31": "1.42650", "2006-12-31": "1.06700", "2005-12-31": "1.15710"}, "Gross Margin": {"2019-12-31": "", "2018-12-31": "", "2017-12-31": "", "2016-12-31": "", "2015-12-31": "", "2014-12-31": "", "2013-12-31": "", "2012-12-31": "", "2011-12-31": "", "2010-12-31": "", "2009-12-31": "", "2008-12-31": "", "2007-12-31": "", "2006-12-31": "", "2005-12-31": ""}, "Operating Margin": {"2019-12-31": "", "2018-12-31": "", "2017-12-31": "", "2016-12-31": "", "2015-12-31": "", "2014-12-31": "", "2013-12-31": "", "2012-12-31": "", "2011-12-31": "", "2010-12-31": "", "2009-12-31": "", "2008-12-31": "", "2007-12-31": "", "2006-12-31": "", "2005-12-31": ""}, "EBIT Margin": {"2019-12-31": "", "2018-12-31": "", "2017-12-31": "", "2016-12-31": "", "2015-12-31": "", "2014-12-31": "", "2013-12-31": "", "2012-12-31": "", "2011-12-31": "", "2010-12-31": "", "2009-12-31": "", "2008-12-31": "", "2007-12-31": "", "2006-12-31": "", "2005-12-31": ""}, "EBITDA Margin": {"2019-12-31": "", "2018-12-31": "", "2017-12-31": "", "2016-12-31": "", "2015-12-31": "", "2014-12-31": "", "2013-12-31": "", "2012-12-31": "", "2011-12-31": "", "2010-12-31": "", "2009-12-31": "", "2008-12-31": "", "2007-12-31": "", "2006-12-31": "", "2005-12-31": ""}, "Pre-Tax Profit Margin": {"2019-12-31": "34.09260", "2018-12-31": "35.77400", "2017-12-31": "34.76490", "2016-12-31": "32.74210", "2015-12-31": "28.60370", "2014-12-31": "31.06490", "2013-12-31": "30.87250", "2012-12-31": "26.91860", "2011-12-31": "23.34510", "2010-12-31": "20.85670", "2009-12-31": "25.45630", "2008-12-31": "10.68360", "2007-12-31": "25.66450", "2006-12-31": "31.29790", "2005-12-31": "34.56400"}, "Net Profit Margin": {"2019-12-31": "24.67620", "2018-12-31": "26.04270", "2017-12-31": "22.09850", "2016-12-31": "18.97920", "2015-12-31": "16.57380", "2014-12-31": "18.28800", "2013-12-31": "17.71890", "2012-12-31": "15.25810", "2011-12-31": "13.39210", "2010-12-31": "6.68800", "2009-12-31": "11.59320", "2008-12-31": "6.41970", "2007-12-31": "17.03940", "2006-12-31": "19.96420", "2005-12-31": "22.07090"}, "Asset Turnover": {"2019-12-31": "0.03850", "2018-12-31": "0.04120", "2017-12-31": "0.04020", "2016-12-31": "0.03950", "2015-12-31": "0.03840", "2014-12-31": "0.03960", "2013-12-31": "0.04020", "2012-12-31": "0.03820", "2011-12-31": "0.03450", "2010-12-31": "0.03460", "2009-12-31": "0.03780", "2008-12-31": "0.02690", "2007-12-31": "0.03490", "2006-12-31": "0.03480", "2005-12-31": "0.03710"}, "Inventory Turnover Ratio": {"2019-12-31": "", "2018-12-31": "", "2017-12-31": "", "2016-12-31": "", "2015-12-31": "", "2014-12-31": "", "2013-12-31": "", "2012-12-31": "", "2011-12-31": "", "2010-12-31": "", "2009-12-31": "", "2008-12-31": "", "2007-12-31": "", "2006-12-31": "", "2005-12-31": ""}, "Receiveable Turnover": {"2019-12-31": "", "2018-12-31": "", "2017-12-31": "", "2016-12-31": "", "2015-12-31": "", "2014-12-31": "", "2013-12-31": "", "2012-12-31": "", "2011-12-31": "", "2010-12-31": "", "2009-12-31": "", "2008-12-31": "", "2007-12-31": "", "2006-12-31": "", "2005-12-31": ""}, "Days Sales In Receivables": {"2019-12-31": "", "2018-12-31": "", "2017-12-31": "", "2016-12-31": "", "2015-12-31": "", "2014-12-31": "", "2013-12-31": "", "2012-12-31": "", "2011-12-31": "", "2010-12-31": "", "2009-12-31": "", "2008-12-31": "", "2007-12-31": "", "2006-12-31": "", "2005-12-31": ""}, "ROE - Return On Equity": {"2019-12-31": "9.97400", "2018-12-31": "10.91990", "2017-12-31": "9.03530", "2016-12-31": "8.46340", "2015-12-31": "7.46070", "2014-12-31": "7.79050", "2013-12-31": "7.73400", "2012-12-31": "6.82900", "2011-12-31": "5.19330", "2010-12-31": "4.56620", "2009-12-31": "8.55790", "2008-12-31": "2.61090", "2007-12-31": "7.52520", "2006-12-31": "8.59810", "2005-12-31": "10.67290"}, "Return On Tangible Equity": {"2019-12-31": "11.86060", "2018-12-31": "12.97410", "2017-12-31": "10.48580", "2016-12-31": "9.51070", "2015-12-31": "8.44410", "2014-12-31": "9.20140", "2013-12-31": "9.10590", "2012-12-31": "7.73080", "2011-12-31": "6.37960", "2010-12-31": "5.54160", "2009-12-31": "8.62690", "2008-12-31": "2.64140", "2007-12-31": "12.48900", "2006-12-31": "13.77210", "2005-12-31": "16.20360"}, "ROA - Return On Assets": {"2019-12-31": "0.97130", "2018-12-31": "1.09830", "2017-12-31": "0.92310", "2016-12-31": "0.80590", "2015-12-31": "0.68420", "2014-12-31": "0.75660", "2013-12-31": "0.75820", "2012-12-31": "0.63470", "2011-12-31": "0.48810", "2010-12-31": "0.45300", "2009-12-31": "0.59820", "2008-12-31": "0.19220", "2007-12-31": "0.59400", "2006-12-31": "0.69470", "2005-12-31": "0.81960"}, "ROI - Return On Investment": {"2019-12-31": "7.41180", "2018-12-31": "8.46450", "2017-12-31": "7.08750", "2016-12-31": "6.17420", "2015-12-31": "5.18100", "2014-12-31": "5.70070", "2013-12-31": "5.70480", "2012-12-31": "4.74460", "2011-12-31": "2.70130", "2010-12-31": "2.43890", "2009-12-31": "4.30940", "2008-12-31": "1.18920", "2007-12-31": "4.22040", "2006-12-31": "5.27620", "2005-12-31": "6.67380"}, "Book Value Per Share": {"2019-12-31": "63.83820", "2018-12-31": "57.92740", "2017-12-31": "53.19290", "2016-12-31": "51.95770", "2015-12-31": "48.61780", "2014-12-31": "44.22220", "2013-12-31": "41.21230", "2012-12-31": "48.96370", "2011-12-31": "42.90210", "2010-12-31": "41.20440", "2009-12-31": "47.03760", "2008-12-31": "44.89510", "2007-12-31": "31.56450", "2006-12-31": "30.37730", "2005-12-31": "26.22740"}, "Operating Cash Flow Per Share": {"2019-12-31": -1.9768, "2018-12-31": -0.4919, "2017-12-31": 1.3553, "2016-12-31": 4.9795, "2015-12-31": -3.3085, "2014-12-31": -1.6914, "2013-12-31": 0.1572, "2012-12-31": 0.0403, "2011-12-31": 1.6245, "2010-12-31": 35.8518, "2009-12-31": -38.1932, "2008-12-31": 1.6338, "2007-12-31": 3.0393, "2006-12-31": -3.2071, "2005-12-31": 4.8036}, "Free Cash Flow Per Share": {"2019-12-31": -2.2069, "2018-12-31": -0.6411, "2017-12-31": 0.9362, "2016-12-31": 5.1912, "2015-12-31": -3.3952, "2014-12-31": -1.6868, "2013-12-31": 0.9499, "2012-12-31": 0.2918, "2011-12-31": 0.792, "2010-12-31": 35.5791, "2009-12-31": -37.7003, "2008-12-31": 2.1681, "2007-12-31": 1.3184, "2006-12-31": -1.2757, "2005-12-31": 2.8722}}, "financial ratios, quarterly": {"Current Ratio": {"2020-09-30": "", "2020-06-30": "", "2020-03-31": "", "2019-12-31": "", "2019-09-30": "", "2019-06-30": "", "2019-03-31": "", "2018-12-31": "", "2018-09-30": "", "2018-06-30": "", "2018-03-31": "", "2017-12-31": "", "2017-09-30": "", "2017-06-30": "", "2017-03-31": "", "2016-12-31": "", "2016-09-30": "", "2016-06-30": "", "2016-03-31": "", "2015-12-31": "", "2015-09-30": "", "2015-06-30": "", "2015-03-31": "", "2014-12-31": "", "2014-09-30": "", "2014-06-30": "", "2014-03-31": "", "2013-12-31": "", "2013-09-30": "", "2013-06-30": "", "2013-03-31": "", "2012-12-31": "", "2012-09-30": "", "2012-06-30": "", "2012-03-31": "", "2011-12-31": "", "2011-09-30": "", "2011-06-30": "", "2011-03-31": "", "2010-12-31": "", "2010-09-30": "", "2010-06-30": "", "2010-03-31": "", "2009-12-31": "", "2009-09-30": "", "2009-06-30": "", "2009-03-31": "", "2008-12-31": "", "2008-09-30": "", "2008-06-30": "", "2008-03-31": "", "2007-12-31": "", "2007-09-30": "", "2007-06-30": "", "2007-03-31": "", "2006-12-31": "", "2006-09-30": "", "2006-06-30": "", "2006-03-31": "", "2005-12-31": "", "2005-09-30": "", "2005-06-30": "", "2005-03-31": ""}, "Long-term Debt / Capital": {"2020-09-30": "0.22710", "2020-06-30": "0.23100", "2020-03-31": "0.24140", "2019-12-31": "0.23080", "2019-09-30": "0.23710", "2019-06-30": "0.24320", "2019-03-31": "0.18490", "2018-12-31": "0.19400", "2018-09-30": "0.19420", "2018-06-30": "0.17270", "2018-03-31": "0.17430", "2017-12-31": "0.18120", "2017-09-30": "0.18130", "2017-06-30": "0.19100", "2017-03-31": "0.18590", "2016-12-31": "0.19550", "2016-09-30": "0.19160", "2016-06-30": "0.19740", "2016-03-31": "0.21070", "2015-12-31": "0.22250", "2015-09-30": "0.22220", "2015-06-30": "0.22300", "2015-03-31": "0.21250", "2014-12-31": "0.22060", "2014-09-30": "0.17860", "2014-06-30": "0.17820", "2014-03-31": "0.19850", "2013-12-31": "0.20980", "2013-09-30": "0.21330", "2013-06-30": "0.21810", "2013-03-31": "0.22190", "2012-12-31": "0.22990", "2012-09-30": "0.26700", "2012-06-30": "0.36760", "2012-03-31": "0.39960", "2011-12-31": "0.46250", "2011-09-30": "0.46670", "2011-06-30": "0.47300", "2011-03-31": "0.44170", "2010-12-31": "0.44680", "2010-09-30": "0.45030", "2010-06-30": "0.44780", "2010-03-31": "0.45240", "2009-12-31": "0.32850", "2009-09-30": "0.33870", "2009-06-30": "0.34410", "2009-03-31": "0.34900", "2008-12-31": "0.38090", "2008-09-30": "0.43410", "2008-06-30": "0.48580", "2008-03-31": "0.45060", "2007-12-31": "0.43920", "2007-09-30": "0.45210", "2007-06-30": "0.43580", "2007-03-31": "0.39890", "2006-12-31": "0.38640", "2006-09-30": "0.37500", "2006-06-30": "0.35280", "2006-03-31": "0.35960", "2005-12-31": "0.37470", "2005-09-30": "0.36940", "2005-06-30": "0.40850", "2005-03-31": "0.42460"}, "Debt/Equity Ratio": {"2020-09-30": "0.59540", "2020-06-30": "0.60820", "2020-03-31": "0.63560", "2019-12-31": "0.48300", "2019-09-30": "0.47310", "2019-06-30": "0.48810", "2019-03-31": "0.39780", "2018-12-31": "0.37120", "2018-09-30": "0.43440", "2018-06-30": "0.42340", "2018-03-31": "0.51290", "2017-12-31": "0.40930", "2017-09-30": "0.38270", "2017-06-30": "0.34820", "2017-03-31": "0.31060", "2016-12-31": "0.30010", "2016-09-30": "0.39390", "2016-06-30": "0.47000", "2016-03-31": "0.59750", "2015-12-31": "0.64900", "2015-09-30": "0.47570", "2015-06-30": "0.47930", "2015-03-31": "0.46070", "2014-12-31": "0.63730", "2014-09-30": "0.38870", "2014-06-30": "0.50730", "2014-03-31": "0.44750", "2013-12-31": "0.48530", "2013-09-30": "0.47810", "2013-06-30": "0.59890", "2013-03-31": "0.52950", "2012-12-31": "0.52920", "2012-09-30": "0.60080", "2012-06-30": "0.91030", "2012-03-31": "0.97310", "2011-12-31": "1.20210", "2011-09-30": "1.18780", "2011-06-30": "1.18550", "2011-03-31": "1.08310", "2010-12-31": "1.10310", "2010-09-30": "1.11650", "2010-06-30": "1.11180", "2010-03-31": "1.13590", "2009-12-31": "0.86850", "2009-09-30": "0.90550", "2009-06-30": "0.93490", "2009-03-31": "0.94710", "2008-12-31": "1.02500", "2008-09-30": "1.36150", "2008-06-30": "1.58680", "2008-03-31": "1.49010", "2007-12-31": "1.42650", "2007-09-30": "1.49020", "2007-06-30": "1.40190", "2007-03-31": "1.26960", "2006-12-31": "1.06700", "2006-09-30": "1.09840", "2006-06-30": "1.11270", "2006-03-31": "1.12570", "2005-12-31": "1.15710", "2005-09-30": "1.14700", "2005-06-30": "1.28670", "2005-03-31": "1.34810"}, "Gross Margin": {"2020-09-30": "", "2020-06-30": "", "2020-03-31": "", "2019-12-31": "", "2019-09-30": "", "2019-06-30": "", "2019-03-31": "", "2018-12-31": "", "2018-09-30": "", "2018-06-30": "", "2018-03-31": "", "2017-12-31": "", "2017-09-30": "", "2017-06-30": "", "2017-03-31": "", "2016-12-31": "", "2016-09-30": "", "2016-06-30": "", "2016-03-31": "", "2015-12-31": "", "2015-09-30": "", "2015-06-30": "", "2015-03-31": "", "2014-12-31": "", "2014-09-30": "", "2014-06-30": "", "2014-03-31": "", "2013-12-31": "", "2013-09-30": "", "2013-06-30": "", "2013-03-31": "", "2012-12-31": "", "2012-09-30": "", "2012-06-30": "", "2012-03-31": "", "2011-12-31": "", "2011-09-30": "", "2011-06-30": "", "2011-03-31": "", "2010-12-31": "", "2010-09-30": "", "2010-06-30": "", "2010-03-31": "", "2009-12-31": "", "2009-09-30": "", "2009-06-30": "", "2009-03-31": "", "2008-12-31": "", "2008-09-30": "", "2008-06-30": "", "2008-03-31": "", "2007-12-31": "", "2007-09-30": "", "2007-06-30": "", "2007-03-31": "", "2006-12-31": "", "2006-09-30": "", "2006-06-30": "", "2006-03-31": "", "2005-12-31": "", "2005-09-30": "", "2005-06-30": "", "2005-03-31": ""}, "Operating Margin": {"2020-09-30": "", "2020-06-30": "", "2020-03-31": "", "2019-12-31": "", "2019-09-30": "", "2019-06-30": "", "2019-03-31": "", "2018-12-31": "", "2018-09-30": "", "2018-06-30": "", "2018-03-31": "", "2017-12-31": "", "2017-09-30": "", "2017-06-30": "", "2017-03-31": "", "2016-12-31": "", "2016-09-30": "", "2016-06-30": "", "2016-03-31": "", "2015-12-31": "", "2015-09-30": "", "2015-06-30": "", "2015-03-31": "", "2014-12-31": "", "2014-09-30": "", "2014-06-30": "", "2014-03-31": "", "2013-12-31": "", "2013-09-30": "", "2013-06-30": "", "2013-03-31": "", "2012-12-31": "", "2012-09-30": "", "2012-06-30": "", "2012-03-31": "", "2011-12-31": "", "2011-09-30": "", "2011-06-30": "", "2011-03-31": "", "2010-12-31": "", "2010-09-30": "", "2010-06-30": "", "2010-03-31": "", "2009-12-31": "", "2009-09-30": "", "2009-06-30": "", "2009-03-31": "", "2008-12-31": "", "2008-09-30": "", "2008-06-30": "", "2008-03-31": "", "2007-12-31": "", "2007-09-30": "", "2007-06-30": "", "2007-03-31": "", "2006-12-31": "", "2006-09-30": "", "2006-06-30": "", "2006-03-31": "", "2005-12-31": "", "2005-09-30": "", "2005-06-30": "", "2005-03-31": ""}, "EBIT Margin": {"2020-09-30": "", "2020-06-30": "", "2020-03-31": "", "2019-12-31": "", "2019-09-30": "", "2019-06-30": "", "2019-03-31": "", "2018-12-31": "", "2018-09-30": "", "2018-06-30": "", "2018-03-31": "", "2017-12-31": "", "2017-09-30": "", "2017-06-30": "", "2017-03-31": "", "2016-12-31": "", "2016-09-30": "", "2016-06-30": "", "2016-03-31": "", "2015-12-31": "", "2015-09-30": "", "2015-06-30": "", "2015-03-31": "", "2014-12-31": "", "2014-09-30": "", "2014-06-30": "", "2014-03-31": "", "2013-12-31": "", "2013-09-30": "", "2013-06-30": "", "2013-03-31": "", "2012-12-31": "", "2012-09-30": "", "2012-06-30": "", "2012-03-31": "", "2011-12-31": "", "2011-09-30": "", "2011-06-30": "", "2011-03-31": "", "2010-12-31": "", "2010-09-30": "", "2010-06-30": "", "2010-03-31": "", "2009-12-31": "", "2009-09-30": "", "2009-06-30": "", "2009-03-31": "", "2008-12-31": "", "2008-09-30": "", "2008-06-30": "", "2008-03-31": "", "2007-12-31": "", "2007-09-30": "", "2007-06-30": "", "2007-03-31": "", "2006-12-31": "", "2006-09-30": "", "2006-06-30": "", "2006-03-31": "", "2005-12-31": "", "2005-09-30": "", "2005-06-30": "", "2005-03-31": ""}, "EBITDA Margin": {"2020-09-30": "", "2020-06-30": "", "2020-03-31": "", "2019-12-31": "", "2019-09-30": "", "2019-06-30": "", "2019-03-31": "", "2018-12-31": "", "2018-09-30": "", "2018-06-30": "", "2018-03-31": "", "2017-12-31": "", "2017-09-30": "", "2017-06-30": "", "2017-03-31": "", "2016-12-31": "", "2016-09-30": "", "2016-06-30": "", "2016-03-31": "", "2015-12-31": "", "2015-09-30": "", "2015-06-30": "", "2015-03-31": "", "2014-12-31": "", "2014-09-30": "", "2014-06-30": "", "2014-03-31": "", "2013-12-31": "", "2013-09-30": "", "2013-06-30": "", "2013-03-31": "", "2012-12-31": "", "2012-09-30": "", "2012-06-30": "", "2012-03-31": "", "2011-12-31": "", "2011-09-30": "", "2011-06-30": "", "2011-03-31": "", "2010-12-31": "", "2010-09-30": "", "2010-06-30": "", "2010-03-31": "", "2009-12-31": "", "2009-09-30": "", "2009-06-30": "", "2009-03-31": "", "2008-12-31": "", "2008-09-30": "", "2008-06-30": "", "2008-03-31": "", "2007-12-31": "", "2007-09-30": "", "2007-06-30": "", "2007-03-31": "", "2006-12-31": "", "2006-09-30": "", "2006-06-30": "", "2006-03-31": "", "2005-12-31": "", "2005-09-30": "", "2005-06-30": "", "2005-03-31": ""}, "Pre-Tax Profit Margin": {"2020-09-30": "34.19250", "2020-06-30": "10.58470", "2020-03-31": "27.06760", "2019-12-31": "31.85660", "2019-09-30": "36.46190", "2019-06-30": "32.42480", "2019-03-31": "35.62710", "2018-12-31": "33.75040", "2018-09-30": "36.50280", "2018-06-30": "37.02980", "2018-03-31": "35.73430", "2017-12-31": "32.76210", "2017-09-30": "36.21950", "2017-06-30": "35.70910", "2017-03-31": "34.36380", "2016-12-31": "32.87350", "2016-09-30": "32.50440", "2016-06-30": "31.86860", "2016-03-31": "33.80180", "2015-12-31": "25.26780", "2015-09-30": "27.99510", "2015-06-30": "31.24720", "2015-03-31": "29.96630", "2014-12-31": "30.11160", "2014-09-30": "32.02720", "2014-06-30": "32.05690", "2014-03-31": "30.02320", "2013-12-31": "31.28580", "2013-09-30": "31.33980", "2013-06-30": "30.49820", "2013-03-31": "30.32740", "2012-12-31": "27.39120", "2012-09-30": "29.52280", "2012-06-30": "26.07280", "2012-03-31": "24.27950", "2011-12-31": "21.21110", "2011-09-30": "32.00550", "2011-06-30": "16.32510", "2011-03-31": "21.61130", "2010-12-31": "17.25220", "2010-09-30": "24.51400", "2010-06-30": "18.32480", "2010-03-31": "23.29390", "2009-12-31": "32.30570", "2009-09-30": "37.09620", "2009-06-30": "10.64950", "2009-03-31": "11.26870", "2008-12-31": "4.03040", "2008-09-30": "-7.69930", "2008-06-30": "21.18670", "2008-03-31": "19.17460", "2007-12-31": "27.13910", "2007-09-30": "18.90970", "2007-06-30": "28.07750", "2007-03-31": "27.66720", "2006-12-31": "28.27890", "2006-09-30": "28.06750", "2006-06-30": "33.27880", "2006-03-31": "35.43800", "2005-12-31": "36.24680", "2005-09-30": "38.16230", "2005-06-30": "29.09490", "2005-03-31": "33.88630"}, "Net Profit Margin": {"2020-09-30": "24.16640", "2020-06-30": "6.76010", "2020-03-31": "18.88640", "2019-12-31": "22.91020", "2019-09-30": "26.29550", "2019-06-30": "23.37280", "2019-03-31": "26.15350", "2018-12-31": "24.32860", "2018-09-30": "26.71950", "2018-06-30": "26.65670", "2018-03-31": "26.43090", "2017-12-31": "22.82460", "2017-09-30": "22.08860", "2017-06-30": "22.01370", "2017-03-31": "21.37540", "2016-12-31": "18.97230", "2016-09-30": "18.91210", "2016-06-30": "18.49570", "2016-03-31": "19.58560", "2015-12-31": "14.28170", "2015-09-30": "15.42780", "2015-06-30": "18.82650", "2015-03-31": "17.81340", "2014-12-31": "17.80960", "2014-09-30": "18.96520", "2014-06-30": "18.79750", "2014-03-31": "17.54230", "2013-12-31": "18.23790", "2013-09-30": "18.33590", "2013-06-30": "17.18200", "2013-03-31": "17.07380", "2012-12-31": "15.41430", "2012-09-30": "16.79820", "2012-06-30": "14.47890", "2012-03-31": "14.12310", "2011-12-31": "12.06630", "2011-09-30": "18.65480", "2011-06-30": "9.22520", "2011-03-31": "12.28140", "2010-12-31": "-1.53490", "2010-09-30": "11.47170", "2010-06-30": "7.10960", "2010-03-31": "10.11990", "2009-12-31": "17.44800", "2009-09-30": "18.57090", "2009-06-30": "1.64290", "2009-03-31": "1.56570", "2008-12-31": "0.62520", "2008-09-30": "-5.09880", "2008-06-30": "13.63430", "2008-03-31": "12.48090", "2007-12-31": "17.97140", "2007-09-30": "13.52120", "2007-06-30": "18.42970", "2007-03-31": "17.77450", "2006-12-31": "18.10400", "2006-09-30": "18.11940", "2006-06-30": "21.01750", "2006-03-31": "22.53980", "2005-12-31": "23.30110", "2005-09-30": "24.21610", "2005-06-30": "18.77500", "2005-03-31": "21.45160"}, "Asset Turnover": {"2020-09-30": "0.00920", "2020-06-30": "0.00670", "2020-03-31": "0.00830", "2019-12-31": "0.01000", "2019-09-30": "0.01060", "2019-06-30": "0.01010", "2019-03-31": "0.01030", "2018-12-31": "0.01020", "2018-09-30": "0.01120", "2018-06-30": "0.01110", "2018-03-31": "0.01060", "2017-12-31": "0.01050", "2017-09-30": "0.01050", "2017-06-30": "0.01060", "2017-03-31": "0.00990", "2016-12-31": "0.01050", "2016-09-30": "0.01030", "2016-06-30": "0.01030", "2016-03-31": "0.00990", "2015-12-31": "0.00970", "2015-09-30": "0.01010", "2015-06-30": "0.01080", "2015-03-31": "0.01030", "2014-12-31": "0.01030", "2014-09-30": "0.01060", "2014-06-30": "0.01040", "2014-03-31": "0.01030", "2013-12-31": "0.01020", "2013-09-30": "0.01050", "2013-06-30": "0.01050", "2013-03-31": "0.01010", "2012-12-31": "0.01020", "2012-09-30": "0.01040", "2012-06-30": "0.00960", "2012-03-31": "0.00960", "2011-12-31": "0.00950", "2011-09-30": "0.00980", "2011-06-30": "0.00790", "2011-03-31": "0.00890", "2010-12-31": "0.00920", "2010-09-30": "0.00940", "2010-06-30": "0.00830", "2010-03-31": "0.00850", "2009-12-31": "0.01090", "2009-09-30": "0.01210", "2009-06-30": "0.00830", "2009-03-31": "0.00800", "2008-12-31": "0.00630", "2008-09-30": "0.00590", "2008-06-30": "0.00830", "2008-03-31": "0.00800", "2007-12-31": "0.00930", "2007-09-30": "0.00780", "2007-06-30": "0.00890", "2007-03-31": "0.00880", "2006-12-31": "0.00870", "2006-09-30": "0.00870", "2006-06-30": "0.00910", "2006-03-31": "0.01010", "2005-12-31": "0.00980", "2005-09-30": "0.01030", "2005-06-30": "0.00890", "2005-03-31": "0.00990"}, "Inventory Turnover Ratio": {"2020-09-30": "", "2020-06-30": "", "2020-03-31": "", "2019-12-31": "", "2019-09-30": "", "2019-06-30": "", "2019-03-31": "", "2018-12-31": "", "2018-09-30": "", "2018-06-30": "", "2018-03-31": "", "2017-12-31": "", "2017-09-30": "", "2017-06-30": "", "2017-03-31": "", "2016-12-31": "", "2016-09-30": "", "2016-06-30": "", "2016-03-31": "", "2015-12-31": "", "2015-09-30": "", "2015-06-30": "", "2015-03-31": "", "2014-12-31": "", "2014-09-30": "", "2014-06-30": "", "2014-03-31": "", "2013-12-31": "", "2013-09-30": "", "2013-06-30": "", "2013-03-31": "", "2012-12-31": "", "2012-09-30": "", "2012-06-30": "", "2012-03-31": "", "2011-12-31": "", "2011-09-30": "", "2011-06-30": "", "2011-03-31": "", "2010-12-31": "", "2010-09-30": "", "2010-06-30": "", "2010-03-31": "", "2009-12-31": "", "2009-09-30": "", "2009-06-30": "", "2009-03-31": "", "2008-12-31": "", "2008-09-30": "", "2008-06-30": "", "2008-03-31": "", "2007-12-31": "", "2007-09-30": "", "2007-06-30": "", "2007-03-31": "", "2006-12-31": "", "2006-09-30": "", "2006-06-30": "", "2006-03-31": "", "2005-12-31": "", "2005-09-30": "", "2005-06-30": "", "2005-03-31": ""}, "Receiveable Turnover": {"2020-09-30": "", "2020-06-30": "", "2020-03-31": "", "2019-12-31": "", "2019-09-30": "", "2019-06-30": "", "2019-03-31": "", "2018-12-31": "", "2018-09-30": "", "2018-06-30": "", "2018-03-31": "", "2017-12-31": "", "2017-09-30": "", "2017-06-30": "", "2017-03-31": "", "2016-12-31": "", "2016-09-30": "", "2016-06-30": "", "2016-03-31": "", "2015-12-31": "", "2015-09-30": "", "2015-06-30": "", "2015-03-31": "", "2014-12-31": "", "2014-09-30": "", "2014-06-30": "", "2014-03-31": "", "2013-12-31": "", "2013-09-30": "", "2013-06-30": "", "2013-03-31": "", "2012-12-31": "", "2012-09-30": "", "2012-06-30": "", "2012-03-31": "", "2011-12-31": "", "2011-09-30": "", "2011-06-30": "", "2011-03-31": "", "2010-12-31": "", "2010-09-30": "", "2010-06-30": "", "2010-03-31": "", "2009-12-31": "", "2009-09-30": "", "2009-06-30": "", "2009-03-31": "", "2008-12-31": "", "2008-09-30": "", "2008-06-30": "", "2008-03-31": "", "2007-12-31": "", "2007-09-30": "", "2007-06-30": "", "2007-03-31": "", "2006-12-31": "", "2006-09-30": "", "2006-06-30": "", "2006-03-31": "", "2005-12-31": "", "2005-09-30": "", "2005-06-30": "", "2005-03-31": ""}, "Days Sales In Receivables": {"2020-09-30": "", "2020-06-30": "", "2020-03-31": "", "2019-12-31": "", "2019-09-30": "", "2019-06-30": "", "2019-03-31": "", "2018-12-31": "", "2018-09-30": "", "2018-06-30": "", "2018-03-31": "", "2017-12-31": "", "2017-09-30": "", "2017-06-30": "", "2017-03-31": "", "2016-12-31": "", "2016-09-30": "", "2016-06-30": "", "2016-03-31": "", "2015-12-31": "", "2015-09-30": "", "2015-06-30": "", "2015-03-31": "", "2014-12-31": "", "2014-09-30": "", "2014-06-30": "", "2014-03-31": "", "2013-12-31": "", "2013-09-30": "", "2013-06-30": "", "2013-03-31": "", "2012-12-31": "", "2012-09-30": "", "2012-06-30": "", "2012-03-31": "", "2011-12-31": "", "2011-09-30": "", "2011-06-30": "", "2011-03-31": "", "2010-12-31": "", "2010-09-30": "", "2010-06-30": "", "2010-03-31": "", "2009-12-31": "", "2009-09-30": "", "2009-06-30": "", "2009-03-31": "", "2008-12-31": "", "2008-09-30": "", "2008-06-30": "", "2008-03-31": "", "2007-12-31": "", "2007-09-30": "", "2007-06-30": "", "2007-03-31": "", "2006-12-31": "", "2006-09-30": "", "2006-06-30": "", "2006-03-31": "", "2005-12-31": "", "2005-09-30": "", "2005-06-30": "", "2005-03-31": ""}, "ROE - Return On Equity": {"2020-09-30": "2.93080", "2020-06-30": "0.60540", "2020-03-31": "1.75680", "2019-12-31": "2.41050", "2019-09-30": "2.90220", "2019-06-30": "2.45240", "2019-03-31": "2.74550", "2018-12-31": "2.53480", "2018-09-30": "3.00990", "2018-06-30": "3.00420", "2018-03-31": "2.82090", "2017-12-31": "2.41170", "2017-09-30": "2.35730", "2017-06-30": "2.39080", "2017-03-31": "2.32240", "2016-12-31": "2.23400", "2016-09-30": "2.19190", "2016-06-30": "2.10940", "2016-03-31": "2.26610", "2015-12-31": "1.69020", "2015-09-30": "1.84010", "2015-06-30": "2.17670", "2015-03-31": "1.94810", "2014-12-31": "1.96220", "2014-09-30": "2.11480", "2014-06-30": "2.05910", "2014-03-31": "1.90220", "2013-12-31": "1.98910", "2013-09-30": "2.03560", "2013-06-30": "2.06650", "2013-03-31": "1.94340", "2012-12-31": "1.84790", "2012-09-30": "2.03810", "2012-06-30": "1.65580", "2012-03-31": "1.53540", "2011-12-31": "1.28670", "2011-09-30": "2.04280", "2011-06-30": "0.82530", "2011-03-31": "1.16860", "2010-12-31": "1.02420", "2010-09-30": "1.80790", "2010-06-30": "1.18450", "2010-03-31": "1.48420", "2009-12-31": "3.29900", "2009-09-30": "3.89220", "2009-06-30": "0.83790", "2009-03-31": "0.81450", "2008-12-31": "0.24910", "2008-09-30": "-0.32210", "2008-06-30": "1.50540", "2008-03-31": "1.28830", "2007-12-31": "2.11520", "2007-09-30": "1.37390", "2007-06-30": "2.13840", "2007-03-31": "2.01180", "2006-12-31": "1.94090", "2006-09-30": "1.94670", "2006-06-30": "2.43990", "2006-03-31": "2.91210", "2005-12-31": "2.97110", "2005-09-30": "3.21190", "2005-06-30": "2.17380", "2005-03-31": "2.78770"}, "Return On Tangible Equity": {"2020-09-30": "3.16490", "2020-06-30": "0.65540", "2020-03-31": "2.08490", "2019-12-31": "2.86640", "2019-09-30": "3.40350", "2019-06-30": "2.89350", "2019-03-31": "3.23960", "2018-12-31": "3.01160", "2018-09-30": "3.51630", "2018-06-30": "3.47820", "2018-03-31": "3.28270", "2017-12-31": "2.79890", "2017-09-30": "2.74790", "2017-06-30": "2.79770", "2017-03-31": "2.60040", "2016-12-31": "2.51050", "2016-09-30": "2.45020", "2016-06-30": "2.36520", "2016-03-31": "2.57070", "2015-12-31": "1.91300", "2015-09-30": "2.08670", "2015-06-30": "2.40120", "2015-03-31": "2.30800", "2014-12-31": "2.31760", "2014-09-30": "2.51100", "2014-06-30": "2.40940", "2014-03-31": "2.22820", "2013-12-31": "2.34190", "2013-09-30": "2.37520", "2013-06-30": "2.35040", "2013-03-31": "2.19150", "2012-12-31": "2.09190", "2012-09-30": "2.29540", "2012-06-30": "1.86830", "2012-03-31": "1.70850", "2011-12-31": "1.58070", "2011-09-30": "2.50970", "2011-06-30": "0.99700", "2011-03-31": "1.41490", "2010-12-31": "1.24300", "2010-09-30": "1.81440", "2010-06-30": "1.18970", "2010-03-31": "1.49160", "2009-12-31": "3.32550", "2009-09-30": "3.92490", "2009-06-30": "0.84470", "2009-03-31": "0.82250", "2008-12-31": "0.25200", "2008-09-30": "-0.47290", "2008-06-30": "2.46990", "2008-03-31": "2.10880", "2007-12-31": "3.51040", "2007-09-30": "2.28400", "2007-06-30": "3.56730", "2007-03-31": "3.33650", "2006-12-31": "3.10890", "2006-09-30": "3.15550", "2006-06-30": "4.10690", "2006-03-31": "4.32710", "2005-12-31": "4.51080", "2005-09-30": "4.93730", "2005-06-30": "3.39900", "2005-03-31": "4.53490"}, "ROA - Return On Assets": {"2020-09-30": "0.24540", "2020-06-30": "0.04970", "2020-03-31": "0.16190", "2019-12-31": "0.23470", "2019-09-30": "0.28390", "2019-06-30": "0.24220", "2019-03-31": "0.27550", "2018-12-31": "0.25490", "2018-09-30": "0.30500", "2018-06-30": "0.30400", "2018-03-31": "0.28810", "2017-12-31": "0.24640", "2017-09-30": "0.23990", "2017-06-30": "0.24100", "2017-03-31": "0.22650", "2016-12-31": "0.21270", "2016-09-30": "0.20980", "2016-06-30": "0.20490", "2016-03-31": "0.20910", "2015-12-31": "0.15500", "2015-09-30": "0.17410", "2015-06-30": "0.21080", "2015-03-31": "0.19170", "2014-12-31": "0.19060", "2014-09-30": "0.20980", "2014-06-30": "0.20400", "2014-03-31": "0.18930", "2013-12-31": "0.19500", "2013-09-30": "0.20110", "2013-06-30": "0.19480", "2013-03-31": "0.18770", "2012-12-31": "0.17170", "2012-09-30": "0.18980", "2012-06-30": "0.15440", "2012-03-31": "0.14350", "2011-12-31": "0.12090", "2011-09-30": "0.18980", "2011-06-30": "0.08040", "2011-03-31": "0.11640", "2010-12-31": "0.10160", "2010-09-30": "0.14250", "2010-06-30": "0.09490", "2010-03-31": "0.12470", "2009-12-31": "0.23060", "2009-09-30": "0.26360", "2009-06-30": "0.05770", "2009-03-31": "0.05880", "2008-12-31": "0.01830", "2008-09-30": "-0.02480", "2008-06-30": "0.11360", "2008-03-31": "0.09970", "2007-12-31": "0.16700", "2007-09-30": "0.10480", "2007-06-30": "0.16480", "2007-03-31": "0.15590", "2006-12-31": "0.15680", "2006-09-30": "0.15700", "2006-06-30": "0.19200", "2006-03-31": "0.22680", "2005-12-31": "0.22820", "2005-09-30": "0.24970", "2005-06-30": "0.16710", "2005-03-31": "0.21340"}, "ROI - Return On Investment": {"2020-09-30": "2.03580", "2020-06-30": "0.41740", "2020-03-31": "1.28780", "2019-12-31": "1.79130", "2019-09-30": "2.13610", "2019-06-30": "1.78870", "2019-03-31": "2.15490", "2018-12-31": "1.96480", "2018-09-30": "2.33010", "2018-06-30": "2.38540", "2018-03-31": "2.23320", "2017-12-31": "1.89180", "2017-09-30": "1.84690", "2017-06-30": "1.84900", "2017-03-31": "1.71890", "2016-12-31": "1.62980", "2016-09-30": "1.60550", "2016-06-30": "1.53090", "2016-03-31": "1.60280", "2015-12-31": "1.17370", "2015-09-30": "1.27720", "2015-06-30": "1.50370", "2015-03-31": "1.44310", "2014-12-31": "1.43590", "2014-09-30": "1.62880", "2014-06-30": "1.58510", "2014-03-31": "1.42520", "2013-12-31": "1.46720", "2013-09-30": "1.49330", "2013-06-30": "1.46050", "2013-03-31": "1.36600", "2012-12-31": "1.28390", "2012-09-30": "1.34420", "2012-06-30": "0.94000", "2012-03-31": "0.82560", "2011-12-31": "0.66930", "2011-09-30": "1.05390", "2011-06-30": "0.42030", "2011-03-31": "0.63020", "2010-12-31": "0.54700", "2010-09-30": "0.78970", "2010-06-30": "0.51880", "2010-03-31": "0.64260", "2009-12-31": "1.66120", "2009-09-30": "1.91280", "2009-06-30": "0.40330", "2009-03-31": "0.38930", "2008-12-31": "0.11350", "2008-09-30": "-0.17120", "2008-06-30": "0.77410", "2008-03-31": "0.70790", "2007-12-31": "1.18630", "2007-09-30": "0.75270", "2007-06-30": "1.20660", "2007-03-31": "1.20940", "2006-12-31": "1.19100", "2006-09-30": "1.21670", "2006-06-30": "1.57910", "2006-03-31": "1.86490", "2005-12-31": "1.85790", "2005-09-30": "2.02550", "2005-06-30": "1.28580", "2005-03-31": "1.60390"}, "Book Value Per Share": {"2020-09-30": "70.72830", "2020-06-30": "69.30590", "2020-03-31": "64.30430", "2019-12-31": "63.83820", "2019-09-30": "62.44180", "2019-06-30": "60.82710", "2019-03-31": "59.53450", "2018-12-31": "57.92740", "2018-09-30": "56.40280", "2018-06-30": "55.15580", "2018-03-31": "53.88310", "2017-12-31": "53.19290", "2017-09-30": "52.09580", "2017-06-30": "50.97770", "2017-03-31": "52.66230", "2016-12-31": "51.95770", "2016-09-30": "51.71560", "2016-06-30": "50.82620", "2016-03-31": "49.84530", "2015-12-31": "48.61780", "2015-09-30": "48.32190", "2015-06-30": "47.50680", "2015-03-31": "44.96890", "2014-12-31": "44.22220", "2014-09-30": "43.44540", "2014-06-30": "42.92390", "2014-03-31": "41.94090", "2013-12-31": "41.21230", "2013-09-30": "47.15630", "2013-06-30": "48.68550", "2013-03-31": "49.32430", "2012-12-31": "48.96370", "2012-09-30": "48.37670", "2012-06-30": "47.39180", "2012-03-31": "46.51330", "2011-12-31": "42.90210", "2011-09-30": "42.53940", "2011-06-30": "42.11240", "2011-03-31": "41.58570", "2010-12-31": "41.20440", "2010-09-30": "44.91760", "2010-06-30": "44.54820", "2010-03-31": "43.96440", "2009-12-31": "47.03760", "2009-09-30": "45.88980", "2009-06-30": "44.41520", "2009-03-31": "44.46600", "2008-12-31": "44.89510", "2008-09-30": "34.15760", "2008-06-30": "", "2008-03-31": "", "2007-12-31": "31.56450", "2007-09-30": "", "2007-06-30": "", "2007-03-31": "", "2006-12-31": "30.37730", "2006-09-30": "", "2006-06-30": "", "2006-03-31": "", "2005-12-31": "26.22740", "2005-09-30": "", "2005-06-30": "", "2005-03-31": ""}, "Operating Cash Flow Per Share": {"2020-09-30": -0.9142, "2020-06-30": 0.1508, "2020-03-31": "-6.52650", "2019-12-31": 5.0159, "2019-09-30": -0.787, "2019-06-30": -1.1447, "2019-03-31": "1.53220", "2018-12-31": 2.0352, "2018-09-30": 2.7713, "2018-06-30": 1.3969, "2018-03-31": "0.38980", "2017-12-31": 4.4605, "2017-09-30": 0.4015, "2017-06-30": -0.0949, "2017-03-31": "2.31800", "2016-12-31": 7.2121, "2016-09-30": 0.2575, "2016-06-30": -3.0131, "2016-03-31": "1.27330", "2015-12-31": 0.5228, "2015-09-30": 1.6234, "2015-06-30": 1.0238, "2015-03-31": "-2.41970", "2014-12-31": 0.9069, "2014-09-30": 0.6611, "2014-06-30": -0.7094, "2014-03-31": "3.20020", "2013-12-31": 1.3556, "2013-09-30": 4.2796, "2013-06-30": -1.9012, "2013-03-31": "2.01620", "2012-12-31": 4.7138, "2012-09-30": 8.3349, "2012-06-30": -7.7977, "2012-03-31": "0.34200", "2011-12-31": -0.7826, "2011-09-30": -2.3182, "2011-06-30": 0.4356, "2011-03-31": "8.21790", "2010-12-31": -2.183, "2010-09-30": 0.2864, "2010-06-30": -0.1254, "2010-03-31": "5.95020", "2009-12-31": -2.8362, "2009-09-30": 0.3941, "2009-06-30": -23.8136, "2009-03-31": "-5.66790", "2008-12-31": 0.4859, "2008-09-30": 2.8073, "2008-06-30": 0.9816, "2008-03-31": "1.99480", "2007-12-31": 1.3344, "2007-09-30": 2.1746, "2007-06-30": -0.6276, "2007-03-31": "1.75440", "2006-12-31": -5.6695, "2006-09-30": 2.7195, "2006-06-30": -2.3655, "2006-03-31": "6.91200", "2005-12-31": 2.0112, "2005-09-30": 1.44, "2005-06-30": 1.4478, "2005-03-31": "-0.09540"}, "Free Cash Flow Per Share": {"2020-09-30": -1.1937, "2020-06-30": -0.1393, "2020-03-31": "-6.89400", "2019-12-31": 4.4877, "2019-09-30": -1.1367, "2019-06-30": -1.4525, "2019-03-31": "1.29440", "2018-12-31": 1.7607, "2018-09-30": 2.4172, "2018-06-30": 1.0352, "2018-03-31": "0.18670", "2017-12-31": 4.1137, "2017-09-30": 0.1682, "2017-06-30": -0.3672, "2017-03-31": "2.12620", "2016-12-31": 7.0945, "2016-09-30": 0.2063, "2016-06-30": -3.3034, "2016-03-31": "1.10730", "2015-12-31": 0.2486, "2015-09-30": 1.5534, "2015-06-30": 0.6459, "2015-03-31": "-2.53440", "2014-12-31": 0.7657, "2014-09-30": 0.3936, "2014-06-30": -0.901, "2014-03-31": "3.05040", "2013-12-31": 1.0842, "2013-09-30": 4.0591, "2013-06-30": -2.0324, "2013-03-31": "1.88460", "2012-12-31": 4.1018, "2012-09-30": 8.0185, "2012-06-30": -8.2224, "2012-03-31": "0.14770", "2011-12-31": -1.3934, "2011-09-30": -2.3835, "2011-06-30": -0.4401, "2011-03-31": "7.97080", "2010-12-31": -2.6543, "2010-09-30": -0.052, "2010-06-30": -0.2027, "2010-03-31": "5.87080", "2009-12-31": -2.9119, "2009-09-30": 0.1583, "2009-06-30": -24.0394, "2009-03-31": "-5.82430", "2008-12-31": 0.3025, "2008-09-30": 2.577, "2008-06-30": 0.6194, "2008-03-31": "1.58410", "2007-12-31": 1.1634, "2007-09-30": 1.6901, "2007-06-30": -1.1552, "2007-03-31": "1.21660", "2006-12-31": -3.8222, "2006-09-30": 1.9229, "2006-06-30": -3.0207, "2006-03-31": "6.51650", "2005-12-31": 1.4785, "2005-09-30": 0.9122, "2005-06-30": 0.9725, "2005-03-31": "-0.49100"}}, "revenue": {"Wintrust Financial Annual Revenue (Millions of US $)": {"2020": "$1,897", "2019": "$1,792", "2018": "$1,527", "2017": "$1,266", "2016": "$1,138", "2015": "$990", "2014": "$887", "2013": "$853", "2012": "$853", "2011": "$795", "2010": "$785", "2009": "$845", "2008": "$614", "2007": "$692", "2006": "$649", "2005": "$501"}, "Wintrust Financial Quarterly Revenue (Millions of US $)": {"2020-12-31": "$466", "2020-09-30": "$482", "2020-06-30": "$492", "2020-03-31": "$457", "2019-12-31": "$462", "2019-09-30": "$470", "2019-06-30": "$445", "2019-03-31": "$416", "2018-12-31": "$396", "2018-09-30": "$405", "2018-06-30": "$379", "2018-03-31": "$347", "2017-12-31": "$333", "2017-09-30": "$327", "2017-06-30": "$321", "2017-03-31": "$285", "2016-12-31": "$300", "2016-09-30": "$295", "2016-06-30": "$282", "2016-03-31": "$261", "2015-12-31": "$253", "2015-09-30": "$250", "2015-06-30": "$252", "2015-03-31": "$235", "2014-12-31": "$230", "2014-09-30": "$229", "2014-06-30": "$221", "2014-03-31": "$207", "2013-12-31": "$207", "2013-09-30": "$216", "2013-06-30": "$221", "2013-03-31": "$210", "2012-12-31": "$222", "2012-09-30": "$221", "2012-06-30": "$207", "2012-03-31": "$204", "2011-12-31": "$203", "2011-09-30": "$222", "2011-06-30": "$182", "2011-03-31": "$189", "2010-12-31": "$198", "2010-09-30": "$202", "2010-06-30": "$200", "2010-03-31": "$185", "2009-12-31": "$222", "2009-09-30": "$292", "2009-06-30": "$173", "2009-03-31": "$159", "2008-12-31": "$145", "2008-09-30": "$149", "2008-06-30": "$160", "2008-03-31": "$161", "2007-12-31": "$180", "2007-09-30": "$166", "2007-06-30": "$174", "2007-03-31": "$172", "2006-12-31": "$173", "2006-09-30": "$168", "2006-06-30": "$159", "2006-03-31": "$149", "2005-12-31": "$139", "2005-09-30": "$135", "2005-06-30": "$115", "2005-03-31": "$112"}}, "gross-profit": {"Wintrust Financial Annual Gross Profit (Millions of US $)": {"2020": "$1,644", "2019": "$1,462", "2018": "$1,321", "2017": "$1,152", "2016": "$1,048", "2015": "$913", "2014": "$814", "2013": "$773", "2012": "$746", "2011": "$651", "2010": "$608", "2009": "$630", "2008": "$344", "2007": "$341", "2006": "$340", "2005": "$310"}, "Wintrust Financial Quarterly Gross Profit (Millions of US $)": {"2020-12-31": "$418", "2020-09-30": "$427", "2020-06-30": "$425", "2020-03-31": "$375", "2019-12-31": "$374", "2019-09-30": "$380", "2019-06-30": "$364", "2019-03-31": "$344", "2018-12-31": "$329", "2018-09-30": "$347", "2018-06-30": "$333", "2018-03-31": "$311", "2017-12-31": "$300", "2017-09-30": "$296", "2017-06-30": "$294", "2017-03-31": "$261", "2016-12-31": "$276", "2016-09-30": "$271", "2016-06-30": "$260", "2016-03-31": "$240", "2015-12-31": "$232", "2015-09-30": "$230", "2015-06-30": "$234", "2015-03-31": "$216", "2014-12-31": "$211", "2014-09-30": "$210", "2014-06-30": "$203", "2014-03-31": "$190", "2013-12-31": "$189", "2013-09-30": "$196", "2013-06-30": "$200", "2013-03-31": "$188", "2012-12-31": "$198", "2012-09-30": "$196", "2012-06-30": "$179", "2012-03-31": "$173", "2011-12-31": "$170", "2011-09-30": "$186", "2011-06-30": "$145", "2011-03-31": "$151", "2010-12-31": "$157", "2010-09-30": "$158", "2010-06-30": "$155", "2010-03-31": "$138", "2009-12-31": "$172", "2009-09-30": "$238", "2009-06-30": "$118", "2009-03-31": "$101", "2008-12-31": "$82", "2008-09-30": "$83", "2008-06-30": "$93", "2008-03-31": "$86", "2007-12-31": "$93", "2007-09-30": "$78", "2007-06-30": "$86", "2007-03-31": "$84", "2006-12-31": "$85", "2006-09-30": "$84", "2006-06-30": "$86", "2006-03-31": "$86", "2005-12-31": "$81", "2005-09-30": "$84", "2005-06-30": "$70", "2005-03-31": "$74"}}, "operating-income": {"Wintrust Financial Annual Operating Income (Millions of US $)": {"2020": "$390", "2019": "$480", "2018": "$460", "2017": "$390", "2016": "$332", "2015": "$252", "2014": "$246", "2013": "$224", "2012": "$180", "2011": "$128", "2010": "$101", "2009": "$118", "2008": "$31", "2007": "$84", "2006": "$104", "2005": "$105"}, "Wintrust Financial Quarterly Operating Income (Millions of US $)": {"2020-12-31": "$135", "2020-09-30": "$137", "2020-06-30": "$31", "2020-03-31": "$87", "2019-12-31": "$117", "2019-09-30": "$135", "2019-06-30": "$110", "2019-03-31": "$119", "2018-12-31": "$108", "2018-09-30": "$123", "2018-06-30": "$122", "2018-03-31": "$108", "2017-12-31": "$96", "2017-09-30": "$104", "2017-06-30": "$102", "2017-03-31": "$88", "2016-12-31": "$88", "2016-09-30": "$85", "2016-06-30": "$80", "2016-03-31": "$78", "2015-12-31": "$56", "2015-09-30": "$62", "2015-06-30": "$70", "2015-03-31": "$63", "2014-12-31": "$62", "2014-09-30": "$65", "2014-06-30": "$63", "2014-03-31": "$56", "2013-12-31": "$58", "2013-09-30": "$58", "2013-06-30": "$56", "2013-03-31": "$52", "2012-12-31": "$49", "2012-09-30": "$52", "2012-06-30": "$41", "2012-03-31": "$38", "2011-12-31": "$32", "2011-09-30": "$50", "2011-06-30": "$19", "2011-03-31": "$27", "2010-12-31": "$22", "2010-09-30": "$32", "2010-06-30": "$21", "2010-03-31": "$25", "2009-12-31": "$43", "2009-09-30": "$55", "2009-06-30": "$10", "2009-03-31": "$10", "2008-12-31": "$10", "2008-09-30": "$-5", "2008-06-30": "$18", "2008-03-31": "$15", "2007-12-31": "$27", "2007-09-30": "$14", "2007-06-30": "$23", "2007-03-31": "$23", "2006-12-31": "$23", "2006-09-30": "$23", "2006-06-30": "$28", "2006-03-31": "$30", "2005-12-31": "$29", "2005-09-30": "$31", "2005-06-30": "$20", "2005-03-31": "$25"}}, "ebitda": {"Wintrust Financial Annual EBITDA (Millions of US $)": {"2019": "$", "2018": "$", "2017": "$", "2016": "$", "2015": "$", "2014": "$", "2013": "$", "2012": "$", "2011": "$", "2010": "$", "2009": "$", "2008": "$", "2007": "$", "2006": "$", "2005": "$"}, "Wintrust Financial Quarterly EBITDA (Millions of US $)": {"2020-09-30": "", "2020-06-30": "", "2020-03-31": "", "2019-12-31": "", "2019-09-30": "", "2019-06-30": "", "2019-03-31": "", "2018-12-31": "", "2018-09-30": "", "2018-06-30": "", "2018-03-31": "", "2017-12-31": "", "2017-09-30": "", "2017-06-30": "", "2017-03-31": "", "2016-12-31": "", "2016-09-30": "", "2016-06-30": "", "2016-03-31": "", "2015-12-31": "", "2015-09-30": "", "2015-06-30": "", "2015-03-31": "", "2014-12-31": "", "2014-09-30": "", "2014-06-30": "", "2014-03-31": "", "2013-12-31": "", "2013-09-30": "", "2013-06-30": "", "2013-03-31": "", "2012-12-31": "", "2012-09-30": "", "2012-06-30": "", "2012-03-31": "", "2011-12-31": "", "2011-09-30": "", "2011-06-30": "", "2011-03-31": "", "2010-12-31": "", "2010-09-30": "", "2010-06-30": "", "2010-03-31": "", "2009-12-31": "", "2009-09-30": "", "2009-06-30": "", "2009-03-31": "", "2008-12-31": "", "2008-09-30": "", "2008-06-30": "", "2008-03-31": "", "2007-12-31": "", "2007-09-30": "", "2007-06-30": "", "2007-03-31": "", "2006-12-31": "", "2006-09-30": "", "2006-06-30": "", "2006-03-31": "", "2005-12-31": "", "2005-09-30": "", "2005-06-30": "", "2005-03-31": ""}}, "net-income": {"Wintrust Financial Annual Net Income (Millions of US $)": {"2020": "$272", "2019": "$347", "2018": "$335", "2017": "$248", "2016": "$192", "2015": "$146", "2014": "$145", "2013": "$129", "2012": "$102", "2011": "$73", "2010": "$32", "2009": "$54", "2008": "$18", "2007": "$56", "2006": "$66", "2005": "$67"}, "Wintrust Financial Quarterly Net Income (Millions of US $)": {"2020-12-31": "$94", "2020-09-30": "$97", "2020-06-30": "$20", "2020-03-31": "$61", "2019-12-31": "$84", "2019-09-30": "$97", "2019-06-30": "$79", "2019-03-31": "$87", "2018-12-31": "$78", "2018-09-30": "$90", "2018-06-30": "$88", "2018-03-31": "$80", "2017-12-31": "$67", "2017-09-30": "$64", "2017-06-30": "$63", "2017-03-31": "$55", "2016-12-31": "$51", "2016-09-30": "$49", "2016-06-30": "$46", "2016-03-31": "$45", "2015-12-31": "$32", "2015-09-30": "$34", "2015-06-30": "$42", "2015-03-31": "$37", "2014-12-31": "$37", "2014-09-30": "$39", "2014-06-30": "$37", "2014-03-31": "$33", "2013-12-31": "$34", "2013-09-30": "$34", "2013-06-30": "$32", "2013-03-31": "$29", "2012-12-31": "$28", "2012-09-30": "$30", "2012-06-30": "$23", "2012-03-31": "$22", "2011-12-31": "$18", "2011-09-30": "$29", "2011-06-30": "$11", "2011-03-31": "$15", "2010-12-31": "$-2", "2010-09-30": "$15", "2010-06-30": "$8", "2010-03-31": "$11", "2009-12-31": "$23", "2009-09-30": "$27", "2009-06-30": "$2", "2009-03-31": "$1", "2008-12-31": "$0", "2008-09-30": "$-3", "2008-06-30": "$11", "2008-03-31": "$10", "2007-12-31": "$16", "2007-09-30": "$10", "2007-06-30": "$15", "2007-03-31": "$15", "2006-12-31": "$15", "2006-09-30": "$15", "2006-06-30": "$18", "2006-03-31": "$19", "2005-12-31": "$19", "2005-09-30": "$20", "2005-06-30": "$13", "2005-03-31": "$16"}}, "eps-earnings-per-share-diluted": {"Wintrust Financial Annual EPS": {"2020": "$4.68", "2019": "$6.03", "2018": "$5.86", "2017": "$4.40", "2016": "$3.66", "2015": "$2.93", "2014": "$2.98", "2013": "$2.75", "2012": "$2.31", "2011": "$1.67", "2010": "$1.02", "2009": "$2.18", "2008": "$0.76", "2007": "$2.24", "2006": "$2.56", "2005": "$2.75"}, "Wintrust Financial Quarterly EPS": {"2020-12-31": "$1.63", "2020-09-30": "$1.67", "2020-06-30": "$0.34", "2020-03-31": "$1.04", "2019-12-31": "$1.44", "2019-09-30": "$1.69", "2019-06-30": "$1.38", "2019-03-31": "$1.52", "2018-12-31": "$1.36", "2018-09-30": "$1.57", "2018-06-30": "$1.53", "2018-03-31": "$1.40", "2017-12-31": "$1.17", "2017-09-30": "$1.12", "2017-06-30": "$1.11", "2017-03-31": "$1.00", "2016-12-31": "$0.94", "2016-09-30": "$0.92", "2016-06-30": "$0.90", "2016-03-31": "$0.90", "2015-12-31": "$0.63", "2015-09-30": "$0.69", "2015-06-30": "$0.85", "2015-03-31": "$0.76", "2014-12-31": "$0.75", "2014-09-30": "$0.79", "2014-06-30": "$0.76", "2014-03-31": "$0.68", "2013-12-31": "$0.70", "2013-09-30": "$0.71", "2013-06-30": "$0.69", "2013-03-31": "$0.65", "2012-12-31": "$0.63", "2012-09-30": "$0.66", "2012-06-30": "$0.52", "2012-03-31": "$0.50", "2011-12-31": "$0.41", "2011-09-30": "$0.65", "2011-06-30": "$0.25", "2011-03-31": "$0.36", "2010-12-31": "$-0.11", "2010-09-30": "$0.47", "2010-06-30": "$0.25", "2010-03-31": "$0.41", "2009-12-31": "$0.99", "2009-09-30": "$1.07", "2009-06-30": "$0.06", "2009-03-31": "$0.06", "2008-12-31": "$0.02", "2008-09-30": "$-0.13", "2008-06-30": "$0.47", "2008-03-31": "$0.40", "2007-12-31": "$0.65", "2007-09-30": "$0.40", "2007-06-30": "$0.62", "2007-03-31": "$0.57", "2006-12-31": "$0.55", "2006-09-30": "$0.56", "2006-06-30": "$0.69", "2006-03-31": "$0.76", "2005-12-31": "$0.74", "2005-09-30": "$0.80", "2005-06-30": "$0.53", "2005-03-31": "$0.68"}}, "shares-outstanding": {"Wintrust Financial Annual Shares Outstanding (Millions of Shares)": {"2020": "58", "2019": "58", "2018": "57", "2017": "57", "2016": "54", "2015": "52", "2014": "51", "2013": "50", "2012": "48", "2011": "44", "2010": "32", "2009": "26", "2008": "24", "2007": "25", "2006": "26", "2005": "24"}, "Wintrust Financial Quarterly Shares Outstanding (Millions of Shares)": {"2020-12-31": "58", "2020-09-30": "58", "2020-06-30": "58", "2020-03-31": "58", "2019-12-31": "58", "2019-09-30": "57", "2019-06-30": "57", "2019-03-31": "57", "2018-12-31": "57", "2018-09-30": "57", "2018-06-30": "57", "2018-03-31": "57", "2017-12-31": "57", "2017-09-30": "57", "2017-06-30": "57", "2017-03-31": "56", "2016-12-31": "54", "2016-09-30": "56", "2016-06-30": "53", "2016-03-31": "52", "2015-12-31": "52", "2015-09-30": "52", "2015-06-30": "52", "2015-03-31": "51", "2014-12-31": "51", "2014-09-30": "51", "2014-06-30": "51", "2014-03-31": "51", "2013-12-31": "50", "2013-09-30": "50", "2013-06-30": "50", "2013-03-31": "49", "2012-12-31": "48", "2012-09-30": "49", "2012-06-30": "44", "2012-03-31": "44", "2011-12-31": "44", "2011-09-30": "46", "2011-06-30": "43", "2011-03-31": "43", "2010-12-31": "32", "2010-09-30": "32", "2010-06-30": "32", "2010-03-31": "27", "2009-12-31": "26", "2009-09-30": "27", "2009-06-30": "24", "2009-03-31": "24", "2008-12-31": "24", "2008-09-30": "24", "2008-06-30": "24", "2008-03-31": "24", "2007-12-31": "25", "2007-09-30": "25", "2007-06-30": "25", "2007-03-31": "26", "2006-12-31": "26", "2006-09-30": "27", "2006-06-30": "26", "2006-03-31": "25", "2005-12-31": "24", "2005-09-30": "25", "2005-06-30": "25", "2005-03-31": "23"}}, "total-assets": {"Wintrust Financial Annual Total Assets (Millions of US $)": {"2019": "$36,621", "2018": "$31,245", "2017": "$27,916", "2016": "$25,669", "2015": "$22,909", "2014": "$20,011", "2013": "$18,098", "2012": "$17,520", "2011": "$15,894", "2010": "$13,980", "2009": "$12,216", "2008": "$10,658", "2007": "$9,369", "2006": "$9,572", "2005": "$8,177"}, "Wintrust Financial Quarterly Total Assets (Millions of US $)": {"2020-09-30": "$43,732", "2020-06-30": "$43,540", "2020-03-31": "$38,800", "2019-12-31": "$36,621", "2019-09-30": "$34,912", "2019-06-30": "$33,642", "2019-03-31": "$32,359", "2018-12-31": "$31,245", "2018-09-30": "$30,143", "2018-06-30": "$29,465", "2018-03-31": "$28,457", "2017-12-31": "$27,916", "2017-09-30": "$27,358", "2017-06-30": "$26,929", "2017-03-31": "$25,779", "2016-12-31": "$25,669", "2016-09-30": "$25,322", "2016-06-30": "$24,421", "2016-03-31": "$23,488", "2015-12-31": "$22,909", "2015-09-30": "$22,035", "2015-06-30": "$20,790", "2015-03-31": "$20,372", "2014-12-31": "$20,011", "2014-09-30": "$19,169", "2014-06-30": "$18,896", "2014-03-31": "$18,221", "2013-12-31": "$18,098", "2013-09-30": "$17,683", "2013-06-30": "$17,614", "2013-03-31": "$17,074", "2012-12-31": "$17,520", "2012-09-30": "$17,019", "2012-06-30": "$16,576", "2012-03-31": "$16,172", "2011-12-31": "$15,894", "2011-09-30": "$15,915", "2011-06-30": "$14,616", "2011-03-31": "$14,094", "2010-12-31": "$13,980", "2010-09-30": "$14,100", "2010-06-30": "$13,709", "2010-03-31": "$12,840", "2009-12-31": "$12,216", "2009-09-30": "$12,136", "2009-06-30": "$11,360", "2009-03-31": "$10,819", "2008-12-31": "$10,658", "2008-09-30": "$9,865", "2008-06-30": "$9,923", "2008-03-31": "$9,732", "2007-12-31": "$9,369", "2007-09-30": "$9,465", "2007-06-30": "$9,348", "2007-03-31": "$9,415", "2006-12-31": "$9,572", "2006-09-30": "$9,463", "2006-06-30": "$9,173", "2006-03-31": "$8,382", "2005-12-31": "$8,177", "2005-09-30": "$7,894", "2005-06-30": "$7,769", "2005-03-31": "$7,346"}}, "cash-on-hand": {"Wintrust Financial Annual Cash on Hand (Millions of US $)": {"2019": "$2,452", "2018": "$1,493", "2017": "$1,342", "2016": "$1,252", "2015": "$884", "2014": "$1,230", "2013": "$760", "2012": "$1,351", "2011": "$921", "2010": "$1,043", "2009": "$1,218", "2008": "$573", "2007": "$273", "2006": "$327", "2005": "$355"}, "Wintrust Financial Quarterly Cash on Hand (Millions of US $)": {"2020-09-30": "$4,136", "2020-06-30": "$4,361", "2020-03-31": "$2,295", "2019-12-31": "$2,452", "2019-09-30": "$2,713", "2019-06-30": "$1,741", "2019-03-31": "$1,881", "2018-12-31": "$1,493", "2018-09-30": "$1,418", "2018-06-30": "$1,527", "2018-03-31": "$1,214", "2017-12-31": "$1,342", "2017-09-30": "$1,471", "2017-06-30": "$1,310", "2017-03-31": "$1,225", "2016-12-31": "$1,252", "2016-09-30": "$1,064", "2016-06-30": "$968", "2016-03-31": "$1,031", "2015-12-31": "$884", "2015-09-30": "$955", "2015-06-30": "$846", "2015-03-31": "$996", "2014-12-31": "$1,230", "2014-09-30": "$914", "2014-06-30": "$866", "2014-03-31": "$885", "2013-12-31": "$760", "2013-09-30": "$1,013", "2013-06-30": "$675", "2013-03-31": "$900", "2012-12-31": "$1,351", "2012-09-30": "$1,148", "2012-06-30": "$1,310", "2012-03-31": "$1,062", "2011-12-31": "$921", "2011-09-30": "$1,262", "2011-06-30": "$1,175", "2011-03-31": "$1,123", "2010-12-31": "$1,043", "2010-09-30": "$1,473", "2010-06-30": "$1,301", "2010-03-31": "$1,384", "2009-12-31": "$1,218", "2009-09-30": "$1,349", "2009-06-30": "$843", "2009-03-31": "$501", "2008-12-31": "$573", "2008-09-30": "$200", "2008-06-30": "$248", "2008-03-31": "$454", "2007-12-31": "$273", "2007-09-30": "$223", "2007-06-30": "$184", "2007-03-31": "$290", "2006-12-31": "$327", "2006-09-30": "$331", "2006-06-30": "$284", "2006-03-31": "$261", "2005-12-31": "$355", "2005-09-30": "$237", "2005-06-30": "$576", "2005-03-31": "$228"}}, "long-term-debt": {"Wintrust Financial Annual Long Term Debt (Millions of US $)": {"2019": "$1,783", "2018": "$1,213", "2017": "$1,218", "2016": "$809", "2015": "$1,527", "2014": "$1,319", "2013": "$922", "2012": "$953", "2011": "$1,803", "2010": "$1,584", "2009": "$988", "2008": "$1,092", "2007": "$994", "2006": "$812", "2005": "$726"}, "Wintrust Financial Quarterly Long Term Debt (Millions of US $)": {"2020-09-30": "$2,426", "2020-06-30": "$2,427", "2020-03-31": "$2,352", "2019-12-31": "$1,783", "2019-09-30": "$1,675", "2019-06-30": "$1,682", "2019-03-31": "$1,341", "2018-12-31": "$1,213", "2018-09-30": "$1,381", "2018-06-30": "$1,315", "2018-03-31": "$1,555", "2017-12-31": "$1,218", "2017-09-30": "$1,113", "2017-06-30": "$989", "2017-03-31": "$859", "2016-12-31": "$809", "2016-09-30": "$1,054", "2016-06-30": "$1,233", "2016-03-31": "$1,445", "2015-12-31": "$1,527", "2015-09-30": "$1,111", "2015-06-30": "$1,086", "2015-03-31": "$982", "2014-12-31": "$1,319", "2014-09-30": "$788", "2014-06-30": "$1,014", "2014-03-31": "$868", "2013-12-31": "$922", "2013-09-30": "$896", "2013-06-30": "$1,098", "2013-03-31": "$935", "2012-12-31": "$953", "2012-09-30": "$1,056", "2012-06-30": "$1,565", "2012-03-31": "$1,590", "2011-12-31": "$1,803", "2011-09-30": "$1,812", "2011-06-30": "$1,746", "2011-03-31": "$1,573", "2010-12-31": "$1,584", "2010-09-30": "$1,561", "2010-06-30": "$1,538", "2010-03-31": "$1,549", "2009-12-31": "$988", "2009-09-30": "$1,001", "2009-06-30": "$995", "2009-03-31": "$1,006", "2008-12-31": "$1,092", "2008-09-30": "$1,060", "2008-06-30": "$1,147", "2008-03-31": "$1,052", "2007-12-31": "$994", "2007-09-30": "$1,004", "2007-06-30": "$960", "2007-03-31": "$879", "2006-12-31": "$812", "2006-09-30": "$830", "2006-06-30": "$773", "2006-03-31": "$734", "2005-12-31": "$726", "2005-09-30": "$703", "2005-06-30": "$764", "2005-03-31": "$752"}}, "total-liabilities": {"Wintrust Financial Annual Total Liabilities (Millions of US $)": {"2019": "$32,929", "2018": "$27,977", "2017": "$24,939", "2016": "$22,973", "2015": "$20,557", "2014": "$17,941", "2013": "$16,197", "2012": "$15,715", "2011": "$14,350", "2010": "$12,544", "2009": "$11,077", "2008": "$9,592", "2007": "$8,629", "2006": "$8,799", "2005": "$7,549"}, "Wintrust Financial Quarterly Total Liabilities (Millions of US $)": {"2020-09-30": "$39,658", "2020-06-30": "$39,550", "2020-03-31": "$35,099", "2019-12-31": "$32,929", "2019-09-30": "$31,372", "2019-06-30": "$30,195", "2019-03-31": "$28,987", "2018-12-31": "$27,977", "2018-09-30": "$26,963", "2018-06-30": "$26,358", "2018-03-31": "$25,426", "2017-12-31": "$24,939", "2017-09-30": "$24,449", "2017-06-30": "$24,090", "2017-03-31": "$23,014", "2016-12-31": "$22,973", "2016-09-30": "$22,647", "2016-06-30": "$21,797", "2016-03-31": "$21,070", "2015-12-31": "$20,557", "2015-09-30": "$19,699", "2015-06-30": "$18,525", "2015-03-31": "$18,240", "2014-12-31": "$17,941", "2014-09-30": "$17,141", "2014-06-30": "$16,897", "2014-03-31": "$16,281", "2013-12-31": "$16,197", "2013-09-30": "$15,809", "2013-06-30": "$15,777", "2013-03-31": "$15,249", "2012-12-31": "$15,715", "2012-09-30": "$15,257", "2012-06-30": "$14,854", "2012-03-31": "$14,484", "2011-12-31": "$14,350", "2011-09-30": "$14,387", "2011-06-30": "$13,143", "2011-03-31": "$12,641", "2010-12-31": "$12,544", "2010-09-30": "$12,701", "2010-06-30": "$12,324", "2010-03-31": "$11,475", "2009-12-31": "$11,077", "2009-09-30": "$11,030", "2009-06-30": "$10,294", "2009-03-31": "$9,756", "2008-12-31": "$9,592", "2008-09-30": "$9,056", "2008-06-30": "$9,174", "2008-03-31": "$8,979", "2007-12-31": "$8,629", "2007-09-30": "$8,743", "2007-06-30": "$8,628", "2007-03-31": "$8,685", "2006-12-31": "$8,799", "2006-09-30": "$8,700", "2006-06-30": "$8,451", "2006-03-31": "$7,729", "2005-12-31": "$7,549", "2005-09-30": "$7,280", "2005-06-30": "$7,172", "2005-03-31": "$6,783"}}, "total-share-holder-equity": {"Wintrust Financial Annual Share Holder Equity (Millions of US $)": {"2019": "$3,691", "2018": "$3,268", "2017": "$2,977", "2016": "$2,696", "2015": "$2,352", "2014": "$2,070", "2013": "$1,901", "2012": "$1,805", "2011": "$1,544", "2010": "$1,437", "2009": "$1,139", "2008": "$1,067", "2007": "$740", "2006": "$773", "2005": "$628"}, "Wintrust Financial Quarterly Share Holder Equity (Millions of US $)": {"2020-09-30": "$4,074", "2020-06-30": "$3,990", "2020-03-31": "$3,700", "2019-12-31": "$3,691", "2019-09-30": "$3,540", "2019-06-30": "$3,447", "2019-03-31": "$3,372", "2018-12-31": "$3,268", "2018-09-30": "$3,180", "2018-06-30": "$3,107", "2018-03-31": "$3,031", "2017-12-31": "$2,977", "2017-09-30": "$2,909", "2017-06-30": "$2,839", "2017-03-31": "$2,765", "2016-12-31": "$2,696", "2016-09-30": "$2,674", "2016-06-30": "$2,624", "2016-03-31": "$2,418", "2015-12-31": "$2,352", "2015-09-30": "$2,336", "2015-06-30": "$2,265", "2015-03-31": "$2,131", "2014-12-31": "$2,070", "2014-09-30": "$2,029", "2014-06-30": "$1,998", "2014-03-31": "$1,940", "2013-12-31": "$1,901", "2013-09-30": "$1,874", "2013-06-30": "$1,837", "2013-03-31": "$1,826", "2012-12-31": "$1,805", "2012-09-30": "$1,761", "2012-06-30": "$1,722", "2012-03-31": "$1,688", "2011-12-31": "$1,544", "2011-09-30": "$1,528", "2011-06-30": "$1,473", "2011-03-31": "$1,453", "2010-12-31": "$1,437", "2010-09-30": "$1,399", "2010-06-30": "$1,385", "2010-03-31": "$1,365", "2009-12-31": "$1,139", "2009-09-30": "$1,106", "2009-06-30": "$1,065", "2009-03-31": "$1,063", "2008-12-31": "$1,067", "2008-09-30": "$809", "2008-06-30": "$749", "2008-03-31": "$753", "2007-12-31": "$740", "2007-09-30": "$722", "2007-06-30": "$721", "2007-03-31": "$730", "2006-12-31": "$773", "2006-09-30": "$763", "2006-06-30": "$722", "2006-03-31": "$653", "2005-12-31": "$628", "2005-09-30": "$614", "2005-06-30": "$597", "2005-03-31": "$562"}}, "profit-margins": {"current": "15.44%"}, "gross margin": {"2020-12-31": "86.72%", "2020-09-30": "84.57%", "2020-06-30": "82.62%", "2020-03-31": "81.41%", "2019-12-31": "81.54%", "2019-09-30": "82.05%", "2019-06-30": "83.27%", "2019-03-31": "84.77%", "2018-12-31": "86.44%", "2018-09-30": "88.18%", "2018-06-30": "89.47%", "2018-03-31": "90.44%", "2017-12-31": "90.92%", "2017-09-30": "91.40%", "2017-06-30": "91.76%", "2017-03-31": "91.91%", "2016-12-31": "92.00%", "2016-09-30": "91.93%", "2016-06-30": "91.97%", "2016-03-31": "92.13%", "2015-12-31": "92.12%", "2015-09-30": "92.14%", "2015-06-30": "92.07%", "2015-03-31": "91.80%", "2014-12-31": "91.77%", "2014-09-30": "91.67%", "2014-06-30": "91.42%", "2014-03-31": "91.07%", "2013-12-31": "90.52%", "2013-09-30": "89.99%", "2013-06-30": "89.47%", "2013-03-31": "88.49%", "2012-12-31": "87.35%", "2012-09-30": "85.99%", "2012-06-30": "84.69%", "2012-03-31": "83.11%", "2011-12-31": "81.91%", "2011-09-30": "80.78%", "2011-06-30": "79.25%", "2011-03-31": "78.71%", "2010-12-31": "77.45%", "2010-09-30": "77.01%", "2010-06-30": "78.20%", "2010-03-31": "76.38%", "2009-12-31": "74.35%", "2009-09-30": "70.09%", "2009-06-30": "61.34%", "2009-03-31": "58.56%", "2008-12-31": "55.93%", "2008-09-30": "54.62%", "2008-06-30": "52.47%", "2008-03-31": "50.37%", "2007-12-31": "49.28%", "2007-09-30": "48.61%", "2007-06-30": "49.34%", "2007-03-31": "50.45%", "2006-12-31": "52.54%", "2006-09-30": "54.80%", "2006-06-30": "57.90%", "2006-03-31": "59.67%", "2005-12-31": "61.68%"}, "operating margin": {"2020-12-31": "20.56%", "2020-09-30": "19.65%", "2020-06-30": "19.67%", "2020-03-31": "24.48%", "2019-12-31": "26.83%", "2019-09-30": "27.33%", "2019-06-30": "27.68%", "2019-03-31": "29.57%", "2018-12-31": "30.19%", "2018-09-30": "30.67%", "2018-06-30": "31.02%", "2018-03-31": "30.87%", "2017-12-31": "30.81%", "2017-09-30": "30.98%", "2017-06-30": "30.22%", "2017-03-31": "29.35%", "2016-12-31": "29.09%", "2016-09-30": "27.41%", "2016-06-30": "26.39%", "2016-03-31": "26.18%", "2015-12-31": "25.35%", "2015-09-30": "26.58%", "2015-06-30": "27.48%", "2015-03-31": "27.65%", "2014-12-31": "27.73%", "2014-09-30": "28.01%", "2014-06-30": "27.61%", "2014-03-31": "26.79%", "2013-12-31": "26.23%", "2013-09-30": "24.74%", "2013-06-30": "23.91%", "2013-03-31": "22.56%", "2012-12-31": "21.08%", "2012-09-30": "19.52%", "2012-06-30": "19.26%", "2012-03-31": "17.14%", "2011-12-31": "16.08%", "2011-09-30": "14.92%", "2011-06-30": "12.97%", "2011-03-31": "12.93%", "2010-12-31": "12.74%", "2010-09-30": "14.96%", "2010-06-30": "16.02%", "2010-03-31": "15.25%", "2009-12-31": "13.95%", "2009-09-30": "11.05%", "2009-06-30": "3.99%", "2009-03-31": "5.38%", "2008-12-31": "6.18%", "2008-09-30": "8.46%", "2008-06-30": "11.09%", "2008-03-31": "11.60%", "2007-12-31": "12.57%", "2007-09-30": "12.12%", "2007-06-30": "13.39%", "2007-03-31": "14.43%", "2006-12-31": "16.02%", "2006-09-30": "17.89%", "2006-06-30": "20.27%", "2006-03-31": "20.45%", "2005-12-31": "20.96%"}, "ebitda margin": {"2020-09-30": "0.00%", "2020-06-30": "0.00%", "2020-03-31": "0.00%", "2019-12-31": "0.00%", "2019-09-30": "0.00%", "2019-06-30": "0.00%", "2019-03-31": "0.00%", "2018-12-31": "0.00%", "2018-09-30": "0.00%", "2018-06-30": "0.00%", "2018-03-31": "0.00%", "2017-12-31": "0.00%", "2017-09-30": "0.00%", "2017-06-30": "0.00%", "2017-03-31": "0.00%", "2016-12-31": "0.00%", "2016-09-30": "0.00%", "2016-06-30": "0.00%", "2016-03-31": "0.00%", "2015-12-31": "0.00%", "2015-09-30": "0.00%", "2015-06-30": "0.00%", "2015-03-31": "0.00%", "2014-12-31": "0.00%", "2014-09-30": "0.00%", "2014-06-30": "0.00%", "2014-03-31": "0.00%", "2013-12-31": "0.00%", "2013-09-30": "0.00%", "2013-06-30": "0.00%", "2013-03-31": "0.00%", "2012-12-31": "0.00%", "2012-09-30": "0.00%", "2012-06-30": "0.00%", "2012-03-31": "0.00%", "2011-12-31": "0.00%", "2011-09-30": "0.00%", "2011-06-30": "0.00%", "2011-03-31": "0.00%", "2010-12-31": "0.00%", "2010-09-30": "0.00%", "2010-06-30": "0.00%", "2010-03-31": "0.00%", "2009-12-31": "0.00%", "2009-09-30": "0.00%", "2009-06-30": "0.00%", "2009-03-31": "0.00%", "2008-12-31": "0.00%", "2008-09-30": "0.00%", "2008-06-30": "0.00%", "2008-03-31": "0.00%", "2007-12-31": "0.00%", "2007-09-30": "0.00%", "2007-06-30": "0.00%", "2007-03-31": "0.00%", "2006-12-31": "0.00%", "2006-09-30": "0.00%", "2006-06-30": "0.00%", "2006-03-31": "0.00%", "2005-12-31": "0.00%"}, "pre tax profit margin": {"2020-12-31": "20.56%", "2020-09-30": "19.65%", "2020-06-30": "19.67%", "2020-03-31": "24.48%", "2019-12-31": "26.83%", "2019-09-30": "27.33%", "2019-06-30": "27.68%", "2019-03-31": "29.57%", "2018-12-31": "30.19%", "2018-09-30": "30.67%", "2018-06-30": "31.02%", "2018-03-31": "30.87%", "2017-12-31": "30.81%", "2017-09-30": "30.98%", "2017-06-30": "30.22%", "2017-03-31": "29.35%", "2016-12-31": "29.09%", "2016-09-30": "27.41%", "2016-06-30": "26.39%", "2016-03-31": "26.18%", "2015-12-31": "25.35%", "2015-09-30": "26.58%", "2015-06-30": "27.48%", "2015-03-31": "27.65%", "2014-12-31": "27.73%", "2014-09-30": "28.01%", "2014-06-30": "27.61%", "2014-03-31": "26.79%", "2013-12-31": "26.23%", "2013-09-30": "24.74%", "2013-06-30": "23.91%", "2013-03-31": "22.56%", "2012-12-31": "21.08%", "2012-09-30": "19.52%", "2012-06-30": "19.26%", "2012-03-31": "17.14%", "2011-12-31": "16.08%", "2011-09-30": "14.92%", "2011-06-30": "12.97%", "2011-03-31": "12.93%", "2010-12-31": "12.74%", "2010-09-30": "14.96%", "2010-06-30": "16.02%", "2010-03-31": "15.25%", "2009-12-31": "13.95%", "2009-09-30": "10.14%", "2009-06-30": "2.88%", "2009-03-31": "4.24%", "2008-12-31": "5.04%", "2008-09-30": "8.00%", "2008-06-30": "10.64%", "2008-03-31": "11.16%", "2007-12-31": "12.14%", "2007-09-30": "12.12%", "2007-06-30": "13.39%", "2007-03-31": "14.43%", "2006-12-31": "16.02%", "2006-09-30": "17.89%", "2006-06-30": "20.27%", "2006-03-31": "20.45%", "2005-12-31": "20.96%"}, "net profit margin": {"2020-12-31": "14.34%", "2020-09-30": "13.84%", "2020-06-30": "13.93%", "2020-03-31": "17.50%", "2019-12-31": "19.35%", "2019-09-30": "19.75%", "2019-06-30": "20.10%", "2019-03-31": "21.49%", "2018-12-31": "22.00%", "2018-09-30": "22.20%", "2018-06-30": "21.57%", "2018-03-31": "20.63%", "2017-12-31": "19.67%", "2017-09-30": "18.90%", "2017-06-30": "18.15%", "2017-03-31": "17.30%", "2016-12-31": "16.78%", "2016-09-30": "15.77%", "2016-06-30": "15.01%", "2016-03-31": "15.06%", "2015-12-31": "14.65%", "2015-09-30": "15.51%", "2015-06-30": "16.38%", "2015-03-31": "16.39%", "2014-12-31": "16.46%", "2014-09-30": "16.55%", "2014-06-30": "16.22%", "2014-03-31": "15.63%", "2013-12-31": "15.11%", "2013-09-30": "14.15%", "2013-06-30": "13.62%", "2013-03-31": "12.79%", "2012-12-31": "12.06%", "2012-09-30": "11.14%", "2012-06-30": "11.00%", "2012-03-31": "9.86%", "2011-12-31": "9.17%", "2011-09-30": "6.70%", "2011-06-30": "5.06%", "2011-03-31": "4.56%", "2010-12-31": "4.08%", "2010-09-30": "7.05%", "2010-06-30": "7.68%", "2010-03-31": "7.22%", "2009-12-31": "6.26%", "2009-09-30": "3.90%", "2009-06-30": "0.00%", "2009-03-31": "1.47%", "2008-12-31": "2.93%", "2008-09-30": "5.23%", "2008-06-30": "7.05%", "2008-03-31": "7.49%", "2007-12-31": "8.09%", "2007-09-30": "8.03%", "2007-06-30": "8.73%", "2007-03-31": "9.38%", "2006-12-31": "10.32%", "2006-09-30": "11.54%", "2006-06-30": "13.06%", "2006-03-31": "13.20%", "2005-12-31": "13.57%"}, "pe ratio": {"current": "14.03", "2021-02-05": "21.52", "2020-12-31": "20.03", "2020-09-30": "8.87", "2020-06-30": "9.56", "2020-03-31": "5.81", "2019-12-31": "11.48", "2019-09-30": "10.59", "2019-06-30": "12.23", "2019-03-31": "10.97", "2018-12-31": "11.02", "2018-09-30": "14.49", "2018-06-30": "16.10", "2018-03-31": "17.27", "2017-12-31": "17.99", "2017-09-30": "18.01", "2017-06-30": "18.44", "2017-03-31": "17.57", "2016-12-31": "18.91", "2016-09-30": "15.74", "2016-06-30": "15.47", "2016-03-31": "13.64", "2015-12-31": "15.59", "2015-09-30": "16.51", "2015-06-30": "15.94", "2015-03-31": "14.62", "2014-12-31": "14.69", "2014-09-30": "14.24", "2014-06-30": "15.04", "2014-03-31": "16.28", "2013-12-31": "15.56", "2013-09-30": "14.33", "2013-06-30": "13.58", "2013-03-31": "14.05", "2012-12-31": "14.80", "2012-09-30": "16.60", "2012-06-30": "15.73", "2012-03-31": "18.22", "2011-12-31": "15.43", "2011-09-30": "19.76", "2011-06-30": "28.90", "2011-03-31": "33.00", "2010-12-31": "28.20", "2010-09-30": "14.58", "2010-06-30": "11.55", "2010-03-31": "13.89", "2009-12-31": "13.38", "2009-09-30": "20.99", "2009-06-30": "727.79", "2009-03-31": "25.89", "2008-12-31": "23.85", "2008-09-30": "18.72", "2008-06-30": "11.00", "2008-03-31": "14.95", "2007-12-31": "13.03", "2007-09-30": "17.42", "2007-06-30": "16.59", "2007-03-31": "16.38", "2006-12-31": "16.28"}, "price sales": {"2021-02-05": "2.01", "2020-12-31": "1.87", "2020-09-30": "1.22", "2020-06-30": "1.33", "2020-03-31": "1.01", "2019-12-31": "2.22", "2019-09-30": "2.09", "2019-06-30": "2.45", "2019-03-31": "2.35", "2018-12-31": "2.41", "2018-09-30": "3.20", "2018-06-30": "3.45", "2018-03-31": "3.54", "2017-12-31": "3.54", "2017-09-30": "3.41", "2017-06-30": "3.40", "2017-03-31": "3.12", "2016-12-31": "3.28", "2016-09-30": "2.59", "2016-06-30": "2.43", "2016-03-31": "2.15", "2015-12-31": "2.40", "2015-09-30": "2.68", "2015-06-30": "2.72", "2015-03-31": "2.50", "2014-12-31": "2.51", "2014-09-30": "2.45", "2014-06-30": "2.54", "2014-03-31": "2.67", "2013-12-31": "2.50", "2013-09-30": "2.17", "2013-06-30": "1.99", "2013-03-31": "1.90", "2012-12-31": "1.83", "2012-09-30": "1.88", "2012-06-30": "1.74", "2012-03-31": "1.80", "2011-12-31": "1.43", "2011-09-30": "1.20", "2011-06-30": "1.39", "2011-03-31": "1.45", "2010-12-31": "1.18", "2010-09-30": "1.07", "2010-06-30": "0.94", "2010-03-31": "1.02", "2009-12-31": "0.84", "2009-09-30": "0.83", "2009-06-30": "0.56", "2009-03-31": "0.44", "2008-12-31": "0.72", "2008-09-30": "0.98", "2008-06-30": "0.77", "2008-03-31": "1.12", "2007-12-31": "1.06", "2007-09-30": "1.39", "2007-06-30": "1.45", "2007-03-31": "1.51", "2006-12-31": "1.67"}, "price book": {"current": "1.02", "2021-02-05": "0.93", "2020-09-30": "0.56", "2020-06-30": "0.62", "2020-03-31": "0.50", "2019-12-31": "1.08", "2019-09-30": "1.01", "2019-06-30": "1.17", "2019-03-31": "1.10", "2018-12-31": "1.11", "2018-09-30": "1.46", "2018-06-30": "1.52", "2018-03-31": "1.54", "2017-12-31": "1.49", "2017-09-30": "1.44", "2017-06-30": "1.44", "2017-03-31": "1.25", "2016-12-31": "1.33", "2016-09-30": "1.02", "2016-06-30": "0.95", "2016-03-31": "0.84", "2015-12-31": "0.94", "2015-09-30": "1.04", "2015-06-30": "1.06", "2015-03-31": "1.00", "2014-12-31": "0.99", "2014-09-30": "0.96", "2014-06-30": "1.00", "2014-03-31": "1.08", "2013-12-31": "1.04", "2013-09-30": "0.81", "2013-06-30": "0.73", "2013-03-31": "0.70", "2012-12-31": "0.69", "2012-09-30": "0.72", "2012-06-30": "0.69", "2012-03-31": "0.71", "2011-12-31": "0.60", "2011-09-30": "0.56", "2011-06-30": "0.70", "2011-03-31": "0.81", "2010-12-31": "0.73", "2010-09-30": "0.66", "2010-06-30": "0.68", "2010-03-31": "0.77", "2009-12-31": "0.59", "2009-09-30": "0.55", "2009-06-30": "0.33", "2009-03-31": "0.25", "2008-12-31": "0.41", "2008-09-30": "0.77", "2008-06-30": "0.00", "2008-03-31": "0.00", "2007-12-31": "0.92", "2007-09-30": "0.00", "2007-06-30": "0.00", "2007-03-31": "0.00", "2006-12-31": "1.38", "2006-09-30": "0.00", "2006-06-30": "0.00", "2006-03-31": "0.00"}, "price fcf": {"2021-02-05": "", "2020-09-30": "$-3.74", "2020-06-30": "$-3.68", "2020-03-31": "$-5.00", "2019-12-31": "$3.19", "2019-09-30": "$0.47", "2019-06-30": "$4.02", "2019-03-31": "$6.51", "2018-12-31": "$5.40", "2018-09-30": "$7.75", "2018-06-30": "$5.50", "2018-03-31": "$4.10", "2017-12-31": "$6.04", "2017-09-30": "$9.02", "2017-06-30": "$9.06", "2017-03-31": "$6.12", "2016-12-31": "$5.10", "2016-09-30": "$-1.74", "2016-06-30": "$-0.39", "2016-03-31": "$3.56", "2015-12-31": "$-0.09", "2015-09-30": "$0.43", "2015-06-30": "$-0.73", "2015-03-31": "$-2.28", "2014-12-31": "$3.31", "2014-09-30": "$3.63", "2014-06-30": "$7.29", "2014-03-31": "$6.16", "2013-12-31": "$5.00", "2013-09-30": "$8.01", "2013-06-30": "$11.97", "2013-03-31": "$5.78", "2012-12-31": "$4.05", "2012-09-30": "$-1.45", "2012-06-30": "$-11.85", "2012-03-31": "$-4.07", "2011-12-31": "$3.75", "2011-09-30": "$2.49", "2011-06-30": "$4.82", "2011-03-31": "$5.06", "2010-12-31": "$2.96", "2010-09-30": "$2.70", "2010-06-30": "$2.91", "2010-03-31": "$-20.92", "2009-12-31": "$-32.62", "2009-09-30": "$-29.40", "2009-06-30": "$-26.98", "2009-03-31": "$-2.33", "2008-12-31": "$5.08", "2008-09-30": "$5.94", "2008-06-30": "$5.06", "2008-03-31": "$3.28", "2007-12-31": "$2.91", "2007-09-30": "$-2.07", "2007-06-30": "$-1.84", "2007-03-31": "$-3.70", "2006-12-31": "$1.60"}, "net worth": {"value": "$3.78B"}, "current ratio": {"2020-12-31": "1.03", "2020-09-30": "1.03", "2020-06-30": "1.02", "2020-03-31": "0.99", "2019-12-31": "0.98", "2019-09-30": "1.00", "2019-06-30": "1.00", "2019-03-31": "0.99", "2018-12-31": "0.99", "2018-09-30": "1.00", "2018-06-30": "1.00", "2018-03-31": "1.01", "2017-12-31": "1.01", "2017-09-30": "1.01", "2017-06-30": "1.00", "2017-03-31": "0.99", "2016-12-31": "0.99", "2016-09-30": "0.99", "2016-06-30": "1.05", "2016-03-31": "1.05", "2015-12-31": "1.00", "2015-09-30": "1.00", "2015-06-30": "1.00", "2015-03-31": "1.02", "2014-12-31": "1.03", "2014-09-30": "1.00", "2014-06-30": "1.01", "2014-03-31": "0.99", "2013-12-31": "0.99", "2013-09-30": "0.99", "2013-06-30": "1.00", "2013-03-31": "0.98", "2012-12-31": "0.99", "2012-09-30": "1.03", "2012-06-30": "1.08", "2012-03-31": "1.02", "2011-12-31": "1.07", "2011-09-30": "1.07", "2011-06-30": "1.08", "2011-03-31": "1.04", "2010-12-31": "1.06", "2010-09-30": "1.07", "2010-06-30": "1.06", "2010-03-31": "1.11", "2009-12-31": "1.02", "2009-09-30": "1.00", "2009-06-30": "1.02", "2009-03-31": "1.00", "2008-12-31": "1.09", "2008-09-30": "0.97", "2008-06-30": "0.97", "2008-03-31": "1.04", "2007-12-31": "0.97", "2007-09-30": "0.94", "2007-06-30": "0.94", "2007-03-31": "0.91", "2006-12-31": "0.89", "2006-09-30": "0.89", "2006-06-30": "0.87", "2006-03-31": "0.85", "2005-12-31": "0.87", "2005-09-30": "0.86", "2005-06-30": "1.00", "2005-03-31": "0.89"}, "quick ratio": {"2020-12-31": "0.00", "2020-09-30": "0.00", "2020-06-30": "0.00", "2020-03-31": "0.00", "2019-12-31": "0.00", "2019-09-30": "0.00", "2019-06-30": "0.00", "2019-03-31": "0.00", "2018-12-31": "0.00", "2018-09-30": "0.00", "2018-06-30": "0.00", "2018-03-31": "0.00", "2017-12-31": "0.00", "2017-09-30": "0.00", "2017-06-30": "0.00", "2017-03-31": "0.00", "2016-12-31": "0.00", "2016-09-30": "0.00", "2016-06-30": "0.00", "2016-03-31": "0.00", "2015-12-31": "0.00", "2015-09-30": "0.00", "2015-06-30": "0.00", "2015-03-31": "0.00", "2014-12-31": "0.00", "2014-09-30": "0.00", "2014-06-30": "0.00", "2014-03-31": "0.00", "2013-12-31": "0.00", "2013-09-30": "0.00", "2013-06-30": "0.00", "2013-03-31": "0.00", "2012-12-31": "0.00", "2012-09-30": "0.00", "2012-06-30": "0.00", "2012-03-31": "0.00", "2011-12-31": "0.00", "2011-09-30": "0.00", "2011-06-30": "0.00", "2011-03-31": "0.00", "2010-12-31": "0.00", "2010-09-30": "0.00", "2010-06-30": "0.00", "2010-03-31": "0.00", "2009-12-31": "0.00", "2009-09-30": "0.00", "2009-06-30": "0.00", "2009-03-31": "0.00", "2008-12-31": "0.00", "2008-09-30": "0.00", "2008-06-30": "0.00", "2008-03-31": "0.00", "2007-12-31": "0.00", "2007-09-30": "0.00", "2007-06-30": "0.00", "2007-03-31": "0.00", "2006-12-31": "0.00", "2006-09-30": "0.00", "2006-06-30": "0.00", "2006-03-31": "0.00", "2005-12-31": "0.00", "2005-09-30": "0.00", "2005-06-30": "0.00", "2005-03-31": "0.00"}, "debt equity ratio": {"current": "0.66", "2020-12-31": "9.95", "2020-09-30": "9.73", "2020-06-30": "9.91", "2020-03-31": "9.49", "2019-12-31": "8.92", "2019-09-30": "8.86", "2019-06-30": "8.76", "2019-03-31": "8.60", "2018-12-31": "8.56", "2018-09-30": "8.48", "2018-06-30": "8.48", "2018-03-31": "8.39", "2017-12-31": "8.38", "2017-09-30": "8.41", "2017-06-30": "8.48", "2017-03-31": "8.32", "2016-12-31": "8.52", "2016-09-30": "8.47", "2016-06-30": "8.31", "2016-03-31": "8.71", "2015-12-31": "8.74", "2015-09-30": "8.43", "2015-06-30": "8.18", "2015-03-31": "8.56", "2014-12-31": "8.67", "2014-09-30": "8.45", "2014-06-30": "8.46", "2014-03-31": "8.39", "2013-12-31": "8.52", "2013-09-30": "8.44", "2013-06-30": "8.59", "2013-03-31": "8.35", "2012-12-31": "8.71", "2012-09-30": "8.66", "2012-06-30": "8.63", "2012-03-31": "8.58", "2011-12-31": "9.30", "2011-09-30": "9.41", "2011-06-30": "8.92", "2011-03-31": "8.70", "2010-12-31": "8.73", "2010-09-30": "9.08", "2010-06-30": "8.90", "2010-03-31": "8.41", "2009-12-31": "9.73", "2009-09-30": "9.97", "2009-06-30": "9.67", "2009-03-31": "9.18", "2008-12-31": "8.99", "2008-09-30": "11.19", "2008-06-30": "12.25", "2008-03-31": "11.92", "2007-12-31": "11.67", "2007-09-30": "12.11", "2007-06-30": "11.97", "2007-03-31": "11.90", "2006-12-31": "11.38", "2006-09-30": "11.40", "2006-06-30": "11.71", "2006-03-31": "11.84", "2005-12-31": "12.02", "2005-09-30": "11.86", "2005-06-30": "12.01", "2005-03-31": "12.07"}, "return on equity": {"2020-12-31": "6.85%", "2020-09-30": "6.78%", "2020-06-30": "7.02%", "2020-03-31": "8.93%", "2019-12-31": "9.88%", "2019-09-30": "10.01%", "2019-06-30": "10.07%", "2019-03-31": "10.61%", "2018-12-31": "10.68%", "2018-09-30": "10.57%", "2018-06-30": "9.95%", "2018-03-31": "9.32%", "2017-12-31": "8.67%", "2017-09-30": "8.31%", "2017-06-30": "7.95%", "2017-03-31": "7.47%", "2016-12-31": "7.34%", "2016-09-30": "6.83%", "2016-06-30": "6.45%", "2016-03-31": "6.53%", "2015-12-31": "6.38%", "2015-09-30": "6.82%", "2015-06-30": "7.30%", "2015-03-31": "7.29%", "2014-12-31": "7.27%", "2014-09-30": "7.27%", "2014-06-30": "7.16%", "2014-03-31": "7.04%", "2013-12-31": "6.94%", "2013-09-30": "6.70%", "2013-06-30": "6.58%", "2013-03-31": "6.18%", "2012-12-31": "5.91%", "2012-09-30": "5.54%", "2012-06-30": "5.68%", "2012-03-31": "5.13%", "2011-12-31": "4.87%", "2011-09-30": "3.60%", "2011-06-30": "2.71%", "2011-03-31": "2.54%", "2010-12-31": "2.29%", "2010-09-30": "4.31%", "2010-06-30": "5.53%", "2010-03-31": "5.39%", "2009-12-31": "4.85%", "2009-09-30": "2.79%", "2009-06-30": "0.00%", "2009-03-31": "0.98%", "2008-12-31": "2.13%", "2008-09-30": "4.46%", "2008-06-30": "6.34%", "2008-03-31": "6.95%", "2007-12-31": "7.69%", "2007-09-30": "7.47%", "2007-06-30": "8.03%", "2007-03-31": "8.43%", "2006-12-31": "9.21%", "2006-09-30": "10.27%", "2006-06-30": "11.62%", "2006-03-31": "11.40%", "2005-12-31": "11.33%"}, "return on assets": {"2020-12-31": "0.64%", "2020-09-30": "0.64%", "2020-06-30": "0.68%", "2020-03-31": "0.89%", "2019-12-31": "1.01%", "2019-09-30": "1.03%", "2019-06-30": "1.05%", "2019-03-31": "1.11%", "2018-12-31": "1.13%", "2018-09-30": "1.12%", "2018-06-30": "1.06%", "2018-03-31": "0.99%", "2017-12-31": "0.92%", "2017-09-30": "0.88%", "2017-06-30": "0.84%", "2017-03-31": "0.79%", "2016-12-31": "0.77%", "2016-09-30": "0.72%", "2016-06-30": "0.68%", "2016-03-31": "0.69%", "2015-12-31": "0.67%", "2015-09-30": "0.72%", "2015-06-30": "0.77%", "2015-03-31": "0.76%", "2014-12-31": "0.77%", "2014-09-30": "0.77%", "2014-06-30": "0.76%", "2014-03-31": "0.74%", "2013-12-31": "0.73%", "2013-09-30": "0.70%", "2013-06-30": "0.69%", "2013-03-31": "0.65%", "2012-12-31": "0.61%", "2012-09-30": "0.57%", "2012-06-30": "0.57%", "2012-03-31": "0.51%", "2011-12-31": "0.48%", "2011-09-30": "0.36%", "2011-06-30": "0.27%", "2011-03-31": "0.26%", "2010-12-31": "0.23%", "2010-09-30": "0.43%", "2010-06-30": "0.54%", "2010-03-31": "0.52%", "2009-12-31": "0.46%", "2009-09-30": "0.27%", "2009-06-30": "0.00%", "2009-03-31": "0.09%", "2008-12-31": "0.18%", "2008-09-30": "0.35%", "2008-06-30": "0.49%", "2008-03-31": "0.54%", "2007-12-31": "0.60%", "2007-09-30": "0.58%", "2007-06-30": "0.63%", "2007-03-31": "0.67%", "2006-12-31": "0.73%", "2006-09-30": "0.81%", "2006-06-30": "0.90%", "2006-03-31": "0.88%", "2005-12-31": "0.87%"}, "return on investments": {"2020-12-31": "6.11%", "2020-09-30": "6.09%", "2020-06-30": "6.39%", "2020-03-31": "8.21%", "2019-12-31": "9.37%", "2019-09-30": "9.66%", "2019-06-30": "9.74%", "2019-03-31": "10.39%", "2018-12-31": "10.22%", "2018-09-30": "10.11%", "2018-06-30": "9.99%", "2018-03-31": "9.86%", "2017-12-31": "9.96%", "2017-09-30": "10.20%", "2017-06-30": "9.89%", "2017-03-31": "9.27%", "2016-12-31": "8.85%", "2016-09-30": "7.80%", "2016-06-30": "7.34%", "2016-03-31": "7.32%", "2015-12-31": "7.28%", "2015-09-30": "7.73%", "2015-06-30": "8.21%", "2015-03-31": "8.21%", "2014-12-31": "8.18%", "2014-09-30": "8.45%", "2014-06-30": "8.24%", "2014-03-31": "8.05%", "2013-12-31": "7.94%", "2013-09-30": "7.66%", "2013-06-30": "7.42%", "2013-03-31": "6.68%", "2012-12-31": "5.93%", "2012-09-30": "5.12%", "2012-06-30": "4.86%", "2012-03-31": "4.22%", "2011-12-31": "3.96%", "2011-09-30": "3.74%", "2011-06-30": "3.27%", "2011-03-31": "3.42%", "2010-12-31": "3.38%", "2010-09-30": "4.43%", "2010-06-30": "5.72%", "2010-03-31": "5.78%", "2009-12-31": "5.64%", "2009-09-30": "4.05%", "2009-06-30": "1.23%", "2009-03-31": "1.65%", "2008-12-31": "1.97%", "2008-09-30": "3.01%", "2008-06-30": "4.13%", "2008-03-31": "4.55%", "2007-12-31": "5.16%", "2007-09-30": "5.03%", "2007-06-30": "5.69%", "2007-03-31": "6.18%", "2006-12-31": "6.86%", "2006-09-30": "7.55%", "2006-06-30": "8.50%", "2006-03-31": "8.12%", "2005-12-31": "7.86%"}, "return on tangible equity": {"2020-09-30": "8.25%", "2020-06-30": "8.57%", "2020-03-31": "10.94%", "2019-12-31": "12.09%", "2019-09-30": "12.26%", "2019-06-30": "12.34%", "2019-03-31": "12.96%", "2018-12-31": "13.01%", "2018-09-30": "12.81%", "2018-06-30": "12.06%", "2018-03-31": "11.34%", "2017-12-31": "10.58%", "2017-09-30": "10.21%", "2017-06-30": "9.79%", "2017-03-31": "9.24%", "2016-12-31": "9.13%", "2016-09-30": "8.55%", "2016-06-30": "8.13%", "2016-03-31": "8.24%", "2015-12-31": "8.04%", "2015-09-30": "8.57%", "2015-06-30": "9.17%", "2015-03-31": "9.18%", "2014-12-31": "9.13%", "2014-09-30": "9.14%", "2014-06-30": "8.97%", "2014-03-31": "8.85%", "2013-12-31": "8.71%", "2013-09-30": "8.40%", "2013-06-30": "8.25%", "2013-03-31": "7.75%", "2012-12-31": "7.39%", "2012-09-30": "6.95%", "2012-06-30": "7.15%", "2012-03-31": "6.46%", "2011-12-31": "6.14%", "2011-09-30": "4.53%", "2011-06-30": "3.40%", "2011-03-31": "3.20%", "2010-12-31": "2.90%", "2010-09-30": "5.53%", "2010-06-30": "7.21%", "2010-03-31": "7.18%", "2009-12-31": "6.60%", "2009-09-30": "3.82%", "2009-06-30": "0.00%", "2009-03-31": "1.43%", "2008-12-31": "3.26%", "2008-09-30": "7.23%", "2008-06-30": "10.46%", "2008-03-31": "11.51%", "2007-12-31": "12.79%", "2007-09-30": "12.30%", "2007-06-30": "13.14%", "2007-03-31": "13.82%", "2006-12-31": "14.71%", "2006-09-30": "16.20%", "2006-06-30": "18.08%", "2006-03-31": "17.38%", "2005-12-31": "17.65%"}, "dividend yield history": {"last payout": "$1.12", "last yield": "1.71%"}}