{"ticker": "WMT", "price": {"title": "Walmart Historical Annual Stock Price Data", "value": 144.02, "historical": {"2021": {"Average Stock Price": "144.8768", "Year Open": "146.5300", "Year High": "148.9700", "Year Low": "139.2700", "Year Close": "144.0200", "Annual % Change": "-0.09%"}, "2020": {"Average Stock Price": "129.6013", "Year Open": "118.9400", "Year High": "152.7900", "Year Low": "104.0500", "Year Close": "144.1500", "Annual % Change": "21.30%"}, "2019": {"Average Stock Price": "108.4054", "Year Open": "93.3400", "Year High": "121.2800", "Year Low": "92.8600", "Year Close": "118.8400", "Annual % Change": "27.58%"}, "2018": {"Average Stock Price": "92.3698", "Year Open": "98.5900", "Year High": "109.5500", "Year Low": "82.4000", "Year Close": "93.1500", "Annual % Change": "-5.67%"}, "2017": {"Average Stock Price": "78.9624", "Year Open": "68.6600", "Year High": "99.6200", "Year Low": "65.6600", "Year Close": "98.7500", "Annual % Change": "42.87%"}, "2016": {"Average Stock Price": "69.5471", "Year Open": "61.4600", "Year High": "74.3000", "Year Low": "60.8400", "Year Close": "69.1200", "Annual % Change": "12.76%"}, "2015": {"Average Stock Price": "72.4911", "Year Open": "85.9000", "Year High": "90.4700", "Year Low": "56.4200", "Year Close": "61.3000", "Annual % Change": "-28.62%"}, "2014": {"Average Stock Price": "77.3274", "Year Open": "78.9100", "Year High": "87.5400", "Year Low": "72.6600", "Year Close": "85.8800", "Annual % Change": "9.14%"}, "2013": {"Average Stock Price": "75.3205", "Year Open": "69.2400", "Year High": "81.2100", "Year Low": "68.3000", "Year Close": "78.6900", "Annual % Change": "15.33%"}, "2012": {"Average Stock Price": "67.2151", "Year Open": "60.3300", "Year High": "77.1500", "Year Low": "57.3600", "Year Close": "68.2300", "Annual % Change": "14.17%"}, "2011": {"Average Stock Price": "54.3535", "Year Open": "54.5600", "Year High": "59.9900", "Year Low": "48.4100", "Year Close": "59.7600", "Annual % Change": "10.81%"}, "2010": {"Average Stock Price": "53.0022", "Year Open": "54.2300", "Year High": "55.9900", "Year Low": "48.0000", "Year Close": "53.9300", "Annual % Change": "0.90%"}, "2009": {"Average Stock Price": "50.5517", "Year Open": "57.1800", "Year High": "57.1800", "Year Low": "46.4200", "Year Close": "53.4500", "Annual % Change": "-4.66%"}, "2008": {"Average Stock Price": "55.0489", "Year Open": "46.9000", "Year High": "63.1700", "Year Low": "45.7200", "Year Close": "56.0600", "Annual % Change": "17.95%"}, "2007": {"Average Stock Price": "46.9265", "Year Open": "47.5500", "Year High": "51.2100", "Year Low": "42.2700", "Year Close": "47.5300", "Annual % Change": "2.92%"}, "2006": {"Average Stock Price": "46.6282", "Year Open": "46.2300", "Year High": "51.7500", "Year Low": "43.0200", "Year Close": "46.1800", "Annual % Change": "-1.32%"}, "2005": {"Average Stock Price": "48.7378", "Year Open": "53.3500", "Year High": "54.4900", "Year Low": "42.4900", "Year Close": "46.8000", "Annual % Change": "-11.40%"}, "2004": {"Average Stock Price": "54.9097", "Year Open": "52.3000", "Year High": "61.0500", "Year Low": "51.3300", "Year Close": "52.8200", "Annual % Change": "-0.43%"}, "2003": {"Average Stock Price": "54.3115", "Year Open": "51.6000", "Year High": "60.0800", "Year Low": "46.7400", "Year Close": "53.0500", "Annual % Change": "5.03%"}, "2002": {"Average Stock Price": "55.3673", "Year Open": "58.0500", "Year High": "63.7500", "Year Low": "44.6000", "Year Close": "50.5100", "Annual % Change": "-12.23%"}, "2001": {"Average Stock Price": "51.9974", "Year Open": "53.8800", "Year High": "58.4400", "Year Low": "44.0000", "Year Close": "57.5500", "Annual % Change": "8.32%"}, "2000": {"Average Stock Price": "53.7150", "Year Open": "66.8100", "Year High": "68.5000", "Year Low": "43.2500", "Year Close": "53.1300", "Annual % Change": "-23.14%"}, "1999": {"Average Stock Price": "48.5775", "Year Open": "40.3150", "Year High": "69.4400", "Year Low": "39.5300", "Year Close": "69.1300", "Annual % Change": "69.77%"}, "1998": {"Average Stock Price": "29.1984", "Year Open": "19.6900", "Year High": "40.9700", "Year Low": "19.0950", "Year Close": "40.7200", "Annual % Change": "106.49%"}, "1997": {"Average Stock Price": "16.2665", "Year Open": "11.5000", "Year High": "20.5650", "Year Low": "11.0650", "Year Close": "19.7200", "Annual % Change": "73.36%"}, "1996": {"Average Stock Price": "12.1996", "Year Open": "11.6250", "Year High": "13.8125", "Year Low": "10.0000", "Year Close": "11.3750", "Annual % Change": "2.25%"}, "1995": {"Average Stock Price": "12.1902", "Year Open": "10.4400", "Year High": "13.7500", "Year Low": "10.4400", "Year Close": "11.1250", "Annual % Change": "4.71%"}, "1994": {"Average Stock Price": "12.3687", "Year Open": "12.7500", "Year High": "14.5650", "Year Low": "10.6250", "Year Close": "10.6250", "Annual % Change": "-15.00%"}, "1993": {"Average Stock Price": "13.9568", "Year Open": "15.7200", "Year High": "17.0000", "Year Low": "11.7500", "Year Close": "12.5000", "Annual % Change": "-21.88%"}, "1992": {"Average Stock Price": "14.1628", "Year Open": "14.7800", "Year High": "16.4050", "Year Low": "12.8450", "Year Close": "16.0000", "Annual % Change": "8.70%"}, "1991": {"Average Stock Price": "10.8858", "Year Open": "7.5000", "Year High": "14.7200", "Year Low": "7.1250", "Year Close": "14.7200", "Annual % Change": "94.64%"}, "1990": {"Average Stock Price": "6.7545", "Year Open": "5.8900", "Year High": "9.0625", "Year Low": "5.0775", "Year Close": "7.5625", "Annual % Change": "34.80%"}, "1989": {"Average Stock Price": "4.7969", "Year Open": "3.7975", "Year High": "5.6100", "Year Low": "3.7975", "Year Close": "5.6100", "Annual % Change": "43.02%"}, "1988": {"Average Stock Price": "3.7185", "Year Open": "3.4063", "Year High": "4.2025", "Year Low": "3.1400", "Year Close": "3.9225", "Annual % Change": "20.69%"}, "1987": {"Average Stock Price": "3.8192", "Year Open": "2.9219", "Year High": "5.3125", "Year Low": "2.6250", "Year Close": "3.2500", "Annual % Change": "11.83%"}, "1986": {"Average Stock Price": "2.6532", "Year Open": "1.9219", "Year High": "3.3363", "Year Low": "1.8438", "Year Close": "2.9063", "Annual % Change": "45.86%"}, "1985": {"Average Stock Price": "1.5773", "Year Open": "1.1994", "Year High": "2.1175", "Year Low": "1.1994", "Year Close": "1.9925", "Annual % Change": "68.37%"}, "1984": {"Average Stock Price": "1.2061", "Year Open": "1.1994", "Year High": "1.4334", "Year Low": "0.9609", "Year Close": "1.1834", "Annual % Change": "-2.90%"}, "1983": {"Average Stock Price": "1.1057", "Year Open": "0.7539", "Year High": "1.4103", "Year Low": "0.6953", "Year Close": "1.2188", "Annual % Change": "56.38%"}, "1982": {"Average Stock Price": "0.4679", "Year Open": "0.3320", "Year High": "0.8398", "Year Low": "0.3018", "Year Close": "0.7794", "Annual % Change": "134.76%"}, "1981": {"Average Stock Price": "0.2891", "Year Open": "0.2470", "Year High": "0.3427", "Year Low": "0.2207", "Year Close": "0.3320", "Annual % Change": "40.50%"}, "1980": {"Average Stock Price": "0.1629", "Year Open": "0.1309", "Year High": "0.2363", "Year Low": "0.1113", "Year Close": "0.2363", "Annual % Change": "81.91%"}, "1979": {"Average Stock Price": "0.1084", "Year Open": "0.0884", "Year High": "0.1436", "Year Low": "0.0884", "Year Close": "0.1299", "Annual % Change": "46.12%"}, "1978": {"Average Stock Price": "0.0889", "Year Open": "0.0786", "Year High": "0.1138", "Year Low": "0.0674", "Year Close": "0.0889", "Annual % Change": "12.39%"}, "1977": {"Average Stock Price": "0.0596", "Year Open": "0.0591", "Year High": "0.0801", "Year Low": "0.0469", "Year Close": "0.0791", "Annual % Change": "30.74%"}, "1976": {"Average Stock Price": "0.0568", "Year Open": "0.0508", "Year High": "0.0664", "Year Low": "0.0464", "Year Close": "0.0605", "Annual % Change": "17.93%"}, "1975": {"Average Stock Price": "0.0433", "Year Open": "0.0195", "Year High": "0.0615", "Year Low": "0.0193", "Year Close": "0.0513", "Annual % Change": "175.81%"}, "1974": {"Average Stock Price": "0.0301", "Year Open": "0.0266", "Year High": "0.0400", "Year Low": "0.0156", "Year Close": "0.0186", "Annual % Change": "-28.74%"}, "1973": {"Average Stock Price": "0.0437", "Year Open": "0.0676", "Year High": "0.0676", "Year Low": "0.0252", "Year Close": "0.0261", "Annual % Change": "-61.28%"}}}, "market cap": {"value": "$412.59B"}, "income statement": {"Revenue": {"2020-01-31": "523964.00000", "2019-01-31": "514405.00000", "2018-01-31": "500343.00000", "2017-01-31": "485873.00000", "2016-01-31": "482130.00000", "2015-01-31": "485651.00000", "2014-01-31": "476294.00000", "2013-01-31": "468651.00000", "2012-01-31": "446509.00000", "2011-01-31": "421849.00000", "2010-01-31": "408085.00000", "2009-01-31": "404254.00000", "2008-01-31": "377023.00000", "2007-01-31": "348368.00000", "2006-01-31": "312101.00000", "2005-01-31": "284310.00000"}, "Cost Of Goods Sold": {"2020-01-31": "394605.00000", "2019-01-31": "385301.00000", "2018-01-31": "373396.00000", "2017-01-31": "361256.00000", "2016-01-31": "360984.00000", "2015-01-31": "365086.00000", "2014-01-31": "358069.00000", "2013-01-31": "352297.00000", "2012-01-31": "334993.00000", "2011-01-31": "314946.00000", "2010-01-31": "304106.00000", "2009-01-31": "303941.00000", "2008-01-31": "284137.00000", "2007-01-31": "263979.00000", "2006-01-31": "237649.00000", "2005-01-31": "216832.00000"}, "Gross Profit": {"2020-01-31": "129359.00000", "2019-01-31": "129104.00000", "2018-01-31": "126947.00000", "2017-01-31": "124617.00000", "2016-01-31": "121146.00000", "2015-01-31": "120565.00000", "2014-01-31": "118225.00000", "2013-01-31": "116354.00000", "2012-01-31": "111516.00000", "2011-01-31": "106903.00000", "2010-01-31": "103979.00000", "2009-01-31": "100313.00000", "2008-01-31": "92886.00000", "2007-01-31": "84389.00000", "2006-01-31": "74452.00000", "2005-01-31": "67478.00000"}, "Research And Development Expenses": {"2020-01-31": "", "2019-01-31": "", "2018-01-31": "", "2017-01-31": "", "2016-01-31": "", "2015-01-31": "", "2014-01-31": "", "2013-01-31": "", "2012-01-31": "", "2011-01-31": "", "2010-01-31": "", "2009-01-31": "", "2008-01-31": "", "2007-01-31": "", "2006-01-31": "", "2005-01-31": ""}, "SG&A Expenses": {"2020-01-31": "108791.00000", "2019-01-31": "107147.00000", "2018-01-31": "106510.00000", "2017-01-31": "101853.00000", "2016-01-31": "97041.00000", "2015-01-31": "93418.00000", "2014-01-31": "91353.00000", "2013-01-31": "88629.00000", "2012-01-31": "85025.00000", "2011-01-31": "81361.00000", "2010-01-31": "79977.00000", "2009-01-31": "77546.00000", "2008-01-31": "70934.00000", "2007-01-31": "63892.00000", "2006-01-31": "55739.00000", "2005-01-31": "50178.00000"}, "Other Operating Income Or Expenses": {"2020-01-31": "", "2019-01-31": "", "2018-01-31": "", "2017-01-31": "", "2016-01-31": "", "2015-01-31": "", "2014-01-31": "", "2013-01-31": "", "2012-01-31": "", "2011-01-31": "", "2010-01-31": "", "2009-01-31": "", "2008-01-31": "", "2007-01-31": "", "2006-01-31": "", "2005-01-31": ""}, "Operating Expenses": {"2020-01-31": "503396.00000", "2019-01-31": "492448.00000", "2018-01-31": "479906.00000", "2017-01-31": "463109.00000", "2016-01-31": "458025.00000", "2015-01-31": "458504.00000", "2014-01-31": "449422.00000", "2013-01-31": "440926.00000", "2012-01-31": "420018.00000", "2011-01-31": "396307.00000", "2010-01-31": "384083.00000", "2009-01-31": "381487.00000", "2008-01-31": "355071.00000", "2007-01-31": "327871.00000", "2006-01-31": "293388.00000", "2005-01-31": "267010.00000"}, "Operating Income": {"2020-01-31": "20568.00000", "2019-01-31": "21957.00000", "2018-01-31": "20437.00000", "2017-01-31": "22764.00000", "2016-01-31": "24105.00000", "2015-01-31": "27147.00000", "2014-01-31": "26872.00000", "2013-01-31": "27725.00000", "2012-01-31": "26491.00000", "2011-01-31": "25542.00000", "2010-01-31": "24002.00000", "2009-01-31": "22767.00000", "2008-01-31": "21952.00000", "2007-01-31": "20497.00000", "2006-01-31": "18713.00000", "2005-01-31": "17300.00000"}, "Total Non-Operating Income/Expense": {"2020-01-31": "-452.00000", "2019-01-31": "-10497.00000", "2018-01-31": "-5314.00000", "2017-01-31": "-2267.00000", "2016-01-31": "-2467.00000", "2015-01-31": "-2348.00000", "2014-01-31": "-2216.00000", "2013-01-31": "-2063.00000", "2012-01-31": "-2159.00000", "2011-01-31": "-2004.00000", "2010-01-31": "-1884.00000", "2009-01-31": "-1900.00000", "2008-01-31": "-1794.00000", "2007-01-31": "-1529.00000", "2006-01-31": "-1178.00000", "2005-01-31": "-980.00000"}, "Pre-Tax Income": {"2020-01-31": "20116.00000", "2019-01-31": "11460.00000", "2018-01-31": "15123.00000", "2017-01-31": "20497.00000", "2016-01-31": "21638.00000", "2015-01-31": "24799.00000", "2014-01-31": "24656.00000", "2013-01-31": "25662.00000", "2012-01-31": "24332.00000", "2011-01-31": "23538.00000", "2010-01-31": "22118.00000", "2009-01-31": "20867.00000", "2008-01-31": "20158.00000", "2007-01-31": "18968.00000", "2006-01-31": "17535.00000", "2005-01-31": "16320.00000"}, "Income Taxes": {"2020-01-31": "4915.00000", "2019-01-31": "4281.00000", "2018-01-31": "4600.00000", "2017-01-31": "6204.00000", "2016-01-31": "6558.00000", "2015-01-31": "7985.00000", "2014-01-31": "8105.00000", "2013-01-31": "7958.00000", "2012-01-31": "7924.00000", "2011-01-31": "7579.00000", "2010-01-31": "7156.00000", "2009-01-31": "7133.00000", "2008-01-31": "6889.00000", "2007-01-31": "6354.00000", "2006-01-31": "5803.00000", "2005-01-31": "5589.00000"}, "Income After Taxes": {"2020-01-31": "15201.00000", "2019-01-31": "7179.00000", "2018-01-31": "10523.00000", "2017-01-31": "14293.00000", "2016-01-31": "15080.00000", "2015-01-31": "16814.00000", "2014-01-31": "16551.00000", "2013-01-31": "17704.00000", "2012-01-31": "16408.00000", "2011-01-31": "15959.00000", "2010-01-31": "14962.00000", "2009-01-31": "13734.00000", "2008-01-31": "13269.00000", "2007-01-31": "12614.00000", "2006-01-31": "11732.00000", "2005-01-31": "10731.00000"}, "Other Income": {"2020-01-31": "", "2019-01-31": "", "2018-01-31": "", "2017-01-31": "", "2016-01-31": "", "2015-01-31": "", "2014-01-31": "", "2013-01-31": "", "2012-01-31": "", "2011-01-31": "", "2010-01-31": "", "2009-01-31": "", "2008-01-31": "", "2007-01-31": "", "2006-01-31": "", "2005-01-31": ""}, "Income From Continuous Operations": {"2020-01-31": "15201.00000", "2019-01-31": "7179.00000", "2018-01-31": "10523.00000", "2017-01-31": "14293.00000", "2016-01-31": "15080.00000", "2015-01-31": "16814.00000", "2014-01-31": "16551.00000", "2013-01-31": "17704.00000", "2012-01-31": "16408.00000", "2011-01-31": "15959.00000", "2010-01-31": "14962.00000", "2009-01-31": "13734.00000", "2008-01-31": "13269.00000", "2007-01-31": "12189.00000", "2006-01-31": "11408.00000", "2005-01-31": "10482.00000"}, "Income From Discontinued Operations": {"2020-01-31": "", "2019-01-31": "", "2018-01-31": "", "2017-01-31": "", "2016-01-31": "", "2015-01-31": "285.00000", "2014-01-31": "144.00000", "2013-01-31": "52.00000", "2012-01-31": "-21.00000", "2011-01-31": "1034.00000", "2010-01-31": "-79.00000", "2009-01-31": "146.00000", "2008-01-31": "-132.00000", "2007-01-31": "-905.00000", "2006-01-31": "-177.00000", "2005-01-31": "-215.00000"}, "Net Income": {"2020-01-31": "14881.00000", "2019-01-31": "6670.00000", "2018-01-31": "9862.00000", "2017-01-31": "13643.00000", "2016-01-31": "14694.00000", "2015-01-31": "16363.00000", "2014-01-31": "16022.00000", "2013-01-31": "16999.00000", "2012-01-31": "15699.00000", "2011-01-31": "16389.00000", "2010-01-31": "14370.00000", "2009-01-31": "13381.00000", "2008-01-31": "12731.00000", "2007-01-31": "11284.00000", "2006-01-31": "11231.00000", "2005-01-31": "10267.00000"}, "EBITDA": {"2020-01-31": "31555.00000", "2019-01-31": "32635.00000", "2018-01-31": "30966.00000", "2017-01-31": "32844.00000", "2016-01-31": "33559.00000", "2015-01-31": "36320.00000", "2014-01-31": "35742.00000", "2013-01-31": "36203.00000", "2012-01-31": "34597.00000", "2011-01-31": "33183.00000", "2010-01-31": "31159.00000", "2009-01-31": "29506.00000", "2008-01-31": "28269.00000", "2007-01-31": "25956.00000", "2006-01-31": "23358.00000", "2005-01-31": "21485.00000"}, "EBIT": {"2020-01-31": "20568.00000", "2019-01-31": "21957.00000", "2018-01-31": "20437.00000", "2017-01-31": "22764.00000", "2016-01-31": "24105.00000", "2015-01-31": "27147.00000", "2014-01-31": "26872.00000", "2013-01-31": "27725.00000", "2012-01-31": "26491.00000", "2011-01-31": "25542.00000", "2010-01-31": "24002.00000", "2009-01-31": "22767.00000", "2008-01-31": "21952.00000", "2007-01-31": "20497.00000", "2006-01-31": "18713.00000", "2005-01-31": "17300.00000"}, "Basic Shares Outstanding": {"2020-01-31": "2850.00000", "2019-01-31": "2929.00000", "2018-01-31": "2995.00000", "2017-01-31": "3101.00000", "2016-01-31": "3207.00000", "2015-01-31": "3230.00000", "2014-01-31": "3269.00000", "2013-01-31": "3374.00000", "2012-01-31": "3460.00000", "2011-01-31": "3656.00000", "2010-01-31": "3866.00000", "2009-01-31": "3939.00000", "2008-01-31": "4066.00000", "2007-01-31": "4164.00000", "2006-01-31": "4183.00000", "2005-01-31": "4259.00000"}, "Shares Outstanding": {"2020-01-31": "2868.00000", "2019-01-31": "2945.00000", "2018-01-31": "3010.00000", "2017-01-31": "3112.00000", "2016-01-31": "3217.00000", "2015-01-31": "3243.00000", "2014-01-31": "3283.00000", "2013-01-31": "3389.00000", "2012-01-31": "3474.00000", "2011-01-31": "3670.00000", "2010-01-31": "3877.00000", "2009-01-31": "3951.00000", "2008-01-31": "4072.00000", "2007-01-31": "4168.00000", "2006-01-31": "4188.00000", "2005-01-31": "4266.00000"}, "Basic EPS": {"2020-01-31": "5.22000", "2019-01-31": "2.28000", "2018-01-31": "3.29000", "2017-01-31": "4.40000", "2016-01-31": "4.58000", "2015-01-31": "5.07000", "2014-01-31": "4.90000", "2013-01-31": "5.04000", "2012-01-31": "4.54000", "2011-01-31": "4.48000", "2010-01-31": "3.72000", "2009-01-31": "3.40000", "2008-01-31": "3.13000", "2007-01-31": "2.71000", "2006-01-31": "2.68000", "2005-01-31": "2.41000"}, "EPS - Earnings Per Share": {"2020-01-31": "5.19000", "2019-01-31": "2.26000", "2018-01-31": "3.28000", "2017-01-31": "4.38000", "2016-01-31": "4.57000", "2015-01-31": "5.05000", "2014-01-31": "4.88000", "2013-01-31": "5.02000", "2012-01-31": "4.52000", "2011-01-31": "4.47000", "2010-01-31": "3.71000", "2009-01-31": "3.39000", "2008-01-31": "3.13000", "2007-01-31": "2.71000", "2006-01-31": "2.68000", "2005-01-31": "2.41000"}}, "income statement, quarterly": {"Revenue": {"2020-10-31": "134708.00000", "2020-07-31": "137742.00000", "2020-04-30": "134622.00000", "2020-01-31": "141671.00000", "2019-10-31": "127991.00000", "2019-07-31": "130377.00000", "2019-04-30": "123925.00000", "2019-01-31": "138793.00000", "2018-10-31": "124894.00000", "2018-07-31": "128028.00000", "2018-04-30": "122690.00000", "2018-01-31": "136267.00000", "2017-10-31": "123179.00000", "2017-07-31": "123355.00000", "2017-04-30": "117542.00000", "2017-01-31": "130936.00000", "2016-10-31": "118179.00000", "2016-07-31": "120854.00000", "2016-04-30": "115904.00000", "2016-01-31": "129667.00000", "2015-10-31": "117408.00000", "2015-07-31": "120229.00000", "2015-04-30": "114826.00000", "2015-01-31": "131565.00000", "2014-10-31": "119001.00000", "2014-07-31": "120125.00000", "2014-04-30": "114960.00000", "2014-01-31": "129706.00000", "2013-10-31": "115688.00000", "2013-07-31": "116830.00000", "2013-04-30": "114070.00000", "2013-01-31": "127559.00000", "2012-10-31": "113800.00000", "2012-07-31": "114282.00000", "2012-04-30": "113010.00000", "2012-01-31": "122728.00000", "2011-10-31": "110226.00000", "2011-07-31": "109366.00000", "2011-04-30": "104189.00000", "2011-01-31": "116360.00000", "2010-10-31": "101952.00000", "2010-07-31": "103726.00000", "2010-04-30": "99811.00000", "2010-01-31": "113594.00000", "2009-10-31": "99373.00000", "2009-07-31": "100876.00000", "2009-04-30": "94242.00000", "2009-01-31": "108627.00000", "2008-10-31": "98345.00000", "2008-07-31": "102342.00000", "2008-04-30": "94940.00000", "2008-01-31": "105749.00000", "2007-10-31": "91865.00000", "2007-07-31": "92999.00000", "2007-04-30": "86410.00000", "2007-01-31": "98795.00000", "2006-10-31": "84467.00000", "2006-07-31": "85430.00000", "2006-04-30": "79676.00000", "2006-01-31": "88327.00000", "2005-10-31": "75397.00000", "2005-07-31": "76697.00000", "2005-04-30": "71680.00000", "2005-01-31": "79126.00000"}, "Cost Of Goods Sold": {"2020-10-31": "100339.00000", "2020-07-31": "102689.00000", "2020-04-30": "102026.00000", "2020-01-31": "107748.00000", "2019-10-31": "95900.00000", "2019-07-31": "97923.00000", "2019-04-30": "93034.00000", "2019-01-31": "104907.00000", "2018-10-31": "93116.00000", "2018-07-31": "95571.00000", "2018-04-30": "91707.00000", "2018-01-31": "102640.00000", "2017-10-31": "91547.00000", "2017-07-31": "91521.00000", "2017-04-30": "87688.00000", "2017-01-31": "97743.00000", "2016-10-31": "87484.00000", "2016-07-31": "89485.00000", "2016-04-30": "86544.00000", "2016-01-31": "96999.00000", "2015-10-31": "87446.00000", "2015-07-31": "90056.00000", "2015-04-30": "86483.00000", "2015-01-31": "99115.00000", "2014-10-31": "89247.00000", "2014-07-31": "90010.00000", "2014-04-30": "86714.00000", "2014-01-31": "97971.00000", "2013-10-31": "86687.00000", "2013-07-31": "87420.00000", "2013-04-30": "85991.00000", "2013-01-31": "96006.00000", "2012-10-31": "85470.00000", "2012-07-31": "85643.00000", "2012-04-30": "85178.00000", "2012-01-31": "92455.00000", "2011-10-31": "82591.00000", "2011-07-31": "81770.00000", "2011-04-30": "78177.00000", "2011-01-31": "87071.00000", "2010-10-31": "75819.00000", "2010-07-31": "77438.00000", "2010-04-30": "74618.00000", "2010-01-31": "84747.00000", "2009-10-31": "73915.00000", "2009-07-31": "75056.00000", "2009-04-30": "70388.00000", "2009-01-31": "81830.00000", "2008-10-31": "73621.00000", "2008-07-31": "77118.00000", "2008-04-30": "71372.00000", "2008-01-31": "78986.00000", "2007-10-31": "69251.00000", "2007-07-31": "70589.00000", "2007-04-30": "65311.00000", "2007-01-31": "75392.00000", "2006-10-31": "63765.00000", "2006-07-31": "64585.00000", "2006-04-30": "60237.00000", "2006-01-31": "67664.00000", "2005-10-31": "57325.00000", "2005-07-31": "58089.00000", "2005-04-30": "54571.00000", "2005-01-31": "60763.00000"}, "Gross Profit": {"2020-10-31": "34369.00000", "2020-07-31": "35053.00000", "2020-04-30": "32596.00000", "2020-01-31": "33923.00000", "2019-10-31": "32091.00000", "2019-07-31": "32454.00000", "2019-04-30": "30891.00000", "2019-01-31": "33886.00000", "2018-10-31": "31778.00000", "2018-07-31": "32457.00000", "2018-04-30": "30983.00000", "2018-01-31": "33627.00000", "2017-10-31": "31632.00000", "2017-07-31": "31834.00000", "2017-04-30": "29854.00000", "2017-01-31": "33193.00000", "2016-10-31": "30695.00000", "2016-07-31": "31369.00000", "2016-04-30": "29360.00000", "2016-01-31": "32668.00000", "2015-10-31": "29962.00000", "2015-07-31": "30173.00000", "2015-04-30": "28343.00000", "2015-01-31": "32450.00000", "2014-10-31": "29754.00000", "2014-07-31": "30115.00000", "2014-04-30": "28246.00000", "2014-01-31": "31735.00000", "2013-10-31": "29001.00000", "2013-07-31": "29410.00000", "2013-04-30": "28079.00000", "2013-01-31": "31553.00000", "2012-10-31": "28330.00000", "2012-07-31": "28639.00000", "2012-04-30": "27832.00000", "2012-01-31": "30273.00000", "2011-10-31": "27635.00000", "2011-07-31": "27596.00000", "2011-04-30": "26012.00000", "2011-01-31": "29289.00000", "2010-10-31": "26133.00000", "2010-07-31": "26288.00000", "2010-04-30": "25193.00000", "2010-01-31": "28847.00000", "2009-10-31": "25458.00000", "2009-07-31": "25820.00000", "2009-04-30": "23854.00000", "2009-01-31": "26797.00000", "2008-10-31": "24724.00000", "2008-07-31": "25224.00000", "2008-04-30": "23568.00000", "2008-01-31": "26763.00000", "2007-10-31": "22614.00000", "2007-07-31": "22410.00000", "2007-04-30": "21099.00000", "2007-01-31": "23403.00000", "2006-10-31": "20702.00000", "2006-07-31": "20845.00000", "2006-04-30": "19439.00000", "2006-01-31": "20663.00000", "2005-10-31": "18072.00000", "2005-07-31": "18608.00000", "2005-04-30": "17109.00000", "2005-01-31": "18363.00000"}, "Research And Development Expenses": {"2020-10-31": "", "2020-07-31": "", "2020-04-30": "", "2020-01-31": "", "2019-10-31": "", "2019-07-31": "", "2019-04-30": "", "2019-01-31": "", "2018-10-31": "", "2018-07-31": "", "2018-04-30": "", "2018-01-31": "", "2017-10-31": "", "2017-07-31": "", "2017-04-30": "", "2017-01-31": "", "2016-10-31": "", "2016-07-31": "", "2016-04-30": "", "2016-01-31": "", "2015-10-31": "", "2015-07-31": "", "2015-04-30": "", "2015-01-31": "", "2014-10-31": "", "2014-07-31": "", "2014-04-30": "", "2014-01-31": "", "2013-10-31": "", "2013-07-31": "", "2013-04-30": "", "2013-01-31": "", "2012-10-31": "", "2012-07-31": "", "2012-04-30": "", "2012-01-31": "", "2011-10-31": "", "2011-07-31": "", "2011-04-30": "", "2011-01-31": "", "2010-10-31": "", "2010-07-31": "", "2010-04-30": "", "2010-01-31": "", "2009-10-31": "", "2009-07-31": "", "2009-04-30": "", "2009-01-31": "", "2008-10-31": "", "2008-07-31": "", "2008-04-30": "", "2008-01-31": "", "2007-10-31": "", "2007-07-31": "", "2007-04-30": "", "2007-01-31": "", "2006-10-31": "", "2006-07-31": "", "2006-04-30": "", "2006-01-31": "", "2005-10-31": "", "2005-07-31": "", "2005-04-30": "", "2005-01-31": ""}, "SG&A Expenses": {"2020-10-31": "28591.00000", "2020-07-31": "28994.00000", "2020-04-30": "27372.00000", "2020-01-31": "28601.00000", "2019-10-31": "27373.00000", "2019-07-31": "26871.00000", "2019-04-30": "25946.00000", "2019-01-31": "27819.00000", "2018-10-31": "26792.00000", "2018-07-31": "26707.00000", "2018-04-30": "25829.00000", "2018-01-31": "29160.00000", "2017-10-31": "26868.00000", "2017-07-31": "25865.00000", "2017-04-30": "24617.00000", "2017-01-31": "26988.00000", "2016-10-31": "25576.00000", "2016-07-31": "25204.00000", "2016-04-30": "24085.00000", "2016-01-31": "26026.00000", "2015-10-31": "24248.00000", "2015-07-31": "24104.00000", "2015-04-30": "22663.00000", "2015-01-31": "24501.00000", "2014-10-31": "23489.00000", "2014-07-31": "23375.00000", "2014-04-30": "22053.00000", "2014-01-31": "24388.00000", "2013-10-31": "22691.00000", "2013-07-31": "22633.00000", "2013-04-30": "21641.00000", "2013-01-31": "23006.00000", "2012-10-31": "22237.00000", "2012-07-31": "21941.00000", "2012-04-30": "21445.00000", "2012-01-31": "21939.00000", "2011-10-31": "21757.00000", "2011-07-31": "21213.00000", "2011-04-30": "20116.00000", "2011-01-31": "21285.00000", "2010-10-31": "20522.00000", "2010-07-31": "20098.00000", "2010-04-30": "19456.00000", "2010-01-31": "21433.00000", "2009-10-31": "20016.00000", "2009-07-31": "19891.00000", "2009-04-30": "18637.00000", "2009-01-31": "20452.00000", "2008-10-31": "19432.00000", "2008-07-31": "19411.00000", "2008-04-30": "18251.00000", "2008-01-31": "19905.00000", "2007-10-31": "17653.00000", "2007-07-31": "17127.00000", "2007-04-30": "16249.00000", "2007-01-31": "16970.00000", "2006-10-31": "16237.00000", "2006-07-31": "15741.00000", "2006-04-30": "14944.00000", "2006-01-31": "14719.00000", "2005-10-31": "13974.00000", "2005-07-31": "13878.00000", "2005-04-30": "13168.00000", "2005-01-31": "12856.00000"}, "Other Operating Income Or Expenses": {"2020-10-31": "", "2020-07-31": "", "2020-04-30": "", "2020-01-31": "", "2019-10-31": "", "2019-07-31": "", "2019-04-30": "", "2019-01-31": "", "2018-10-31": "", "2018-07-31": "", "2018-04-30": "", "2018-01-31": "", "2017-10-31": "", "2017-07-31": "", "2017-04-30": "", "2017-01-31": "", "2016-10-31": "", "2016-07-31": "", "2016-04-30": "", "2016-01-31": "", "2015-10-31": "", "2015-07-31": "", "2015-04-30": "", "2015-01-31": "", "2014-10-31": "", "2014-07-31": "", "2014-04-30": "", "2014-01-31": "", "2013-10-31": "", "2013-07-31": "", "2013-04-30": "", "2013-01-31": "", "2012-10-31": "", "2012-07-31": "", "2012-04-30": "", "2012-01-31": "", "2011-10-31": "", "2011-07-31": "", "2011-04-30": "", "2011-01-31": "", "2010-10-31": "", "2010-07-31": "", "2010-04-30": "", "2010-01-31": "", "2009-10-31": "", "2009-07-31": "", "2009-04-30": "", "2009-01-31": "", "2008-10-31": "", "2008-07-31": "", "2008-04-30": "", "2008-01-31": "", "2007-10-31": "", "2007-07-31": "", "2007-04-30": "", "2007-01-31": "", "2006-10-31": "", "2006-07-31": "", "2006-04-30": "", "2006-01-31": "", "2005-10-31": "", "2005-07-31": "", "2005-04-30": "", "2005-01-31": ""}, "Operating Expenses": {"2020-10-31": "128930.00000", "2020-07-31": "131683.00000", "2020-04-30": "129398.00000", "2020-01-31": "136349.00000", "2019-10-31": "123273.00000", "2019-07-31": "124794.00000", "2019-04-30": "118980.00000", "2019-01-31": "132726.00000", "2018-10-31": "119908.00000", "2018-07-31": "122278.00000", "2018-04-30": "117536.00000", "2018-01-31": "131800.00000", "2017-10-31": "118415.00000", "2017-07-31": "117386.00000", "2017-04-30": "112305.00000", "2017-01-31": "124731.00000", "2016-10-31": "113060.00000", "2016-07-31": "114689.00000", "2016-04-30": "110629.00000", "2016-01-31": "123025.00000", "2015-10-31": "111694.00000", "2015-07-31": "114160.00000", "2015-04-30": "109146.00000", "2015-01-31": "123616.00000", "2014-10-31": "112736.00000", "2014-07-31": "113385.00000", "2014-04-30": "108767.00000", "2014-01-31": "122359.00000", "2013-10-31": "109378.00000", "2013-07-31": "110053.00000", "2013-04-30": "107632.00000", "2013-01-31": "119012.00000", "2012-10-31": "107707.00000", "2012-07-31": "107584.00000", "2012-04-30": "106623.00000", "2012-01-31": "114394.00000", "2011-10-31": "104348.00000", "2011-07-31": "102983.00000", "2011-04-30": "98293.00000", "2011-01-31": "108356.00000", "2010-10-31": "96341.00000", "2010-07-31": "97536.00000", "2010-04-30": "94074.00000", "2010-01-31": "106180.00000", "2009-10-31": "93931.00000", "2009-07-31": "94947.00000", "2009-04-30": "89025.00000", "2009-01-31": "102282.00000", "2008-10-31": "93053.00000", "2008-07-31": "96529.00000", "2008-04-30": "89623.00000", "2008-01-31": "98891.00000", "2007-10-31": "86904.00000", "2007-07-31": "87716.00000", "2007-04-30": "81560.00000", "2007-01-31": "92362.00000", "2006-10-31": "80002.00000", "2006-07-31": "80326.00000", "2006-04-30": "75181.00000", "2006-01-31": "82383.00000", "2005-10-31": "71299.00000", "2005-07-31": "71967.00000", "2005-04-30": "67739.00000", "2005-01-31": "73619.00000"}, "Operating Income": {"2020-10-31": "5778.00000", "2020-07-31": "6059.00000", "2020-04-30": "5224.00000", "2020-01-31": "5322.00000", "2019-10-31": "4718.00000", "2019-07-31": "5583.00000", "2019-04-30": "4945.00000", "2019-01-31": "6067.00000", "2018-10-31": "4986.00000", "2018-07-31": "5750.00000", "2018-04-30": "5154.00000", "2018-01-31": "4467.00000", "2017-10-31": "4764.00000", "2017-07-31": "5969.00000", "2017-04-30": "5237.00000", "2017-01-31": "6205.00000", "2016-10-31": "5119.00000", "2016-07-31": "6165.00000", "2016-04-30": "5275.00000", "2016-01-31": "6642.00000", "2015-10-31": "5714.00000", "2015-07-31": "6069.00000", "2015-04-30": "5680.00000", "2015-01-31": "7949.00000", "2014-10-31": "6265.00000", "2014-07-31": "6740.00000", "2014-04-30": "6193.00000", "2014-01-31": "7347.00000", "2013-10-31": "6310.00000", "2013-07-31": "6777.00000", "2013-04-30": "6438.00000", "2013-01-31": "8547.00000", "2012-10-31": "6093.00000", "2012-07-31": "6698.00000", "2012-04-30": "6387.00000", "2012-01-31": "8334.00000", "2011-10-31": "5878.00000", "2011-07-31": "6383.00000", "2011-04-30": "5896.00000", "2011-01-31": "8004.00000", "2010-10-31": "5611.00000", "2010-07-31": "6190.00000", "2010-04-30": "5737.00000", "2010-01-31": "7414.00000", "2009-10-31": "5442.00000", "2009-07-31": "5929.00000", "2009-04-30": "5217.00000", "2009-01-31": "6345.00000", "2008-10-31": "5292.00000", "2008-07-31": "5813.00000", "2008-04-30": "5317.00000", "2008-01-31": "6858.00000", "2007-10-31": "4961.00000", "2007-07-31": "5283.00000", "2007-04-30": "4850.00000", "2007-01-31": "6433.00000", "2006-10-31": "4465.00000", "2006-07-31": "5104.00000", "2006-04-30": "4495.00000", "2006-01-31": "5944.00000", "2005-10-31": "4098.00000", "2005-07-31": "4730.00000", "2005-04-30": "3941.00000", "2005-01-31": "5507.00000"}, "Total Non-Operating Income/Expense": {"2020-10-31": "1337.00000", "2020-07-31": "2587.00000", "2020-04-30": "172.00000", "2020-01-31": "351.00000", "2019-10-31": "-345.00000", "2019-07-31": "-670.00000", "2019-04-30": "212.00000", "2019-01-31": "-403.00000", "2018-10-31": "-2410.00000", "2018-07-31": "-5352.00000", "2018-04-30": "-2332.00000", "2018-01-31": "-1503.00000", "2017-10-31": "-1885.00000", "2017-07-31": "-1363.00000", "2017-04-30": "-563.00000", "2017-01-31": "-555.00000", "2016-10-31": "-585.00000", "2016-07-31": "-566.00000", "2016-04-30": "-561.00000", "2016-01-31": "-548.00000", "2015-10-31": "-552.00000", "2015-07-31": "-543.00000", "2015-04-30": "-824.00000", "2015-01-31": "-586.00000", "2014-10-31": "-656.00000", "2014-07-31": "-538.00000", "2014-04-30": "-568.00000", "2014-01-31": "-554.00000", "2013-10-31": "-580.00000", "2013-07-31": "-552.00000", "2013-04-30": "-530.00000", "2013-01-31": "-477.00000", "2012-10-31": "-546.00000", "2012-07-31": "-505.00000", "2012-04-30": "-535.00000", "2012-01-31": "-528.00000", "2011-10-31": "-535.00000", "2011-07-31": "-578.00000", "2011-04-30": "-518.00000", "2011-01-31": "-532.00000", "2010-10-31": "-516.00000", "2010-07-31": "-485.00000", "2010-04-30": "-471.00000", "2010-01-31": "-469.00000", "2009-10-31": "-475.00000", "2009-07-31": "-473.00000", "2009-04-30": "-467.00000", "2009-01-31": "-492.00000", "2008-10-31": "-456.00000", "2008-07-31": "-456.00000", "2008-04-30": "-496.00000", "2008-01-31": "-538.00000", "2007-10-31": "-460.00000", "2007-07-31": "-404.00000", "2007-04-30": "-392.00000", "2007-01-31": "-344.00000", "2006-10-31": "-424.00000", "2006-07-31": "-393.00000", "2006-04-30": "-368.00000", "2006-01-31": "-322.00000", "2005-10-31": "-350.00000", "2005-07-31": "-306.00000", "2005-04-30": "-200.00000", "2005-01-31": "-292.00000"}, "Pre-Tax Income": {"2020-10-31": "7115.00000", "2020-07-31": "8646.00000", "2020-04-30": "5396.00000", "2020-01-31": "5673.00000", "2019-10-31": "4373.00000", "2019-07-31": "4913.00000", "2019-04-30": "5157.00000", "2019-01-31": "5664.00000", "2018-10-31": "2576.00000", "2018-07-31": "398.00000", "2018-04-30": "2822.00000", "2018-01-31": "2964.00000", "2017-10-31": "2879.00000", "2017-07-31": "4606.00000", "2017-04-30": "4674.00000", "2017-01-31": "5650.00000", "2016-10-31": "4534.00000", "2016-07-31": "5599.00000", "2016-04-30": "4714.00000", "2016-01-31": "6094.00000", "2015-10-31": "5162.00000", "2015-07-31": "5526.00000", "2015-04-30": "4856.00000", "2015-01-31": "7363.00000", "2014-10-31": "5609.00000", "2014-07-31": "6202.00000", "2014-04-30": "5625.00000", "2014-01-31": "6793.00000", "2013-10-31": "5730.00000", "2013-07-31": "6225.00000", "2013-04-30": "5908.00000", "2013-01-31": "8070.00000", "2012-10-31": "5547.00000", "2012-07-31": "6193.00000", "2012-04-30": "5852.00000", "2012-01-31": "7806.00000", "2011-10-31": "5343.00000", "2011-07-31": "5805.00000", "2011-04-30": "5378.00000", "2011-01-31": "7472.00000", "2010-10-31": "5095.00000", "2010-07-31": "5705.00000", "2010-04-30": "5266.00000", "2010-01-31": "6945.00000", "2009-10-31": "4967.00000", "2009-07-31": "5456.00000", "2009-04-30": "4750.00000", "2009-01-31": "5853.00000", "2008-10-31": "4836.00000", "2008-07-31": "5357.00000", "2008-04-30": "4821.00000", "2008-01-31": "6320.00000", "2007-10-31": "4501.00000", "2007-07-31": "4879.00000", "2007-04-30": "4458.00000", "2007-01-31": "6089.00000", "2006-10-31": "4041.00000", "2006-07-31": "4711.00000", "2006-04-30": "4127.00000", "2006-01-31": "5622.00000", "2005-10-31": "3748.00000", "2005-07-31": "4424.00000", "2005-04-30": "3741.00000", "2005-01-31": "5215.00000"}, "Income Taxes": {"2020-10-31": "1914.00000", "2020-07-31": "2207.00000", "2020-04-30": "1322.00000", "2020-01-31": "1379.00000", "2019-10-31": "1052.00000", "2019-07-31": "1233.00000", "2019-04-30": "1251.00000", "2019-01-31": "1851.00000", "2018-10-31": "759.00000", "2018-07-31": "1125.00000", "2018-04-30": "546.00000", "2018-01-31": "601.00000", "2017-10-31": "975.00000", "2017-07-31": "1502.00000", "2017-04-30": "1522.00000", "2017-01-31": "1664.00000", "2016-10-31": "1332.00000", "2016-07-31": "1710.00000", "2016-04-30": "1498.00000", "2016-01-31": "1346.00000", "2015-10-31": "1748.00000", "2015-07-31": "1891.00000", "2015-04-30": "1573.00000", "2015-01-31": "2175.00000", "2014-10-31": "1783.00000", "2014-07-31": "2113.00000", "2014-04-30": "1914.00000", "2014-01-31": "2249.00000", "2013-10-31": "1860.00000", "2013-07-31": "2020.00000", "2013-04-30": "1976.00000", "2013-01-31": "2230.00000", "2012-10-31": "1738.00000", "2012-07-31": "2032.00000", "2012-04-30": "1958.00000", "2012-01-31": "2414.00000", "2011-10-31": "1842.00000", "2011-07-31": "1868.00000", "2011-04-30": "1800.00000", "2011-01-31": "2294.00000", "2010-10-31": "1505.00000", "2010-07-31": "1958.00000", "2010-04-30": "1822.00000", "2010-01-31": "1981.00000", "2009-10-31": "1702.00000", "2009-07-31": "1870.00000", "2009-04-30": "1603.00000", "2009-01-31": "1947.00000", "2008-10-31": "1690.00000", "2008-07-31": "1826.00000", "2008-04-30": "1670.00000", "2008-01-31": "2125.00000", "2007-10-31": "1556.00000", "2007-07-31": "1676.00000", "2007-04-30": "1532.00000", "2007-01-31": "1967.00000", "2006-10-31": "1363.00000", "2006-07-31": "1636.00000", "2006-04-30": "1388.00000", "2006-01-31": "1835.00000", "2005-10-31": "1253.00000", "2005-07-31": "1503.00000", "2005-04-30": "1212.00000", "2005-01-31": "1735.00000"}, "Income After Taxes": {"2020-10-31": "5201.00000", "2020-07-31": "6439.00000", "2020-04-30": "4074.00000", "2020-01-31": "4294.00000", "2019-10-31": "3321.00000", "2019-07-31": "3680.00000", "2019-04-30": "3906.00000", "2019-01-31": "3813.00000", "2018-10-31": "1817.00000", "2018-07-31": "-727.00000", "2018-04-30": "2276.00000", "2018-01-31": "2363.00000", "2017-10-31": "1904.00000", "2017-07-31": "3104.00000", "2017-04-30": "3152.00000", "2017-01-31": "3986.00000", "2016-10-31": "3202.00000", "2016-07-31": "3889.00000", "2016-04-30": "3216.00000", "2016-01-31": "4748.00000", "2015-10-31": "3414.00000", "2015-07-31": "3635.00000", "2015-04-30": "3283.00000", "2015-01-31": "5188.00000", "2014-10-31": "3826.00000", "2014-07-31": "4089.00000", "2014-04-30": "3711.00000", "2014-01-31": "4544.00000", "2013-10-31": "3870.00000", "2013-07-31": "4205.00000", "2013-04-30": "3932.00000", "2013-01-31": "5840.00000", "2012-10-31": "3809.00000", "2012-07-31": "4161.00000", "2012-04-30": "3894.00000", "2012-01-31": "5392.00000", "2011-10-31": "3501.00000", "2011-07-31": "3937.00000", "2011-04-30": "3578.00000", "2011-01-31": "5178.00000", "2010-10-31": "3590.00000", "2010-07-31": "3747.00000", "2010-04-30": "3444.00000", "2010-01-31": "4964.00000", "2009-10-31": "3265.00000", "2009-07-31": "3586.00000", "2009-04-30": "3147.00000", "2009-01-31": "3906.00000", "2008-10-31": "3146.00000", "2008-07-31": "3531.00000", "2008-04-30": "3151.00000", "2008-01-31": "4195.00000", "2007-10-31": "2945.00000", "2007-07-31": "3203.00000", "2007-04-30": "2926.00000", "2007-01-31": "4122.00000", "2006-10-31": "2678.00000", "2006-07-31": "3075.00000", "2006-04-30": "2739.00000", "2006-01-31": "3787.00000", "2005-10-31": "2495.00000", "2005-07-31": "2921.00000", "2005-04-30": "2529.00000", "2005-01-31": "3480.00000"}, "Other Income": {"2020-10-31": "", "2020-07-31": "", "2020-04-30": "", "2020-01-31": "", "2019-10-31": "", "2019-07-31": "", "2019-04-30": "", "2019-01-31": "", "2018-10-31": "", "2018-07-31": "", "2018-04-30": "", "2018-01-31": "", "2017-10-31": "", "2017-07-31": "", "2017-04-30": "", "2017-01-31": "", "2016-10-31": "", "2016-07-31": "", "2016-04-30": "", "2016-01-31": "", "2015-10-31": "", "2015-07-31": "", "2015-04-30": "", "2015-01-31": "", "2014-10-31": "", "2014-07-31": "", "2014-04-30": "", "2014-01-31": "", "2013-10-31": "", "2013-07-31": "", "2013-04-30": "", "2013-01-31": "", "2012-10-31": "", "2012-07-31": "", "2012-04-30": "", "2012-01-31": "", "2011-10-31": "", "2011-07-31": "", "2011-04-30": "", "2011-01-31": "", "2010-10-31": "", "2010-07-31": "", "2010-04-30": "", "2010-01-31": "", "2009-10-31": "", "2009-07-31": "", "2009-04-30": "", "2009-01-31": "", "2008-10-31": "", "2008-07-31": "", "2008-04-30": "", "2008-01-31": "", "2007-10-31": "", "2007-07-31": "", "2007-04-30": "", "2007-01-31": "", "2006-10-31": "", "2006-07-31": "", "2006-04-30": "", "2006-01-31": "", "2005-10-31": "", "2005-07-31": "", "2005-04-30": "", "2005-01-31": ""}, "Income From Continuous Operations": {"2020-10-31": "5201.00000", "2020-07-31": "6439.00000", "2020-04-30": "4074.00000", "2020-01-31": "4294.00000", "2019-10-31": "3321.00000", "2019-07-31": "3680.00000", "2019-04-30": "3906.00000", "2019-01-31": "3813.00000", "2018-10-31": "1817.00000", "2018-07-31": "-727.00000", "2018-04-30": "2276.00000", "2018-01-31": "2363.00000", "2017-10-31": "1904.00000", "2017-07-31": "3104.00000", "2017-04-30": "3152.00000", "2017-01-31": "3986.00000", "2016-10-31": "3202.00000", "2016-07-31": "3889.00000", "2016-04-30": "3216.00000", "2016-01-31": "4748.00000", "2015-10-31": "3414.00000", "2015-07-31": "3635.00000", "2015-04-30": "3283.00000", "2015-01-31": "5188.00000", "2014-10-31": "3826.00000", "2014-07-31": "4089.00000", "2014-04-30": "3711.00000", "2014-01-31": "4544.00000", "2013-10-31": "3870.00000", "2013-07-31": "4205.00000", "2013-04-30": "3932.00000", "2013-01-31": "5840.00000", "2012-10-31": "3809.00000", "2012-07-31": "4161.00000", "2012-04-30": "3894.00000", "2012-01-31": "5392.00000", "2011-10-31": "3501.00000", "2011-07-31": "3937.00000", "2011-04-30": "3578.00000", "2011-01-31": "5178.00000", "2010-10-31": "3590.00000", "2010-07-31": "3747.00000", "2010-04-30": "3444.00000", "2010-01-31": "4964.00000", "2009-10-31": "3265.00000", "2009-07-31": "3586.00000", "2009-04-30": "3147.00000", "2009-01-31": "3906.00000", "2008-10-31": "3146.00000", "2008-07-31": "3531.00000", "2008-04-30": "3151.00000", "2008-01-31": "4500.00000", "2007-10-31": "2846.00000", "2007-07-31": "3097.00000", "2007-04-30": "2826.00000", "2007-01-31": "3951.00000", "2006-10-31": "2594.00000", "2006-07-31": "2984.00000", "2006-04-30": "2660.00000", "2006-01-31": "3672.00000", "2005-10-31": "2422.00000", "2005-07-31": "2853.00000", "2005-04-30": "2461.00000", "2005-01-31": "3379.00000"}, "Income From Discontinued Operations": {"2020-10-31": "", "2020-07-31": "", "2020-04-30": "", "2020-01-31": "", "2019-10-31": "", "2019-07-31": "", "2019-04-30": "", "2019-01-31": "", "2018-10-31": "", "2018-07-31": "", "2018-04-30": "", "2018-01-31": "", "2017-10-31": "", "2017-07-31": "", "2017-04-30": "", "2017-01-31": "", "2016-10-31": "", "2016-07-31": "", "2016-04-30": "", "2016-01-31": "", "2015-10-31": "", "2015-07-31": "", "2015-04-30": "", "2015-01-31": "", "2014-10-31": "", "2014-07-31": "270.00000", "2014-04-30": "15.00000", "2014-01-31": "106.00000", "2013-10-31": "15.00000", "2013-07-31": "10.00000", "2013-04-30": "13.00000", "2013-01-31": "36.00000", "2012-10-31": "16.00000", "2012-07-31": "", "2012-04-30": "", "2012-01-31": "15.00000", "2011-10-31": "-8.00000", "2011-07-31": "", "2011-04-30": "-28.00000", "2011-01-31": "", "2010-10-31": "0.00000", "2010-07-31": "0.00000", "2010-04-30": "0.00000", "2010-01-31": "-57.00000", "2009-10-31": "-7.00000", "2009-07-31": "-7.00000", "2009-04-30": "-8.00000", "2009-01-31": "", "2008-10-31": "105.00000", "2008-07-31": "48.00000", "2008-04-30": "-7.00000", "2008-01-31": "2.00000", "2007-10-31": "11.00000", "2007-07-31": "-145.00000", "2007-04-30": "", "2007-01-31": "-12.00000", "2006-10-31": "53.00000", "2006-07-31": "-901.00000", "2006-04-30": "-45.00000", "2006-01-31": "-81.00000", "2005-10-31": "-48.00000", "2005-07-31": "-48.00000", "2005-04-30": "", "2005-01-31": ""}, "Net Income": {"2020-10-31": "5135.00000", "2020-07-31": "6476.00000", "2020-04-30": "3990.00000", "2020-01-31": "4141.00000", "2019-10-31": "3288.00000", "2019-07-31": "3610.00000", "2019-04-30": "3842.00000", "2019-01-31": "3687.00000", "2018-10-31": "1710.00000", "2018-07-31": "-861.00000", "2018-04-30": "2134.00000", "2018-01-31": "2175.00000", "2017-10-31": "1749.00000", "2017-07-31": "2899.00000", "2017-04-30": "3039.00000", "2017-01-31": "3757.00000", "2016-10-31": "3034.00000", "2016-07-31": "3773.00000", "2016-04-30": "3079.00000", "2016-01-31": "4574.00000", "2015-10-31": "3304.00000", "2015-07-31": "3475.00000", "2015-04-30": "3341.00000", "2015-01-31": "4966.00000", "2014-10-31": "3711.00000", "2014-07-31": "4093.00000", "2014-04-30": "3593.00000", "2014-01-31": "4431.00000", "2013-10-31": "3738.00000", "2013-07-31": "4069.00000", "2013-04-30": "3784.00000", "2013-01-31": "5606.00000", "2012-10-31": "3635.00000", "2012-07-31": "4016.00000", "2012-04-30": "3742.00000", "2012-01-31": "5163.00000", "2011-10-31": "3336.00000", "2011-07-31": "3801.00000", "2011-04-30": "3399.00000", "2011-01-31": "6056.00000", "2010-10-31": "3436.00000", "2010-07-31": "3596.00000", "2010-04-30": "3301.00000", "2010-01-31": "4732.00000", "2009-10-31": "3144.00000", "2009-07-31": "3472.00000", "2009-04-30": "3022.00000", "2009-01-31": "3772.00000", "2008-10-31": "3138.00000", "2008-07-31": "3449.00000", "2008-04-30": "3022.00000", "2008-01-31": "4096.00000", "2007-10-31": "2857.00000", "2007-07-31": "2952.00000", "2007-04-30": "2826.00000", "2007-01-31": "3939.00000", "2006-10-31": "2647.00000", "2006-07-31": "2083.00000", "2006-04-30": "2615.00000", "2006-01-31": "3591.00000", "2005-10-31": "2374.00000", "2005-07-31": "2805.00000", "2005-04-30": "2461.00000", "2005-01-31": "3164.00000"}, "EBITDA": {"2020-10-31": "8549.00000", "2020-07-31": "8830.00000", "2020-04-30": "8015.00000", "2020-01-31": "8150.00000", "2019-10-31": "7441.00000", "2019-07-31": "8305.00000", "2019-04-30": "7659.00000", "2019-01-31": "8798.00000", "2018-10-31": "7601.00000", "2018-07-31": "8404.00000", "2018-04-30": "7832.00000", "2018-01-31": "7169.00000", "2017-10-31": "7422.00000", "2017-07-31": "8587.00000", "2017-04-30": "7788.00000", "2017-01-31": "8911.00000", "2016-10-31": "7588.00000", "2016-07-31": "8682.00000", "2016-04-30": "7663.00000", "2016-01-31": "9073.00000", "2015-10-31": "8079.00000", "2015-07-31": "8408.00000", "2015-04-30": "7999.00000", "2015-01-31": "10241.00000", "2014-10-31": "8619.00000", "2014-07-31": "9017.00000", "2014-04-30": "8443.00000", "2014-01-31": "9617.00000", "2013-10-31": "8508.00000", "2013-07-31": "8992.00000", "2013-04-30": "8625.00000", "2013-01-31": "10721.00000", "2012-10-31": "8164.00000", "2012-07-31": "8825.00000", "2012-04-30": "8493.00000", "2012-01-31": "10373.00000", "2011-10-31": "7918.00000", "2011-07-31": "8425.00000", "2011-04-30": "7881.00000", "2011-01-31": "10010.00000", "2010-10-31": "7498.00000", "2010-07-31": "8074.00000", "2010-04-30": "7601.00000", "2010-01-31": "9316.00000", "2009-10-31": "7240.00000", "2009-07-31": "7686.00000", "2009-04-30": "6917.00000", "2009-01-31": "8030.00000", "2008-10-31": "6980.00000", "2008-07-31": "7551.00000", "2008-04-30": "6945.00000", "2008-01-31": "8519.00000", "2007-10-31": "6557.00000", "2007-07-31": "6855.00000", "2007-04-30": "6338.00000", "2007-01-31": "7879.00000", "2006-10-31": "5836.00000", "2006-07-31": "6452.00000", "2006-04-30": "5789.00000", "2006-01-31": "7130.00000", "2005-10-31": "5272.00000", "2005-07-31": "5883.00000", "2005-04-30": "5073.00000", "2005-01-31": "6531.00000"}, "EBIT": {"2020-10-31": "5778.00000", "2020-07-31": "6059.00000", "2020-04-30": "5224.00000", "2020-01-31": "5322.00000", "2019-10-31": "4718.00000", "2019-07-31": "5583.00000", "2019-04-30": "4945.00000", "2019-01-31": "6067.00000", "2018-10-31": "4986.00000", "2018-07-31": "5750.00000", "2018-04-30": "5154.00000", "2018-01-31": "4467.00000", "2017-10-31": "4764.00000", "2017-07-31": "5969.00000", "2017-04-30": "5237.00000", "2017-01-31": "6205.00000", "2016-10-31": "5119.00000", "2016-07-31": "6165.00000", "2016-04-30": "5275.00000", "2016-01-31": "6642.00000", "2015-10-31": "5714.00000", "2015-07-31": "6069.00000", "2015-04-30": "5680.00000", "2015-01-31": "7949.00000", "2014-10-31": "6265.00000", "2014-07-31": "6740.00000", "2014-04-30": "6193.00000", "2014-01-31": "7347.00000", "2013-10-31": "6310.00000", "2013-07-31": "6777.00000", "2013-04-30": "6438.00000", "2013-01-31": "8547.00000", "2012-10-31": "6093.00000", "2012-07-31": "6698.00000", "2012-04-30": "6387.00000", "2012-01-31": "8334.00000", "2011-10-31": "5878.00000", "2011-07-31": "6383.00000", "2011-04-30": "5896.00000", "2011-01-31": "8004.00000", "2010-10-31": "5611.00000", "2010-07-31": "6190.00000", "2010-04-30": "5737.00000", "2010-01-31": "7414.00000", "2009-10-31": "5442.00000", "2009-07-31": "5929.00000", "2009-04-30": "5217.00000", "2009-01-31": "6345.00000", "2008-10-31": "5292.00000", "2008-07-31": "5813.00000", "2008-04-30": "5317.00000", "2008-01-31": "6858.00000", "2007-10-31": "4961.00000", "2007-07-31": "5283.00000", "2007-04-30": "4850.00000", "2007-01-31": "6433.00000", "2006-10-31": "4465.00000", "2006-07-31": "5104.00000", "2006-04-30": "4495.00000", "2006-01-31": "5944.00000", "2005-10-31": "4098.00000", "2005-07-31": "4730.00000", "2005-04-30": "3941.00000", "2005-01-31": "5507.00000"}, "Basic Shares Outstanding": {"2020-10-31": "2833.00000", "2020-07-31": "2832.00000", "2020-04-30": "2831.00000", "2020-01-31": "2850.00000", "2019-10-31": "2843.00000", "2019-07-31": "2853.00000", "2019-04-30": "2869.00000", "2019-01-31": "2929.00000", "2018-10-31": "2924.00000", "2018-07-31": "2946.00000", "2018-04-30": "2950.00000", "2018-01-31": "2995.00000", "2017-10-31": "2981.00000", "2017-07-31": "3008.00000", "2017-04-30": "3035.00000", "2017-01-31": "3101.00000", "2016-10-31": "3089.00000", "2016-07-31": "3109.00000", "2016-04-30": "3144.00000", "2016-01-31": "3207.00000", "2015-10-31": "3210.00000", "2015-07-31": "3221.00000", "2015-04-30": "3231.00000", "2015-01-31": "3230.00000", "2014-10-31": "3229.00000", "2014-07-31": "3230.00000", "2014-04-30": "3233.00000", "2014-01-31": "3269.00000", "2013-10-31": "3257.00000", "2013-07-31": "3278.00000", "2013-04-30": "3301.00000", "2013-01-31": "3374.00000", "2012-10-31": "3364.00000", "2012-07-31": "3384.00000", "2012-04-30": "3409.00000", "2012-01-31": "3460.00000", "2011-10-31": "3445.00000", "2011-07-31": "3472.00000", "2011-04-30": "3497.00000", "2011-01-31": "3656.00000", "2010-10-31": "3617.00000", "2010-07-31": "3696.00000", "2010-04-30": "3765.00000", "2010-01-31": "3866.00000", "2009-10-31": "3851.00000", "2009-07-31": "3891.00000", "2009-04-30": "3920.00000", "2009-01-31": "3939.00000", "2008-10-31": "3931.00000", "2008-07-31": "3945.00000", "2008-04-30": "3957.00000", "2008-01-31": "4066.00000", "2007-10-31": "4051.00000", "2007-07-31": "4102.00000", "2007-04-30": "4122.00000", "2007-01-31": "4164.00000", "2006-10-31": "4169.00000", "2006-07-31": "4168.00000", "2006-04-30": "4167.00000", "2006-01-31": "4183.00000", "2005-10-31": "4165.00000", "2005-07-31": "4175.00000", "2005-04-30": "4228.00000", "2005-01-31": "4259.00000"}, "Shares Outstanding": {"2020-10-31": "2849.00000", "2020-07-31": "2848.00000", "2020-04-30": "2849.00000", "2020-01-31": "2868.00000", "2019-10-31": "2861.00000", "2019-07-31": "2869.00000", "2019-04-30": "2886.00000", "2019-01-31": "2945.00000", "2018-10-31": "2941.00000", "2018-07-31": "2946.00000", "2018-04-30": "2967.00000", "2018-01-31": "3010.00000", "2017-10-31": "2996.00000", "2017-07-31": "3021.00000", "2017-04-30": "3047.00000", "2017-01-31": "3112.00000", "2016-10-31": "3100.00000", "2016-07-31": "3119.00000", "2016-04-30": "3154.00000", "2016-01-31": "3217.00000", "2015-10-31": "3219.00000", "2015-07-31": "3231.00000", "2015-04-30": "3243.00000", "2015-01-31": "3243.00000", "2014-10-31": "3240.00000", "2014-07-31": "3241.00000", "2014-04-30": "3248.00000", "2014-01-31": "3283.00000", "2013-10-31": "3271.00000", "2013-07-31": "3291.00000", "2013-04-30": "3318.00000", "2013-01-31": "3389.00000", "2012-10-31": "3379.00000", "2012-07-31": "3398.00000", "2012-04-30": "3425.00000", "2012-01-31": "3474.00000", "2011-10-31": "3458.00000", "2011-07-31": "3485.00000", "2011-04-30": "3513.00000", "2011-01-31": "3670.00000", "2010-10-31": "3631.00000", "2010-07-31": "3707.00000", "2010-04-30": "3781.00000", "2010-01-31": "3877.00000", "2009-10-31": "3861.00000", "2009-07-31": "3900.00000", "2009-04-30": "3930.00000", "2009-01-31": "3951.00000", "2008-10-31": "3944.00000", "2008-07-31": "3958.00000", "2008-04-30": "3967.00000", "2008-01-31": "4072.00000", "2007-10-31": "4056.00000", "2007-07-31": "4108.00000", "2007-04-30": "4128.00000", "2007-01-31": "4168.00000", "2006-10-31": "4173.00000", "2006-07-31": "4172.00000", "2006-04-30": "4170.00000", "2006-01-31": "4188.00000", "2005-10-31": "4169.00000", "2005-07-31": "4180.00000", "2005-04-30": "4234.00000", "2005-01-31": "4266.00000"}, "Basic EPS": {"2020-10-31": "1.81000", "2020-07-31": "2.29000", "2020-04-30": "1.41000", "2020-01-31": "1.45000", "2019-10-31": "1.16000", "2019-07-31": "1.27000", "2019-04-30": "1.34000", "2019-01-31": "1.27000", "2018-10-31": "0.58000", "2018-07-31": "-0.29000", "2018-04-30": "0.72000", "2018-01-31": "0.74000", "2017-10-31": "0.59000", "2017-07-31": "0.96000", "2017-04-30": "1.00000", "2017-01-31": "1.23000", "2016-10-31": "0.98000", "2016-07-31": "1.21000", "2016-04-30": "0.98000", "2016-01-31": "1.44000", "2015-10-31": "1.03000", "2015-07-31": "1.08000", "2015-04-30": "1.03000", "2015-01-31": "1.54000", "2014-10-31": "1.15000", "2014-07-31": "1.27000", "2014-04-30": "1.11000", "2014-01-31": "1.35000", "2013-10-31": "1.15000", "2013-07-31": "1.25000", "2013-04-30": "1.15000", "2013-01-31": "1.67000", "2012-10-31": "1.08000", "2012-07-31": "1.19000", "2012-04-30": "1.10000", "2012-01-31": "1.51000", "2011-10-31": "0.97000", "2011-07-31": "1.09000", "2011-04-30": "0.97000", "2011-01-31": "1.68000", "2010-10-31": "0.95000", "2010-07-31": "0.97000", "2010-04-30": "0.88000", "2010-01-31": "1.24000", "2009-10-31": "0.82000", "2009-07-31": "0.89000", "2009-04-30": "0.77000", "2009-01-31": "0.97000", "2008-10-31": "0.80000", "2008-07-31": "0.87000", "2008-04-30": "0.76000", "2008-01-31": "1.01000", "2007-10-31": "0.71000", "2007-07-31": "0.72000", "2007-04-30": "0.69000", "2007-01-31": "0.95000", "2006-10-31": "0.63000", "2006-07-31": "0.50000", "2006-04-30": "0.63000", "2006-01-31": "0.86000", "2005-10-31": "0.57000", "2005-07-31": "0.67000", "2005-04-30": "0.58000", "2005-01-31": "0.75000"}, "EPS - Earnings Per Share": {"2020-10-31": "1.80000", "2020-07-31": "2.27000", "2020-04-30": "1.40000", "2020-01-31": "1.45000", "2019-10-31": "1.15000", "2019-07-31": "1.26000", "2019-04-30": "1.33000", "2019-01-31": "1.25000", "2018-10-31": "0.58000", "2018-07-31": "-0.29000", "2018-04-30": "0.72000", "2018-01-31": "0.74000", "2017-10-31": "0.58000", "2017-07-31": "0.96000", "2017-04-30": "1.00000", "2017-01-31": "1.21000", "2016-10-31": "0.98000", "2016-07-31": "1.21000", "2016-04-30": "0.98000", "2016-01-31": "1.43000", "2015-10-31": "1.03000", "2015-07-31": "1.08000", "2015-04-30": "1.03000", "2015-01-31": "1.53000", "2014-10-31": "1.15000", "2014-07-31": "1.26000", "2014-04-30": "1.11000", "2014-01-31": "1.36000", "2013-10-31": "1.14000", "2013-07-31": "1.24000", "2013-04-30": "1.14000", "2013-01-31": "1.67000", "2012-10-31": "1.08000", "2012-07-31": "1.18000", "2012-04-30": "1.09000", "2012-01-31": "1.50000", "2011-10-31": "0.96000", "2011-07-31": "1.09000", "2011-04-30": "0.97000", "2011-01-31": "1.68000", "2010-10-31": "0.95000", "2010-07-31": "0.97000", "2010-04-30": "0.87000", "2010-01-31": "1.24000", "2009-10-31": "0.81000", "2009-07-31": "0.89000", "2009-04-30": "0.77000", "2009-01-31": "0.96000", "2008-10-31": "0.80000", "2008-07-31": "0.87000", "2008-04-30": "0.76000", "2008-01-31": "1.03000", "2007-10-31": "0.70000", "2007-07-31": "0.72000", "2007-04-30": "0.68000", "2007-01-31": "0.95000", "2006-10-31": "0.63000", "2006-07-31": "0.50000", "2006-04-30": "0.63000", "2006-01-31": "0.86000", "2005-10-31": "0.57000", "2005-07-31": "0.67000", "2005-04-30": "0.58000", "2005-01-31": "0.75000"}}, "balance sheet": {"Cash On Hand": {"2020-01-31": "9465.00000", "2019-01-31": "7722.00000", "2018-01-31": "6756.00000", "2017-01-31": "6867.00000", "2016-01-31": "8705.00000", "2015-01-31": "9135.00000", "2014-01-31": "7281.00000", "2013-01-31": "7781.00000", "2012-01-31": "6550.00000", "2011-01-31": "7395.00000", "2010-01-31": "7907.00000", "2009-01-31": "7275.00000", "2008-01-31": "5492.00000", "2007-01-31": "7767.00000", "2006-01-31": "6193.00000", "2005-01-31": "5488.00000"}, "Receivables": {"2020-01-31": "6284.00000", "2019-01-31": "6283.00000", "2018-01-31": "5614.00000", "2017-01-31": "5835.00000", "2016-01-31": "5624.00000", "2015-01-31": "6778.00000", "2014-01-31": "6677.00000", "2013-01-31": "6768.00000", "2012-01-31": "5937.00000", "2011-01-31": "5089.00000", "2010-01-31": "4144.00000", "2009-01-31": "3905.00000", "2008-01-31": "3642.00000", "2007-01-31": "2840.00000", "2006-01-31": "2575.00000", "2005-01-31": "1715.00000"}, "Inventory": {"2020-01-31": "44435.00000", "2019-01-31": "44269.00000", "2018-01-31": "43783.00000", "2017-01-31": "43046.00000", "2016-01-31": "44469.00000", "2015-01-31": "45141.00000", "2014-01-31": "44858.00000", "2013-01-31": "43803.00000", "2012-01-31": "40714.00000", "2011-01-31": "36437.00000", "2010-01-31": "32713.00000", "2009-01-31": "34511.00000", "2008-01-31": "35159.00000", "2007-01-31": "33685.00000", "2006-01-31": "31910.00000", "2005-01-31": "29762.00000"}, "Pre-Paid Expenses": {"2020-01-31": "1622.00000", "2019-01-31": "3623.00000", "2018-01-31": "3511.00000", "2017-01-31": "1941.00000", "2016-01-31": "1441.00000", "2015-01-31": "2224.00000", "2014-01-31": "1909.00000", "2013-01-31": "1551.00000", "2012-01-31": "1774.00000", "2011-01-31": "2960.00000", "2010-01-31": "3128.00000", "2009-01-31": "3063.00000", "2008-01-31": "2760.00000", "2007-01-31": "2690.00000", "2006-01-31": "2468.00000", "2005-01-31": "1889.00000"}, "Other Current Assets": {"2020-01-31": "", "2019-01-31": "", "2018-01-31": "", "2017-01-31": "", "2016-01-31": "", "2015-01-31": "", "2014-01-31": "", "2013-01-31": "", "2012-01-31": "", "2011-01-31": "", "2010-01-31": "", "2009-01-31": "", "2008-01-31": "", "2007-01-31": "", "2006-01-31": "", "2005-01-31": ""}, "Total Current Assets": {"2020-01-31": "61806.00000", "2019-01-31": "61897.00000", "2018-01-31": "59664.00000", "2017-01-31": "57689.00000", "2016-01-31": "60239.00000", "2015-01-31": "63278.00000", "2014-01-31": "61185.00000", "2013-01-31": "59940.00000", "2012-01-31": "54975.00000", "2011-01-31": "52012.00000", "2010-01-31": "48032.00000", "2009-01-31": "48949.00000", "2008-01-31": "48020.00000", "2007-01-31": "46982.00000", "2006-01-31": "43825.00000", "2005-01-31": "38854.00000"}, "Property, Plant, And Equipment": {"2020-01-31": "105208.00000", "2019-01-31": "104317.00000", "2018-01-31": "107675.00000", "2017-01-31": "107710.00000", "2016-01-31": "110171.00000", "2015-01-31": "114280.00000", "2014-01-31": "115364.00000", "2013-01-31": "113929.00000", "2012-01-31": "109603.00000", "2011-01-31": "105098.00000", "2010-01-31": "99544.00000", "2009-01-31": "92856.00000", "2008-01-31": "93725.00000", "2007-01-31": "85390.00000", "2006-01-31": "74600.00000", "2005-01-31": "65400.00000"}, "Long-Term Investments": {"2020-01-31": "", "2019-01-31": "", "2018-01-31": "", "2017-01-31": "", "2016-01-31": "", "2015-01-31": "", "2014-01-31": "", "2013-01-31": "", "2012-01-31": "", "2011-01-31": "", "2010-01-31": "", "2009-01-31": "", "2008-01-31": "", "2007-01-31": "", "2006-01-31": "", "2005-01-31": ""}, "Goodwill And Intangible Assets": {"2020-01-31": "31073.00000", "2019-01-31": "31181.00000", "2018-01-31": "18242.00000", "2017-01-31": "17037.00000", "2016-01-31": "16695.00000", "2015-01-31": "18102.00000", "2014-01-31": "19510.00000", "2013-01-31": "20497.00000", "2012-01-31": "20651.00000", "2011-01-31": "16763.00000", "2010-01-31": "16126.00000", "2009-01-31": "15260.00000", "2008-01-31": "15879.00000", "2007-01-31": "13759.00000", "2006-01-31": "12097.00000", "2005-01-31": "10803.00000"}, "Other Long-Term Assets": {"2020-01-31": "16567.00000", "2019-01-31": "14822.00000", "2018-01-31": "11798.00000", "2017-01-31": "9921.00000", "2016-01-31": "6131.00000", "2015-01-31": "5455.00000", "2014-01-31": "6149.00000", "2013-01-31": "5987.00000", "2012-01-31": "5456.00000", "2011-01-31": "4129.00000", "2010-01-31": "3942.00000", "2009-01-31": "3567.00000", "2008-01-31": "2748.00000", "2007-01-31": "2406.00000", "2006-01-31": "2516.00000", "2005-01-31": "2379.00000"}, "Total Long-Term Assets": {"2020-01-31": "174689.00000", "2019-01-31": "157398.00000", "2018-01-31": "144858.00000", "2017-01-31": "141136.00000", "2016-01-31": "139342.00000", "2015-01-31": "140212.00000", "2014-01-31": "143566.00000", "2013-01-31": "143165.00000", "2012-01-31": "138431.00000", "2011-01-31": "128770.00000", "2010-01-31": "122375.00000", "2009-01-31": "114480.00000", "2008-01-31": "115494.00000", "2007-01-31": "104605.00000", "2006-01-31": "94362.00000", "2005-01-31": "81300.00000"}, "Total Assets": {"2020-01-31": "236495.00000", "2019-01-31": "219295.00000", "2018-01-31": "204522.00000", "2017-01-31": "198825.00000", "2016-01-31": "199581.00000", "2015-01-31": "203490.00000", "2014-01-31": "204751.00000", "2013-01-31": "203105.00000", "2012-01-31": "193406.00000", "2011-01-31": "180782.00000", "2010-01-31": "170407.00000", "2009-01-31": "163429.00000", "2008-01-31": "163514.00000", "2007-01-31": "151587.00000", "2006-01-31": "138187.00000", "2005-01-31": "120154.00000"}, "Total Current Liabilities": {"2020-01-31": "77790.00000", "2019-01-31": "77477.00000", "2018-01-31": "78521.00000", "2017-01-31": "66928.00000", "2016-01-31": "64619.00000", "2015-01-31": "65253.00000", "2014-01-31": "69345.00000", "2013-01-31": "71818.00000", "2012-01-31": "62300.00000", "2011-01-31": "58603.00000", "2010-01-31": "55543.00000", "2009-01-31": "55390.00000", "2008-01-31": "58478.00000", "2007-01-31": "52148.00000", "2006-01-31": "48825.00000", "2005-01-31": "43182.00000"}, "Long Term Debt": {"2020-01-31": "59885.00000", "2019-01-31": "50203.00000", "2018-01-31": "36825.00000", "2017-01-31": "42018.00000", "2016-01-31": "44030.00000", "2015-01-31": "43495.00000", "2014-01-31": "44559.00000", "2013-01-31": "41417.00000", "2012-01-31": "47079.00000", "2011-01-31": "43842.00000", "2010-01-31": "36401.00000", "2009-01-31": "34549.00000", "2008-01-31": "33402.00000", "2007-01-31": "30735.00000", "2006-01-31": "30096.00000", "2005-01-31": "23258.00000"}, "Other Non-Current Liabilities": {"2020-01-31": "", "2019-01-31": "", "2018-01-31": "", "2017-01-31": "", "2016-01-31": "", "2015-01-31": "", "2014-01-31": "", "2013-01-31": "", "2012-01-31": "", "2011-01-31": "", "2010-01-31": "", "2009-01-31": "", "2008-01-31": "", "2007-01-31": "", "2006-01-31": "", "2005-01-31": ""}, "Total Long Term Liabilities": {"2020-01-31": "77153.00000", "2019-01-31": "62184.00000", "2018-01-31": "45179.00000", "2017-01-31": "51362.00000", "2016-01-31": "51351.00000", "2015-01-31": "52300.00000", "2014-01-31": "54067.00000", "2013-01-31": "49549.00000", "2012-01-31": "55345.00000", "2011-01-31": "50932.00000", "2010-01-31": "42216.00000", "2009-01-31": "40960.00000", "2008-01-31": "40428.00000", "2007-01-31": "37866.00000", "2006-01-31": "36191.00000", "2005-01-31": "27576.00000"}, "Total Liabilities": {"2020-01-31": "154943.00000", "2019-01-31": "139661.00000", "2018-01-31": "123700.00000", "2017-01-31": "118290.00000", "2016-01-31": "115970.00000", "2015-01-31": "117553.00000", "2014-01-31": "123412.00000", "2013-01-31": "121367.00000", "2012-01-31": "117645.00000", "2011-01-31": "109535.00000", "2010-01-31": "97759.00000", "2009-01-31": "96350.00000", "2008-01-31": "98906.00000", "2007-01-31": "90014.00000", "2006-01-31": "85016.00000", "2005-01-31": "70758.00000"}, "Common Stock Net": {"2020-01-31": "284.00000", "2019-01-31": "288.00000", "2018-01-31": "295.00000", "2017-01-31": "305.00000", "2016-01-31": "317.00000", "2015-01-31": "323.00000", "2014-01-31": "323.00000", "2013-01-31": "332.00000", "2012-01-31": "342.00000", "2011-01-31": "352.00000", "2010-01-31": "378.00000", "2009-01-31": "393.00000", "2008-01-31": "397.00000", "2007-01-31": "413.00000", "2006-01-31": "417.00000", "2005-01-31": "423.00000"}, "Retained Earnings (Accumulated Deficit)": {"2020-01-31": "83943.00000", "2019-01-31": "80785.00000", "2018-01-31": "85107.00000", "2017-01-31": "89354.00000", "2016-01-31": "90021.00000", "2015-01-31": "85777.00000", "2014-01-31": "76566.00000", "2013-01-31": "72978.00000", "2012-01-31": "68691.00000", "2011-01-31": "63967.00000", "2010-01-31": "66357.00000", "2009-01-31": "63660.00000", "2008-01-31": "57319.00000", "2007-01-31": "55818.00000", "2006-01-31": "49105.00000", "2005-01-31": "43854.00000"}, "Comprehensive Income": {"2020-01-31": "-12805.00000", "2019-01-31": "-11542.00000", "2018-01-31": "-10181.00000", "2017-01-31": "-14232.00000", "2016-01-31": "-11597.00000", "2015-01-31": "-7168.00000", "2014-01-31": "-2996.00000", "2013-01-31": "-587.00000", "2012-01-31": "-1410.00000", "2011-01-31": "646.00000", "2010-01-31": "-70.00000", "2009-01-31": "-2688.00000", "2008-01-31": "3864.00000", "2007-01-31": "2508.00000", "2006-01-31": "1053.00000", "2005-01-31": "2694.00000"}, "Other Share Holders Equity": {"2020-01-31": "", "2019-01-31": "", "2018-01-31": "", "2017-01-31": "", "2016-01-31": "", "2015-01-31": "", "2014-01-31": "", "2013-01-31": "", "2012-01-31": "", "2011-01-31": "", "2010-01-31": "", "2009-01-31": "", "2008-01-31": "", "2007-01-31": "", "2006-01-31": "", "2005-01-31": ""}, "Share Holder Equity": {"2020-01-31": "81552.00000", "2019-01-31": "79634.00000", "2018-01-31": "80822.00000", "2017-01-31": "80535.00000", "2016-01-31": "83611.00000", "2015-01-31": "85937.00000", "2014-01-31": "81339.00000", "2013-01-31": "81738.00000", "2012-01-31": "75761.00000", "2011-01-31": "71247.00000", "2010-01-31": "72648.00000", "2009-01-31": "67079.00000", "2008-01-31": "64608.00000", "2007-01-31": "61573.00000", "2006-01-31": "53171.00000", "2005-01-31": "49396.00000"}, "Total Liabilities And Share Holders Equity": {"2020-01-31": "236495.00000", "2019-01-31": "219295.00000", "2018-01-31": "204522.00000", "2017-01-31": "198825.00000", "2016-01-31": "199581.00000", "2015-01-31": "203490.00000", "2014-01-31": "204751.00000", "2013-01-31": "203105.00000", "2012-01-31": "193406.00000", "2011-01-31": "180782.00000", "2010-01-31": "170407.00000", "2009-01-31": "163429.00000", "2008-01-31": "163514.00000", "2007-01-31": "151587.00000", "2006-01-31": "138187.00000", "2005-01-31": "120154.00000"}}, "balance sheet, quarterly": {"Cash On Hand": {"2020-10-31": "14325.00000", "2020-07-31": "16906.00000", "2020-04-30": "14930.00000", "2020-01-31": "9465.00000", "2019-10-31": "8606.00000", "2019-07-31": "9283.00000", "2019-04-30": "9255.00000", "2019-01-31": "7722.00000", "2018-10-31": "9174.00000", "2018-07-31": "15840.00000", "2018-04-30": "7885.00000", "2018-01-31": "6756.00000", "2017-10-31": "7026.00000", "2017-07-31": "6469.00000", "2017-04-30": "6545.00000", "2017-01-31": "6867.00000", "2016-10-31": "5939.00000", "2016-07-31": "7676.00000", "2016-04-30": "7597.00000", "2016-01-31": "8705.00000", "2015-10-31": "6990.00000", "2015-07-31": "5751.00000", "2015-04-30": "7759.00000", "2015-01-31": "9135.00000", "2014-10-31": "6718.00000", "2014-07-31": "6184.00000", "2014-04-30": "6012.00000", "2014-01-31": "7281.00000", "2013-10-31": "8736.00000", "2013-07-31": "9016.00000", "2013-04-30": "8855.00000", "2013-01-31": "7781.00000", "2012-10-31": "8643.00000", "2012-07-31": "7935.00000", "2012-04-30": "8117.00000", "2012-01-31": "6550.00000", "2011-10-31": "7063.00000", "2011-07-31": "8102.00000", "2011-04-30": "9400.00000", "2011-01-31": "7395.00000", "2010-10-31": "10616.00000", "2010-07-31": "10195.00000", "2010-04-30": "8516.00000", "2010-01-31": "7907.00000", "2009-10-31": "6003.00000", "2009-07-31": "7997.00000", "2009-04-30": "6578.00000", "2009-01-31": "7275.00000", "2008-10-31": "5920.00000", "2008-07-31": "6903.00000", "2008-04-30": "8042.00000", "2008-01-31": "5492.00000", "2007-10-31": "5518.00000", "2007-07-31": "6073.00000", "2007-04-30": "6563.00000", "2007-01-31": "7767.00000", "2006-10-31": "5908.00000", "2006-07-31": "6386.00000", "2006-04-30": "5690.00000", "2006-01-31": "6193.00000", "2005-10-31": "4334.00000", "2005-07-31": "5452.00000", "2005-04-30": "4955.00000", "2005-01-31": "5488.00000"}, "Receivables": {"2020-10-31": "5770.00000", "2020-07-31": "5111.00000", "2020-04-30": "5029.00000", "2020-01-31": "6284.00000", "2019-10-31": "5612.00000", "2019-07-31": "5382.00000", "2019-04-30": "5342.00000", "2019-01-31": "6283.00000", "2018-10-31": "5785.00000", "2018-07-31": "5002.00000", "2018-04-30": "4568.00000", "2018-01-31": "5614.00000", "2017-10-31": "5865.00000", "2017-07-31": "5395.00000", "2017-04-30": "5252.00000", "2017-01-31": "5835.00000", "2016-10-31": "5344.00000", "2016-07-31": "5275.00000", "2016-04-30": "5187.00000", "2016-01-31": "5624.00000", "2015-10-31": "5012.00000", "2015-07-31": "5275.00000", "2015-04-30": "5813.00000", "2015-01-31": "6778.00000", "2014-10-31": "6091.00000", "2014-07-31": "6146.00000", "2014-04-30": "6096.00000", "2014-01-31": "6677.00000", "2013-10-31": "6206.00000", "2013-07-31": "5996.00000", "2013-04-30": "6191.00000", "2013-01-31": "6768.00000", "2012-10-31": "5567.00000", "2012-07-31": "5365.00000", "2012-04-30": "5574.00000", "2012-01-31": "5937.00000", "2011-10-31": "4757.00000", "2011-07-31": "5265.00000", "2011-04-30": "4785.00000", "2011-01-31": "5089.00000", "2010-10-31": "4374.00000", "2010-07-31": "4531.00000", "2010-04-30": "4235.00000", "2010-01-31": "4144.00000", "2009-10-31": "3776.00000", "2009-07-31": "3684.00000", "2009-04-30": "3356.00000", "2009-01-31": "3905.00000", "2008-10-31": "3250.00000", "2008-07-31": "3221.00000", "2008-04-30": "3249.00000", "2008-01-31": "3642.00000", "2007-10-31": "3062.00000", "2007-07-31": "2767.00000", "2007-04-30": "2924.00000", "2007-01-31": "2840.00000", "2006-10-31": "2477.00000", "2006-07-31": "2522.00000", "2006-04-30": "2430.00000", "2006-01-31": "2575.00000", "2005-10-31": "1770.00000", "2005-07-31": "1596.00000", "2005-04-30": "1520.00000", "2005-01-31": "1715.00000"}, "Inventory": {"2020-10-31": "51842.00000", "2020-07-31": "41084.00000", "2020-04-30": "41217.00000", "2020-01-31": "44435.00000", "2019-10-31": "51546.00000", "2019-07-31": "44134.00000", "2019-04-30": "44751.00000", "2019-01-31": "44269.00000", "2018-10-31": "50380.00000", "2018-07-31": "41985.00000", "2018-04-30": "43303.00000", "2018-01-31": "43783.00000", "2017-10-31": "50147.00000", "2017-07-31": "43442.00000", "2017-04-30": "43361.00000", "2017-01-31": "43046.00000", "2016-10-31": "49822.00000", "2016-07-31": "43453.00000", "2016-04-30": "44513.00000", "2016-01-31": "44469.00000", "2015-10-31": "50706.00000", "2015-07-31": "45007.00000", "2015-04-30": "46310.00000", "2015-01-31": "45141.00000", "2014-10-31": "51501.00000", "2014-07-31": "45451.00000", "2014-04-30": "45315.00000", "2014-01-31": "44858.00000", "2013-10-31": "49673.00000", "2013-07-31": "42793.00000", "2013-04-30": "43138.00000", "2013-01-31": "43803.00000", "2012-10-31": "47487.00000", "2012-07-31": "40558.00000", "2012-04-30": "41284.00000", "2012-01-31": "40714.00000", "2011-10-31": "44340.00000", "2011-07-31": "38867.00000", "2011-04-30": "38495.00000", "2011-01-31": "36437.00000", "2010-10-31": "41059.00000", "2010-07-31": "34793.00000", "2010-04-30": "35021.00000", "2010-01-31": "32713.00000", "2009-10-31": "38129.00000", "2009-07-31": "33365.00000", "2009-04-30": "34391.00000", "2009-01-31": "34511.00000", "2008-10-31": "40416.00000", "2008-07-31": "35365.00000", "2008-04-30": "35521.00000", "2008-01-31": "35159.00000", "2007-10-31": "39535.00000", "2007-07-31": "34184.00000", "2007-04-30": "35200.00000", "2007-01-31": "33685.00000", "2006-10-31": "38531.00000", "2006-07-31": "32087.00000", "2006-04-30": "31900.00000", "2006-01-31": "31910.00000", "2005-10-31": "36272.00000", "2005-07-31": "30611.00000", "2005-04-30": "31349.00000", "2005-01-31": "29762.00000"}, "Pre-Paid Expenses": {"2020-10-31": "1665.00000", "2020-07-31": "1895.00000", "2020-04-30": "2152.00000", "2020-01-31": "1622.00000", "2019-10-31": "2148.00000", "2019-07-31": "2572.00000", "2019-04-30": "2391.00000", "2019-01-31": "3623.00000", "2018-10-31": "4107.00000", "2018-07-31": "3543.00000", "2018-04-30": "3486.00000", "2018-01-31": "3511.00000", "2017-10-31": "2330.00000", "2017-07-31": "1457.00000", "2017-04-30": "2178.00000", "2017-01-31": "1941.00000", "2016-10-31": "2296.00000", "2016-07-31": "1828.00000", "2016-04-30": "1800.00000", "2016-01-31": "1441.00000", "2015-10-31": "2404.00000", "2015-07-31": "2099.00000", "2015-04-30": "2251.00000", "2015-01-31": "2224.00000", "2014-10-31": "1531.00000", "2014-07-31": "1851.00000", "2014-04-30": "1811.00000", "2014-01-31": "1909.00000", "2013-10-31": "2160.00000", "2013-07-31": "2197.00000", "2013-04-30": "1992.00000", "2013-01-31": "1551.00000", "2012-10-31": "1654.00000", "2012-07-31": "2401.00000", "2012-04-30": "2301.00000", "2012-01-31": "1774.00000", "2011-10-31": "3227.00000", "2011-07-31": "3308.00000", "2011-04-30": "3330.00000", "2011-01-31": "2960.00000", "2010-10-31": "3382.00000", "2010-07-31": "3395.00000", "2010-04-30": "3445.00000", "2010-01-31": "3128.00000", "2009-10-31": "3463.00000", "2009-07-31": "3499.00000", "2009-04-30": "3266.00000", "2009-01-31": "3063.00000", "2008-10-31": "3245.00000", "2008-07-31": "3311.00000", "2008-04-30": "2990.00000", "2008-01-31": "2760.00000", "2007-10-31": "2880.00000", "2007-07-31": "2915.00000", "2007-04-30": "2892.00000", "2007-01-31": "2690.00000", "2006-10-31": "2707.00000", "2006-07-31": "3307.00000", "2006-04-30": "2885.00000", "2006-01-31": "2468.00000", "2005-10-31": "1842.00000", "2005-07-31": "2006.00000", "2005-04-30": "1817.00000", "2005-01-31": "1889.00000"}, "Other Current Assets": {"2020-10-31": "", "2020-07-31": "", "2020-04-30": "", "2020-01-31": "", "2019-10-31": "", "2019-07-31": "", "2019-04-30": "", "2019-01-31": "", "2018-10-31": "", "2018-07-31": "", "2018-04-30": "", "2018-01-31": "", "2017-10-31": "", "2017-07-31": "", "2017-04-30": "", "2017-01-31": "", "2016-10-31": "", "2016-07-31": "", "2016-04-30": "", "2016-01-31": "", "2015-10-31": "", "2015-07-31": "", "2015-04-30": "", "2015-01-31": "", "2014-10-31": "", "2014-07-31": "", "2014-04-30": "", "2014-01-31": "", "2013-10-31": "", "2013-07-31": "", "2013-04-30": "", "2013-01-31": "", "2012-10-31": "", "2012-07-31": "", "2012-04-30": "", "2012-01-31": "", "2011-10-31": "", "2011-07-31": "", "2011-04-30": "", "2011-01-31": "", "2010-10-31": "", "2010-07-31": "", "2010-04-30": "", "2010-01-31": "", "2009-10-31": "", "2009-07-31": "", "2009-04-30": "", "2009-01-31": "", "2008-10-31": "", "2008-07-31": "", "2008-04-30": "", "2008-01-31": "", "2007-10-31": "", "2007-07-31": "", "2007-04-30": "", "2007-01-31": "", "2006-10-31": "", "2006-07-31": "", "2006-04-30": "", "2006-01-31": "", "2005-10-31": "", "2005-07-31": "", "2005-04-30": "", "2005-01-31": ""}, "Total Current Assets": {"2020-10-31": "73602.00000", "2020-07-31": "64996.00000", "2020-04-30": "63328.00000", "2020-01-31": "61806.00000", "2019-10-31": "67912.00000", "2019-07-31": "61371.00000", "2019-04-30": "61739.00000", "2019-01-31": "61897.00000", "2018-10-31": "69446.00000", "2018-07-31": "66370.00000", "2018-04-30": "59242.00000", "2018-01-31": "59664.00000", "2017-10-31": "65368.00000", "2017-07-31": "56763.00000", "2017-04-30": "57336.00000", "2017-01-31": "57689.00000", "2016-10-31": "63401.00000", "2016-07-31": "58232.00000", "2016-04-30": "59097.00000", "2016-01-31": "60239.00000", "2015-10-31": "65112.00000", "2015-07-31": "58132.00000", "2015-04-30": "62133.00000", "2015-01-31": "63278.00000", "2014-10-31": "65841.00000", "2014-07-31": "59632.00000", "2014-04-30": "59687.00000", "2014-01-31": "61185.00000", "2013-10-31": "67142.00000", "2013-07-31": "60002.00000", "2013-04-30": "60176.00000", "2013-01-31": "59940.00000", "2012-10-31": "63431.00000", "2012-07-31": "56259.00000", "2012-04-30": "57276.00000", "2012-01-31": "54975.00000", "2011-10-31": "59476.00000", "2011-07-31": "55630.00000", "2011-04-30": "56118.00000", "2011-01-31": "52012.00000", "2010-10-31": "59568.00000", "2010-07-31": "53045.00000", "2010-04-30": "51346.00000", "2010-01-31": "48032.00000", "2009-10-31": "51516.00000", "2009-07-31": "48692.00000", "2009-04-30": "47746.00000", "2009-01-31": "48949.00000", "2008-10-31": "53093.00000", "2008-07-31": "49774.00000", "2008-04-30": "50757.00000", "2008-01-31": "48020.00000", "2007-10-31": "51506.00000", "2007-07-31": "46387.00000", "2007-04-30": "47579.00000", "2007-01-31": "46982.00000", "2006-10-31": "49623.00000", "2006-07-31": "46172.00000", "2006-04-30": "45462.00000", "2006-01-31": "43825.00000", "2005-10-31": "44924.00000", "2005-07-31": "40393.00000", "2005-04-30": "39641.00000", "2005-01-31": "38854.00000"}, "Property, Plant, And Equipment": {"2020-10-31": "102232.00000", "2020-07-31": "101182.00000", "2020-04-30": "101872.00000", "2020-01-31": "105208.00000", "2019-10-31": "104326.00000", "2019-07-31": "104674.00000", "2019-04-30": "104604.00000", "2019-01-31": "104317.00000", "2018-10-31": "104358.00000", "2018-07-31": "104019.00000", "2018-04-30": "107622.00000", "2018-01-31": "107675.00000", "2017-10-31": "108155.00000", "2017-07-31": "108170.00000", "2017-04-30": "107450.00000", "2017-01-31": "107710.00000", "2016-10-31": "108676.00000", "2016-07-31": "108867.00000", "2016-04-30": "109787.00000", "2016-01-31": "110171.00000", "2015-10-31": "110835.00000", "2015-07-31": "112824.00000", "2015-04-30": "112151.00000", "2015-01-31": "114280.00000", "2014-10-31": "114975.00000", "2014-07-31": "116266.00000", "2014-04-30": "115146.00000", "2014-01-31": "115364.00000", "2013-10-31": "114654.00000", "2013-07-31": "113362.00000", "2013-04-30": "113692.00000", "2013-01-31": "113929.00000", "2012-10-31": "112561.00000", "2012-07-31": "110958.00000", "2012-04-30": "110729.00000", "2012-01-31": "109603.00000", "2011-10-31": "107729.00000", "2011-07-31": "108729.00000", "2011-04-30": "106293.00000", "2011-01-31": "105098.00000", "2010-10-31": "103812.00000", "2010-07-31": "101111.00000", "2010-04-30": "100209.00000", "2010-01-31": "99544.00000", "2009-10-31": "98436.00000", "2009-07-31": "97363.00000", "2009-04-30": "93327.00000", "2009-01-31": "92856.00000", "2008-10-31": "93706.00000", "2008-07-31": "94954.00000", "2008-04-30": "94330.00000", "2008-01-31": "93725.00000", "2007-10-31": "92859.00000", "2007-07-31": "89877.00000", "2007-04-30": "87259.00000", "2007-01-31": "85390.00000", "2006-10-31": "82914.00000", "2006-07-31": "79923.00000", "2006-04-30": "76645.00000", "2006-01-31": "74600.00000", "2005-10-31": "69624.00000", "2005-07-31": "67319.00000", "2005-04-30": "66375.00000", "2005-01-31": "65400.00000"}, "Long-Term Investments": {"2020-10-31": "", "2020-07-31": "", "2020-04-30": "", "2020-01-31": "", "2019-10-31": "", "2019-07-31": "", "2019-04-30": "", "2019-01-31": "", "2018-10-31": "", "2018-07-31": "", "2018-04-30": "", "2018-01-31": "", "2017-10-31": "", "2017-07-31": "", "2017-04-30": "", "2017-01-31": "", "2016-10-31": "", "2016-07-31": "", "2016-04-30": "", "2016-01-31": "", "2015-10-31": "", "2015-07-31": "", "2015-04-30": "", "2015-01-31": "", "2014-10-31": "", "2014-07-31": "", "2014-04-30": "", "2014-01-31": "", "2013-10-31": "", "2013-07-31": "", "2013-04-30": "", "2013-01-31": "", "2012-10-31": "", "2012-07-31": "", "2012-04-30": "", "2012-01-31": "", "2011-10-31": "", "2011-07-31": "", "2011-04-30": "", "2011-01-31": "", "2010-10-31": "", "2010-07-31": "", "2010-04-30": "", "2010-01-31": "", "2009-10-31": "", "2009-07-31": "", "2009-04-30": "", "2009-01-31": "", "2008-10-31": "", "2008-07-31": "", "2008-04-30": "", "2008-01-31": "", "2007-10-31": "", "2007-07-31": "", "2007-04-30": "", "2007-01-31": "", "2006-10-31": "", "2006-07-31": "", "2006-04-30": "", "2006-01-31": "", "2005-10-31": "", "2005-07-31": "", "2005-04-30": "", "2005-01-31": ""}, "Goodwill And Intangible Assets": {"2020-10-31": "30236.00000", "2020-07-31": "29542.00000", "2020-04-30": "29416.00000", "2020-01-31": "31073.00000", "2019-10-31": "30716.00000", "2019-07-31": "31454.00000", "2019-04-30": "31416.00000", "2019-01-31": "31181.00000", "2018-10-31": "31044.00000", "2018-07-31": "17840.00000", "2018-04-30": "18850.00000", "2018-01-31": "18242.00000", "2017-10-31": "18204.00000", "2017-07-31": "18037.00000", "2017-04-30": "17575.00000", "2017-01-31": "17037.00000", "2016-10-31": "17792.00000", "2016-07-31": "16339.00000", "2016-04-30": "16751.00000", "2016-01-31": "16695.00000", "2015-10-31": "17051.00000", "2015-07-31": "17799.00000", "2015-04-30": "17531.00000", "2015-01-31": "18102.00000", "2014-10-31": "18888.00000", "2014-07-31": "19758.00000", "2014-04-30": "19515.00000", "2014-01-31": "19510.00000", "2013-10-31": "19729.00000", "2013-07-31": "19280.00000", "2013-04-30": "19734.00000", "2013-01-31": "20497.00000", "2012-10-31": "20572.00000", "2012-07-31": "20081.00000", "2012-04-30": "21003.00000", "2012-01-31": "20651.00000", "2011-10-31": "20409.00000", "2011-07-31": "21532.00000", "2011-04-30": "16895.00000", "2011-01-31": "16763.00000", "2010-10-31": "16586.00000", "2010-07-31": "15993.00000", "2010-04-30": "15859.00000", "2010-01-31": "16126.00000", "2009-10-31": "16162.00000", "2009-07-31": "16149.00000", "2009-04-30": "14882.00000", "2009-01-31": "15260.00000", "2008-10-31": "15416.00000", "2008-07-31": "16400.00000", "2008-04-30": "16428.00000", "2008-01-31": "15879.00000", "2007-10-31": "14898.00000", "2007-07-31": "14655.00000", "2007-04-30": "14585.00000", "2007-01-31": "13759.00000", "2006-10-31": "13257.00000", "2006-07-31": "13269.00000", "2006-04-30": "12807.00000", "2006-01-31": "12097.00000", "2005-10-31": "10379.00000", "2005-07-31": "10324.00000", "2005-04-30": "10786.00000", "2005-01-31": "10803.00000"}, "Other Long-Term Assets": {"2020-10-31": "22736.00000", "2020-07-31": "19950.00000", "2020-04-30": "16770.00000", "2020-01-31": "16567.00000", "2019-10-31": "15777.00000", "2019-07-31": "16174.00000", "2019-04-30": "16148.00000", "2019-01-31": "14822.00000", "2018-10-31": "14744.00000", "2018-07-31": "10835.00000", "2018-04-30": "12035.00000", "2018-01-31": "11798.00000", "2017-10-31": "10543.00000", "2017-07-31": "11413.00000", "2017-04-30": "10638.00000", "2017-01-31": "9921.00000", "2016-10-31": "10576.00000", "2016-07-31": "7905.00000", "2016-04-30": "6363.00000", "2016-01-31": "6131.00000", "2015-10-31": "6025.00000", "2015-07-31": "6178.00000", "2015-04-30": "5398.00000", "2015-01-31": "5455.00000", "2014-10-31": "5447.00000", "2014-07-31": "5649.00000", "2014-04-30": "5672.00000", "2014-01-31": "6149.00000", "2013-10-31": "5778.00000", "2013-07-31": "5693.00000", "2013-04-30": "5846.00000", "2013-01-31": "5987.00000", "2012-10-31": "6562.00000", "2012-07-31": "5674.00000", "2012-04-30": "5349.00000", "2012-01-31": "5456.00000", "2011-10-31": "4967.00000", "2011-07-31": "5120.00000", "2011-04-30": "4068.00000", "2011-01-31": "4129.00000", "2010-10-31": "4194.00000", "2010-07-31": "4092.00000", "2010-04-30": "3910.00000", "2010-01-31": "3942.00000", "2009-10-31": "3603.00000", "2009-07-31": "3581.00000", "2009-04-30": "3358.00000", "2009-01-31": "3567.00000", "2008-10-31": "2789.00000", "2008-07-31": "2672.00000", "2008-04-30": "2840.00000", "2008-01-31": "2748.00000", "2007-10-31": "3031.00000", "2007-07-31": "2959.00000", "2007-04-30": "2974.00000", "2007-01-31": "2406.00000", "2006-10-31": "2217.00000", "2006-07-31": "2165.00000", "2006-04-30": "2216.00000", "2006-01-31": "2516.00000", "2005-10-31": "2051.00000", "2005-07-31": "1944.00000", "2005-04-30": "2485.00000", "2005-01-31": "2379.00000"}, "Total Long-Term Assets": {"2020-10-31": "177261.00000", "2020-07-31": "172386.00000", "2020-04-30": "169564.00000", "2020-01-31": "174689.00000", "2019-10-31": "171918.00000", "2019-07-31": "173490.00000", "2019-04-30": "172805.00000", "2019-01-31": "157398.00000", "2018-10-31": "157137.00000", "2018-07-31": "139692.00000", "2018-04-30": "145685.00000", "2018-01-31": "144858.00000", "2017-10-31": "144046.00000", "2017-07-31": "144803.00000", "2017-04-30": "142382.00000", "2017-01-31": "141136.00000", "2016-10-31": "143456.00000", "2016-07-31": "139654.00000", "2016-04-30": "139608.00000", "2016-01-31": "139342.00000", "2015-10-31": "140032.00000", "2015-07-31": "140488.00000", "2015-04-30": "138614.00000", "2015-01-31": "140212.00000", "2014-10-31": "141827.00000", "2014-07-31": "144130.00000", "2014-04-30": "142830.00000", "2014-01-31": "143566.00000", "2013-10-31": "142734.00000", "2013-07-31": "140967.00000", "2013-04-30": "142011.00000", "2013-01-31": "143165.00000", "2012-10-31": "142387.00000", "2012-07-31": "139402.00000", "2012-04-30": "139824.00000", "2012-01-31": "138431.00000", "2011-10-31": "135768.00000", "2011-07-31": "138242.00000", "2011-04-30": "130107.00000", "2011-01-31": "128770.00000", "2010-10-31": "127322.00000", "2010-07-31": "123899.00000", "2010-04-30": "122697.00000", "2010-01-31": "122375.00000", "2009-10-31": "120986.00000", "2009-07-31": "119917.00000", "2009-04-30": "114344.00000", "2009-01-31": "114480.00000", "2008-10-31": "114750.00000", "2008-07-31": "117121.00000", "2008-04-30": "116726.00000", "2008-01-31": "115494.00000", "2007-10-31": "114153.00000", "2007-07-31": "110562.00000", "2007-04-30": "107843.00000", "2007-01-31": "104605.00000", "2006-10-31": "101496.00000", "2006-07-31": "98616.00000", "2006-04-30": "95023.00000", "2006-01-31": "94362.00000", "2005-10-31": "86875.00000", "2005-07-31": "84372.00000", "2005-04-30": "82574.00000", "2005-01-31": "81300.00000"}, "Total Assets": {"2020-10-31": "250863.00000", "2020-07-31": "237382.00000", "2020-04-30": "232892.00000", "2020-01-31": "236495.00000", "2019-10-31": "239830.00000", "2019-07-31": "234861.00000", "2019-04-30": "234544.00000", "2019-01-31": "219295.00000", "2018-10-31": "226583.00000", "2018-07-31": "206062.00000", "2018-04-30": "204927.00000", "2018-01-31": "204522.00000", "2017-10-31": "209414.00000", "2017-07-31": "201566.00000", "2017-04-30": "199718.00000", "2017-01-31": "198825.00000", "2016-10-31": "206857.00000", "2016-07-31": "197886.00000", "2016-04-30": "198705.00000", "2016-01-31": "199581.00000", "2015-10-31": "205144.00000", "2015-07-31": "198620.00000", "2015-04-30": "200747.00000", "2015-01-31": "203490.00000", "2014-10-31": "207668.00000", "2014-07-31": "203762.00000", "2014-04-30": "202517.00000", "2014-01-31": "204751.00000", "2013-10-31": "209876.00000", "2013-07-31": "200969.00000", "2013-04-30": "202187.00000", "2013-01-31": "203105.00000", "2012-10-31": "205818.00000", "2012-07-31": "195661.00000", "2012-04-30": "197100.00000", "2012-01-31": "193406.00000", "2011-10-31": "195244.00000", "2011-07-31": "193872.00000", "2011-04-30": "186225.00000", "2011-01-31": "180782.00000", "2010-10-31": "186890.00000", "2010-07-31": "176944.00000", "2010-04-30": "174043.00000", "2010-01-31": "170407.00000", "2009-10-31": "172502.00000", "2009-07-31": "168609.00000", "2009-04-30": "162090.00000", "2009-01-31": "163429.00000", "2008-10-31": "167843.00000", "2008-07-31": "166895.00000", "2008-04-30": "167483.00000", "2008-01-31": "163514.00000", "2007-10-31": "165659.00000", "2007-07-31": "156949.00000", "2007-04-30": "155422.00000", "2007-01-31": "151587.00000", "2006-10-31": "151119.00000", "2006-07-31": "144788.00000", "2006-04-30": "140485.00000", "2006-01-31": "138187.00000", "2005-10-31": "131799.00000", "2005-07-31": "124765.00000", "2005-04-30": "122215.00000", "2005-01-31": "120154.00000"}, "Total Current Liabilities": {"2020-10-31": "88121.00000", "2020-07-31": "81957.00000", "2020-04-30": "82647.00000", "2020-01-31": "77790.00000", "2019-10-31": "83784.00000", "2019-07-31": "80283.00000", "2019-04-30": "79888.00000", "2019-01-31": "77477.00000", "2018-10-31": "85751.00000", "2018-07-31": "71683.00000", "2018-04-30": "80757.00000", "2018-01-31": "78521.00000", "2017-10-31": "80435.00000", "2017-07-31": "72811.00000", "2017-04-30": "74193.00000", "2017-01-31": "66928.00000", "2016-10-31": "74130.00000", "2016-07-31": "68122.00000", "2016-04-30": "70282.00000", "2016-01-31": "64619.00000", "2015-10-31": "70492.00000", "2015-07-31": "65262.00000", "2015-04-30": "69624.00000", "2015-01-31": "65253.00000", "2014-10-31": "71540.00000", "2014-07-31": "67132.00000", "2014-04-30": "67921.00000", "2014-01-31": "69345.00000", "2013-10-31": "77021.00000", "2013-07-31": "72214.00000", "2013-04-30": "73552.00000", "2013-01-31": "71818.00000", "2012-10-31": "76845.00000", "2012-07-31": "68315.00000", "2012-04-30": "68978.00000", "2012-01-31": "62300.00000", "2011-10-31": "67544.00000", "2011-07-31": "64840.00000", "2011-04-30": "62211.00000", "2011-01-31": "58603.00000", "2010-10-31": "68407.00000", "2010-07-31": "65655.00000", "2010-04-30": "64490.00000", "2010-01-31": "55543.00000", "2009-10-31": "59155.00000", "2009-07-31": "57176.00000", "2009-04-30": "56399.00000", "2009-01-31": "55390.00000", "2008-10-31": "60624.00000", "2008-07-31": "54929.00000", "2008-04-30": "61129.00000", "2008-01-31": "58478.00000", "2007-10-31": "60942.00000", "2007-07-31": "55250.00000", "2007-04-30": "54700.00000", "2007-01-31": "52148.00000", "2006-10-31": "58163.00000", "2006-07-31": "54139.00000", "2006-04-30": "51997.00000", "2006-01-31": "48825.00000", "2005-10-31": "50317.00000", "2005-07-31": "49164.00000", "2005-04-30": "49168.00000", "2005-01-31": "43182.00000"}, "Long Term Debt": {"2020-10-31": "45599.00000", "2020-07-31": "45632.00000", "2020-04-30": "47480.00000", "2020-01-31": "48021.00000", "2019-10-31": "48980.00000", "2019-07-31": "48319.00000", "2019-04-30": "51235.00000", "2019-01-31": "50203.00000", "2018-10-31": "49896.00000", "2018-07-31": "51568.00000", "2018-04-30": "36305.00000", "2018-01-31": "36825.00000", "2017-10-31": "40906.00000", "2017-07-31": "40469.00000", "2017-04-30": "40025.00000", "2017-01-31": "42018.00000", "2016-10-31": "42108.00000", "2016-07-31": "42743.00000", "2016-04-30": "43393.00000", "2016-01-31": "44030.00000", "2015-10-31": "44198.00000", "2015-07-31": "42843.00000", "2015-04-30": "42964.00000", "2015-01-31": "43495.00000", "2014-10-31": "44286.00000", "2014-07-31": "45496.00000", "2014-04-30": "48233.00000", "2014-01-31": "44559.00000", "2013-10-31": "44543.00000", "2013-07-31": "43585.00000", "2013-04-30": "44551.00000", "2013-01-31": "41417.00000", "2012-10-31": "41836.00000", "2012-07-31": "44177.00000", "2012-04-30": "45996.00000", "2012-01-31": "47079.00000", "2011-10-31": "47851.00000", "2011-07-31": "48452.00000", "2011-04-30": "48697.00000", "2011-01-31": "43842.00000", "2010-10-31": "43899.00000", "2010-07-31": "38702.00000", "2010-04-30": "35780.00000", "2010-01-31": "36401.00000", "2009-10-31": "37601.00000", "2009-07-31": "36825.00000", "2009-04-30": "35665.00000", "2009-01-31": "34549.00000", "2008-10-31": "34071.00000", "2008-07-31": "37712.00000", "2008-04-30": "35963.00000", "2008-01-31": "33402.00000", "2007-10-31": "33590.00000", "2007-07-31": "31560.00000", "2007-04-30": "33115.00000", "2007-01-31": "30735.00000", "2006-10-31": "27776.00000", "2006-07-31": "27982.00000", "2006-04-30": "28956.00000", "2006-01-31": "30096.00000", "2005-10-31": "26716.00000", "2005-07-31": "23626.00000", "2005-04-30": "21628.00000", "2005-01-31": "23258.00000"}, "Other Non-Current Liabilities": {"2020-10-31": "", "2020-07-31": "", "2020-04-30": "", "2020-01-31": "", "2019-10-31": "", "2019-07-31": "", "2019-04-30": "", "2019-01-31": "", "2018-10-31": "", "2018-07-31": "", "2018-04-30": "", "2018-01-31": "", "2017-10-31": "", "2017-07-31": "", "2017-04-30": "", "2017-01-31": "", "2016-10-31": "", "2016-07-31": "", "2016-04-30": "", "2016-01-31": "", "2015-10-31": "", "2015-07-31": "", "2015-04-30": "", "2015-01-31": "", "2014-10-31": "", "2014-07-31": "", "2014-04-30": "", "2014-01-31": "", "2013-10-31": "", "2013-07-31": "", "2013-04-30": "", "2013-01-31": "", "2012-10-31": "", "2012-07-31": "", "2012-04-30": "", "2012-01-31": "", "2011-10-31": "", "2011-07-31": "", "2011-04-30": "", "2011-01-31": "", "2010-10-31": "", "2010-07-31": "", "2010-04-30": "", "2010-01-31": "", "2009-10-31": "", "2009-07-31": "", "2009-04-30": "", "2009-01-31": "", "2008-10-31": "", "2008-07-31": "", "2008-04-30": "", "2008-01-31": "", "2007-10-31": "", "2007-07-31": "", "2007-04-30": "", "2007-01-31": "", "2006-10-31": "", "2006-07-31": "", "2006-04-30": "", "2006-01-31": "", "2005-10-31": "", "2005-07-31": "", "2005-04-30": "", "2005-01-31": ""}, "Total Long Term Liabilities": {"2020-10-31": "75238.00000", "2020-07-31": "74228.00000", "2020-04-30": "76135.00000", "2020-01-31": "77153.00000", "2019-10-31": "77739.00000", "2019-07-31": "77447.00000", "2019-04-30": "79746.00000", "2019-01-31": "62184.00000", "2018-10-31": "61363.00000", "2018-07-31": "60567.00000", "2018-04-30": "45846.00000", "2018-01-31": "45179.00000", "2017-10-31": "50073.00000", "2017-07-31": "49709.00000", "2017-04-30": "49411.00000", "2017-01-31": "51362.00000", "2016-10-31": "52252.00000", "2016-07-31": "50620.00000", "2016-04-30": "50665.00000", "2016-01-31": "51351.00000", "2015-10-31": "52022.00000", "2015-07-31": "51234.00000", "2015-04-30": "51133.00000", "2015-01-31": "52300.00000", "2014-10-31": "52075.00000", "2014-07-31": "53807.00000", "2014-04-30": "56397.00000", "2014-01-31": "54067.00000", "2013-10-31": "54333.00000", "2013-07-31": "52069.00000", "2013-04-30": "52794.00000", "2013-01-31": "49549.00000", "2012-10-31": "50372.00000", "2012-07-31": "52645.00000", "2012-04-30": "54187.00000", "2012-01-31": "55345.00000", "2011-10-31": "56309.00000", "2011-07-31": "56184.00000", "2011-04-30": "56022.00000", "2011-01-31": "50932.00000", "2010-10-31": "50463.00000", "2010-07-31": "44393.00000", "2010-04-30": "41257.00000", "2010-01-31": "42216.00000", "2009-10-31": "44113.00000", "2009-07-31": "42924.00000", "2009-04-30": "41777.00000", "2009-01-31": "40960.00000", "2008-10-31": "39646.00000", "2008-07-31": "43098.00000", "2008-04-30": "41247.00000", "2008-01-31": "40428.00000", "2007-10-31": "41635.00000", "2007-07-31": "39413.00000", "2007-04-30": "40811.00000", "2007-01-31": "37866.00000", "2006-10-31": "34193.00000", "2006-07-31": "34277.00000", "2006-04-30": "35174.00000", "2006-01-31": "36191.00000", "2005-10-31": "31564.00000", "2005-07-31": "27880.00000", "2005-04-30": "25856.00000", "2005-01-31": "27576.00000"}, "Total Liabilities": {"2020-10-31": "163359.00000", "2020-07-31": "156185.00000", "2020-04-30": "158782.00000", "2020-01-31": "154943.00000", "2019-10-31": "161523.00000", "2019-07-31": "157730.00000", "2019-04-30": "159634.00000", "2019-01-31": "139661.00000", "2018-10-31": "147114.00000", "2018-07-31": "132250.00000", "2018-04-30": "126603.00000", "2018-01-31": "123700.00000", "2017-10-31": "130508.00000", "2017-07-31": "122520.00000", "2017-04-30": "123604.00000", "2017-01-31": "118290.00000", "2016-10-31": "126382.00000", "2016-07-31": "118742.00000", "2016-04-30": "120947.00000", "2016-01-31": "115970.00000", "2015-10-31": "122514.00000", "2015-07-31": "116496.00000", "2015-04-30": "120757.00000", "2015-01-31": "117553.00000", "2014-10-31": "123615.00000", "2014-07-31": "120939.00000", "2014-04-30": "124318.00000", "2014-01-31": "123412.00000", "2013-10-31": "131354.00000", "2013-07-31": "124283.00000", "2013-04-30": "126346.00000", "2013-01-31": "121367.00000", "2012-10-31": "127217.00000", "2012-07-31": "120960.00000", "2012-04-30": "123165.00000", "2012-01-31": "117645.00000", "2011-10-31": "123853.00000", "2011-07-31": "121024.00000", "2011-04-30": "118233.00000", "2011-01-31": "109535.00000", "2010-10-31": "118870.00000", "2010-07-31": "110048.00000", "2010-04-30": "105747.00000", "2010-01-31": "97759.00000", "2009-10-31": "103268.00000", "2009-07-31": "100100.00000", "2009-04-30": "98176.00000", "2009-01-31": "96350.00000", "2008-10-31": "100270.00000", "2008-07-31": "98027.00000", "2008-04-30": "102376.00000", "2008-01-31": "98906.00000", "2007-10-31": "102577.00000", "2007-07-31": "94663.00000", "2007-04-30": "95511.00000", "2007-01-31": "90014.00000", "2006-10-31": "92356.00000", "2006-07-31": "88416.00000", "2006-04-30": "87171.00000", "2006-01-31": "85016.00000", "2005-10-31": "81881.00000", "2005-07-31": "77044.00000", "2005-04-30": "75024.00000", "2005-01-31": "70758.00000"}, "Common Stock Net": {"2020-10-31": "283.00000", "2020-07-31": "283.00000", "2020-04-30": "284.00000", "2020-01-31": "284.00000", "2019-10-31": "284.00000", "2019-07-31": "285.00000", "2019-04-30": "286.00000", "2019-01-31": "288.00000", "2018-10-31": "291.00000", "2018-07-31": "294.00000", "2018-04-30": "294.00000", "2018-01-31": "295.00000", "2017-10-31": "297.00000", "2017-07-31": "299.00000", "2017-04-30": "302.00000", "2017-01-31": "305.00000", "2016-10-31": "308.00000", "2016-07-31": "310.00000", "2016-04-30": "313.00000", "2016-01-31": "317.00000", "2015-10-31": "321.00000", "2015-07-31": "321.00000", "2015-04-30": "323.00000", "2015-01-31": "323.00000", "2014-10-31": "323.00000", "2014-07-31": "323.00000", "2014-04-30": "323.00000", "2014-01-31": "323.00000", "2013-10-31": "324.00000", "2013-07-31": "327.00000", "2013-04-30": "329.00000", "2013-01-31": "332.00000", "2012-10-31": "336.00000", "2012-07-31": "338.00000", "2012-04-30": "339.00000", "2012-01-31": "342.00000", "2011-10-31": "344.00000", "2011-07-31": "346.00000", "2011-04-30": "348.00000", "2011-01-31": "352.00000", "2010-10-31": "3969.00000", "2010-07-31": "3999.00000", "2010-04-30": "4059.00000", "2010-01-31": "378.00000", "2009-10-31": "4134.00000", "2009-07-31": "4173.00000", "2009-04-30": "4048.00000", "2009-01-31": "393.00000", "2008-10-31": "4219.00000", "2008-07-31": "3986.00000", "2008-04-30": "3628.00000", "2008-01-31": "397.00000", "2007-10-31": "3421.00000", "2007-07-31": "3412.00000", "2007-04-30": "3284.00000", "2007-01-31": "413.00000", "2006-10-31": "3237.00000", "2006-07-31": "3165.00000", "2006-04-30": "3070.00000", "2006-01-31": "417.00000", "2005-10-31": "2925.00000", "2005-07-31": "2874.00000", "2005-04-30": "2827.00000", "2005-01-31": "423.00000"}, "Retained Earnings (Accumulated Deficit)": {"2020-10-31": "92279.00000", "2020-07-31": "87614.00000", "2020-04-30": "81141.00000", "2020-01-31": "83943.00000", "2019-10-31": "80656.00000", "2019-07-31": "78432.00000", "2019-04-30": "76276.00000", "2019-01-31": "80785.00000", "2018-10-31": "80287.00000", "2018-07-31": "80810.00000", "2018-04-30": "82982.00000", "2018-01-31": "85107.00000", "2017-10-31": "84480.00000", "2017-07-31": "84838.00000", "2017-04-30": "84120.00000", "2017-01-31": "89354.00000", "2016-10-31": "87636.00000", "2016-07-31": "85972.00000", "2016-04-30": "84145.00000", "2016-01-31": "90021.00000", "2015-10-31": "87903.00000", "2015-07-31": "84959.00000", "2015-04-30": "82492.00000", "2015-01-31": "85777.00000", "2014-10-31": "80814.00000", "2014-07-31": "77172.00000", "2014-04-30": "73366.00000", "2014-01-31": "76566.00000", "2013-10-31": "72888.00000", "2013-07-31": "70791.00000", "2013-04-30": "68489.00000", "2013-01-31": "72978.00000", "2012-10-31": "70256.00000", "2012-07-31": "67732.00000", "2012-04-30": "65463.00000", "2012-01-31": "68691.00000", "2011-10-31": "64769.00000", "2011-07-31": "62779.00000", "2011-04-30": "60330.00000", "2011-01-31": "63967.00000", "2010-10-31": "61451.00000", "2010-07-31": "61746.00000", "2010-04-30": "62180.00000", "2010-01-31": "66357.00000", "2009-10-31": "63697.00000", "2009-07-31": "62840.00000", "2009-04-30": "61556.00000", "2009-01-31": "63660.00000", "2008-10-31": "59809.00000", "2008-07-31": "57883.00000", "2008-04-30": "55257.00000", "2008-01-31": "57319.00000", "2007-10-31": "55522.00000", "2007-07-31": "55414.00000", "2007-04-30": "53956.00000", "2007-01-31": "55818.00000", "2006-10-31": "53738.00000", "2006-07-31": "51091.00000", "2006-04-30": "49020.00000", "2006-01-31": "49105.00000", "2005-10-31": "45495.00000", "2005-07-31": "43122.00000", "2005-04-30": "42153.00000", "2005-01-31": "43854.00000"}, "Comprehensive Income": {"2020-10-31": "-14616.00000", "2020-07-31": "-15784.00000", "2020-04-30": "-16168.00000", "2020-01-31": "-12805.00000", "2019-10-31": "-12382.00000", "2019-07-31": "-11270.00000", "2019-04-30": "-11091.00000", "2019-01-31": "-11542.00000", "2018-10-31": "-11469.00000", "2018-07-31": "-12629.00000", "2018-04-30": "-10281.00000", "2018-01-31": "-10181.00000", "2017-10-31": "-11133.00000", "2017-07-31": "-11100.00000", "2017-04-30": "-12954.00000", "2017-01-31": "-14232.00000", "2016-10-31": "-12335.00000", "2016-07-31": "-11672.00000", "2016-04-30": "-10995.00000", "2016-01-31": "-11597.00000", "2015-10-31": "-10659.00000", "2015-07-31": "-8388.00000", "2015-04-30": "-8595.00000", "2015-01-31": "-7168.00000", "2014-10-31": "-4251.00000", "2014-07-31": "-1957.00000", "2014-04-30": "-2712.00000", "2014-01-31": "-2996.00000", "2013-10-31": "-2183.00000", "2013-07-31": "-2889.00000", "2013-04-30": "-1968.00000", "2013-01-31": "-587.00000", "2012-10-31": "-562.00000", "2012-07-31": "-1531.00000", "2012-04-30": "-463.00000", "2012-01-31": "-1410.00000", "2011-10-31": "-1375.00000", "2011-07-31": "1286.00000", "2011-04-30": "878.00000", "2011-01-31": "646.00000", "2010-10-31": "105.00000", "2010-07-31": "-1099.00000", "2010-04-30": "-216.00000", "2010-01-31": "-70.00000", "2009-10-31": "-551.00000", "2009-07-31": "-318.00000", "2009-04-30": "-3373.00000", "2009-01-31": "-2688.00000", "2008-10-31": "1511.00000", "2008-07-31": "4924.00000", "2008-04-30": "4345.00000", "2008-01-31": "3864.00000", "2007-10-31": "4139.00000", "2007-07-31": "3460.00000", "2007-04-30": "2671.00000", "2007-01-31": "2508.00000", "2006-10-31": "1788.00000", "2006-07-31": "2116.00000", "2006-04-30": "1224.00000", "2006-01-31": "1053.00000", "2005-10-31": "1498.00000", "2005-07-31": "1725.00000", "2005-04-30": "2211.00000", "2005-01-31": "2694.00000"}, "Other Share Holders Equity": {"2020-10-31": "", "2020-07-31": "", "2020-04-30": "", "2020-01-31": "", "2019-10-31": "", "2019-07-31": "", "2019-04-30": "", "2019-01-31": "", "2018-10-31": "", "2018-07-31": "", "2018-04-30": "", "2018-01-31": "", "2017-10-31": "", "2017-07-31": "", "2017-04-30": "", "2017-01-31": "", "2016-10-31": "", "2016-07-31": "", "2016-04-30": "", "2016-01-31": "", "2015-10-31": "", "2015-07-31": "", "2015-04-30": "", "2015-01-31": "", "2014-10-31": "", "2014-07-31": "", "2014-04-30": "", "2014-01-31": "", "2013-10-31": "", "2013-07-31": "", "2013-04-30": "", "2013-01-31": "", "2012-10-31": "", "2012-07-31": "", "2012-04-30": "", "2012-01-31": "", "2011-10-31": "", "2011-07-31": "", "2011-04-30": "", "2011-01-31": "", "2010-10-31": "", "2010-07-31": "", "2010-04-30": "", "2010-01-31": "", "2009-10-31": "", "2009-07-31": "", "2009-04-30": "", "2009-01-31": "", "2008-10-31": "", "2008-07-31": "", "2008-04-30": "", "2008-01-31": "", "2007-10-31": "", "2007-07-31": "", "2007-04-30": "", "2007-01-31": "", "2006-10-31": "", "2006-07-31": "", "2006-04-30": "", "2006-01-31": "", "2005-10-31": "", "2005-07-31": "", "2005-04-30": "", "2005-01-31": ""}, "Share Holder Equity": {"2020-10-31": "87504.00000", "2020-07-31": "81197.00000", "2020-04-30": "74110.00000", "2020-01-31": "81552.00000", "2019-10-31": "78307.00000", "2019-07-31": "77131.00000", "2019-04-30": "74910.00000", "2019-01-31": "79634.00000", "2018-10-31": "79469.00000", "2018-07-31": "73812.00000", "2018-04-30": "78324.00000", "2018-01-31": "80822.00000", "2017-10-31": "78906.00000", "2017-07-31": "79046.00000", "2017-04-30": "76114.00000", "2017-01-31": "80535.00000", "2016-10-31": "80475.00000", "2016-07-31": "79144.00000", "2016-04-30": "77758.00000", "2016-01-31": "83611.00000", "2015-10-31": "82630.00000", "2015-07-31": "82124.00000", "2015-04-30": "79990.00000", "2015-01-31": "85937.00000", "2014-10-31": "84053.00000", "2014-07-31": "82823.00000", "2014-04-30": "78199.00000", "2014-01-31": "81339.00000", "2013-10-31": "78522.00000", "2013-07-31": "76686.00000", "2013-04-30": "75841.00000", "2013-01-31": "81738.00000", "2012-10-31": "78601.00000", "2012-07-31": "74701.00000", "2012-04-30": "73935.00000", "2012-01-31": "75761.00000", "2011-10-31": "71391.00000", "2011-07-31": "72848.00000", "2011-04-30": "67992.00000", "2011-01-31": "71247.00000", "2010-10-31": "68020.00000", "2010-07-31": "66896.00000", "2010-04-30": "68296.00000", "2010-01-31": "72648.00000", "2009-10-31": "69234.00000", "2009-07-31": "68509.00000", "2009-04-30": "63914.00000", "2009-01-31": "67079.00000", "2008-10-31": "67573.00000", "2008-07-31": "68868.00000", "2008-04-30": "65107.00000", "2008-01-31": "64608.00000", "2007-10-31": "63082.00000", "2007-07-31": "62286.00000", "2007-04-30": "59911.00000", "2007-01-31": "61573.00000", "2006-10-31": "58763.00000", "2006-07-31": "56372.00000", "2006-04-30": "53314.00000", "2006-01-31": "53171.00000", "2005-10-31": "49918.00000", "2005-07-31": "47721.00000", "2005-04-30": "47191.00000", "2005-01-31": "49396.00000"}, "Total Liabilities And Share Holders Equity": {"2020-10-31": "250863.00000", "2020-07-31": "237382.00000", "2020-04-30": "232892.00000", "2020-01-31": "236495.00000", "2019-10-31": "239830.00000", "2019-07-31": "234861.00000", "2019-04-30": "234544.00000", "2019-01-31": "219295.00000", "2018-10-31": "226583.00000", "2018-07-31": "206062.00000", "2018-04-30": "204927.00000", "2018-01-31": "204522.00000", "2017-10-31": "209414.00000", "2017-07-31": "201566.00000", "2017-04-30": "199718.00000", "2017-01-31": "198825.00000", "2016-10-31": "206857.00000", "2016-07-31": "197886.00000", "2016-04-30": "198705.00000", "2016-01-31": "199581.00000", "2015-10-31": "205144.00000", "2015-07-31": "198620.00000", "2015-04-30": "200747.00000", "2015-01-31": "203490.00000", "2014-10-31": "207668.00000", "2014-07-31": "203762.00000", "2014-04-30": "202517.00000", "2014-01-31": "204751.00000", "2013-10-31": "209876.00000", "2013-07-31": "200969.00000", "2013-04-30": "202187.00000", "2013-01-31": "203105.00000", "2012-10-31": "205818.00000", "2012-07-31": "195661.00000", "2012-04-30": "197100.00000", "2012-01-31": "193406.00000", "2011-10-31": "195244.00000", "2011-07-31": "193872.00000", "2011-04-30": "186225.00000", "2011-01-31": "180782.00000", "2010-10-31": "186890.00000", "2010-07-31": "176944.00000", "2010-04-30": "174043.00000", "2010-01-31": "170407.00000", "2009-10-31": "172502.00000", "2009-07-31": "168609.00000", "2009-04-30": "162090.00000", "2009-01-31": "163429.00000", "2008-10-31": "167843.00000", "2008-07-31": "166895.00000", "2008-04-30": "167483.00000", "2008-01-31": "163514.00000", "2007-10-31": "165659.00000", "2007-07-31": "156949.00000", "2007-04-30": "155422.00000", "2007-01-31": "151587.00000", "2006-10-31": "151119.00000", "2006-07-31": "144788.00000", "2006-04-30": "140485.00000", "2006-01-31": "138187.00000", "2005-10-31": "131799.00000", "2005-07-31": "124765.00000", "2005-04-30": "122215.00000", "2005-01-31": "120154.00000"}}, "cash flow statement": {"Net Income/Loss": {"2020-01-31": "15201.00000", "2019-01-31": "7179.00000", "2018-01-31": "10523.00000", "2017-01-31": "14293.00000", "2016-01-31": "15080.00000", "2015-01-31": "17099.00000", "2014-01-31": "16695.00000", "2013-01-31": "17756.00000", "2012-01-31": "16387.00000", "2011-01-31": "16993.00000", "2010-01-31": "14883.00000", "2009-01-31": "13880.00000", "2008-01-31": "13137.00000", "2007-01-31": "11284.00000", "2006-01-31": "11231.00000", "2005-01-31": "10267.00000"}, "Total Depreciation And Amortization - Cash Flow": {"2020-01-31": "10987.00000", "2019-01-31": "10678.00000", "2018-01-31": "10529.00000", "2017-01-31": "10080.00000", "2016-01-31": "9454.00000", "2015-01-31": "9173.00000", "2014-01-31": "8870.00000", "2013-01-31": "8478.00000", "2012-01-31": "8106.00000", "2011-01-31": "7641.00000", "2010-01-31": "7157.00000", "2009-01-31": "6739.00000", "2008-01-31": "6317.00000", "2007-01-31": "5459.00000", "2006-01-31": "4645.00000", "2005-01-31": "4185.00000"}, "Other Non-Cash Items": {"2020-01-31": "-2587.00000", "2019-01-31": "7867.00000", "2018-01-31": "2832.00000", "2017-01-31": "761.00000", "2016-01-31": "-672.00000", "2015-01-31": "-788.00000", "2014-01-31": "-423.00000", "2013-01-31": "-185.00000", "2012-01-31": "1071.00000", "2011-01-31": "-383.00000", "2010-01-31": "-425.00000", "2009-01-31": "435.00000", "2008-01-31": "124.00000", "2007-01-31": "949.00000", "2006-01-31": "-54.00000", "2005-01-31": "343.00000"}, "Total Non-Cash Items": {"2020-01-31": "8400.00000", "2019-01-31": "18545.00000", "2018-01-31": "13361.00000", "2017-01-31": "10841.00000", "2016-01-31": "8782.00000", "2015-01-31": "8385.00000", "2014-01-31": "8447.00000", "2013-01-31": "8293.00000", "2012-01-31": "9177.00000", "2011-01-31": "7258.00000", "2010-01-31": "6732.00000", "2009-01-31": "7174.00000", "2008-01-31": "6441.00000", "2007-01-31": "6408.00000", "2006-01-31": "4591.00000", "2005-01-31": "4528.00000"}, "Change In Accounts Receivable": {"2020-01-31": "154.00000", "2019-01-31": "-368.00000", "2018-01-31": "-1074.00000", "2017-01-31": "-402.00000", "2016-01-31": "-19.00000", "2015-01-31": "-569.00000", "2014-01-31": "-566.00000", "2013-01-31": "-614.00000", "2012-01-31": "-796.00000", "2011-01-31": "-733.00000", "2010-01-31": "-297.00000", "2009-01-31": "-101.00000", "2008-01-31": "-564.00000", "2007-01-31": "-214.00000", "2006-01-31": "-466.00000", "2005-01-31": "-302.00000"}, "Change In Inventories": {"2020-01-31": "-300.00000", "2019-01-31": "-1311.00000", "2018-01-31": "-140.00000", "2017-01-31": "1021.00000", "2016-01-31": "-703.00000", "2015-01-31": "-1229.00000", "2014-01-31": "-1667.00000", "2013-01-31": "-2759.00000", "2012-01-31": "-3727.00000", "2011-01-31": "-3205.00000", "2010-01-31": "2213.00000", "2009-01-31": "-184.00000", "2008-01-31": "-775.00000", "2007-01-31": "-1274.00000", "2006-01-31": "-1761.00000", "2005-01-31": "-2515.00000"}, "Change In Accounts Payable": {"2020-01-31": "-274.00000", "2019-01-31": "1831.00000", "2018-01-31": "4086.00000", "2017-01-31": "3942.00000", "2016-01-31": "2008.00000", "2015-01-31": "2678.00000", "2014-01-31": "531.00000", "2013-01-31": "1061.00000", "2012-01-31": "2687.00000", "2011-01-31": "2676.00000", "2010-01-31": "1052.00000", "2009-01-31": "-410.00000", "2008-01-31": "865.00000", "2007-01-31": "2132.00000", "2006-01-31": "3031.00000", "2005-01-31": "1681.00000"}, "Change In Assets/Liabilities": {"2020-01-31": "", "2019-01-31": "", "2018-01-31": "", "2017-01-31": "", "2016-01-31": "", "2015-01-31": "", "2014-01-31": "", "2013-01-31": "", "2012-01-31": "", "2011-01-31": "", "2010-01-31": "", "2009-01-31": "", "2008-01-31": "", "2007-01-31": "", "2006-01-31": "", "2005-01-31": ""}, "Total Change In Assets/Liabilities": {"2020-01-31": "-327.00000", "2019-01-31": "295.00000", "2018-01-31": "3243.00000", "2017-01-31": "6333.00000", "2016-01-31": "2280.00000", "2015-01-31": "2295.00000", "2014-01-31": "-2823.00000", "2013-01-31": "-1060.00000", "2012-01-31": "-1777.00000", "2011-01-31": "-1695.00000", "2010-01-31": "4316.00000", "2009-01-31": "1341.00000", "2008-01-31": "560.00000", "2007-01-31": "1232.00000", "2006-01-31": "1806.00000", "2005-01-31": "-139.00000"}, "Cash Flow From Operating Activities": {"2020-01-31": "25255.00000", "2019-01-31": "27753.00000", "2018-01-31": "28337.00000", "2017-01-31": "31673.00000", "2016-01-31": "27552.00000", "2015-01-31": "28564.00000", "2014-01-31": "23257.00000", "2013-01-31": "25591.00000", "2012-01-31": "24255.00000", "2011-01-31": "23643.00000", "2010-01-31": "26249.00000", "2009-01-31": "23147.00000", "2008-01-31": "20642.00000", "2007-01-31": "20235.00000", "2006-01-31": "18241.00000", "2005-01-31": "15044.00000"}, "Net Change In Property, Plant, And Equipment": {"2020-01-31": "-10384.00000", "2019-01-31": "-9825.00000", "2018-01-31": "-9673.00000", "2017-01-31": "-10163.00000", "2016-01-31": "-10842.00000", "2015-01-31": "-11604.00000", "2014-01-31": "-12388.00000", "2013-01-31": "-12366.00000", "2012-01-31": "-12930.00000", "2011-01-31": "-12210.00000", "2010-01-31": "-11182.00000", "2009-01-31": "-10785.00000", "2008-01-31": "-13980.00000", "2007-01-31": "-15272.00000", "2006-01-31": "-13488.00000", "2005-01-31": "-11878.00000"}, "Net Change In Intangible Assets": {"2020-01-31": "", "2019-01-31": "", "2018-01-31": "", "2017-01-31": "", "2016-01-31": "", "2015-01-31": "", "2014-01-31": "", "2013-01-31": "", "2012-01-31": "", "2011-01-31": "", "2010-01-31": "", "2009-01-31": "", "2008-01-31": "", "2007-01-31": "", "2006-01-31": "", "2005-01-31": ""}, "Net Acquisitions/Divestitures": {"2020-01-31": "-56.00000", "2019-01-31": "-14656.00000", "2018-01-31": "-375.00000", "2017-01-31": "-2463.00000", "2016-01-31": "", "2015-01-31": "", "2014-01-31": "", "2013-01-31": "", "2012-01-31": "", "2011-01-31": "", "2010-01-31": "", "2009-01-31": "", "2008-01-31": "", "2007-01-31": "44.00000", "2006-01-31": "-30.00000", "2005-01-31": "-59.00000"}, "Net Change In Short-term Investments": {"2020-01-31": "", "2019-01-31": "", "2018-01-31": "", "2017-01-31": "", "2016-01-31": "", "2015-01-31": "", "2014-01-31": "", "2013-01-31": "", "2012-01-31": "", "2011-01-31": "", "2010-01-31": "", "2009-01-31": "", "2008-01-31": "", "2007-01-31": "", "2006-01-31": "", "2005-01-31": ""}, "Net Change In Long-Term Investments": {"2020-01-31": "", "2019-01-31": "", "2018-01-31": "", "2017-01-31": "-1901.00000", "2016-01-31": "", "2015-01-31": "", "2014-01-31": "", "2013-01-31": "", "2012-01-31": "", "2011-01-31": "", "2010-01-31": "", "2009-01-31": "", "2008-01-31": "", "2007-01-31": "", "2006-01-31": "", "2005-01-31": ""}, "Net Change In Investments - Total": {"2020-01-31": "", "2019-01-31": "", "2018-01-31": "", "2017-01-31": "-1901.00000", "2016-01-31": "", "2015-01-31": "", "2014-01-31": "", "2013-01-31": "", "2012-01-31": "", "2011-01-31": "", "2010-01-31": "", "2009-01-31": "", "2008-01-31": "", "2007-01-31": "", "2006-01-31": "", "2005-01-31": ""}, "Investing Activities - Other": {"2020-01-31": "1312.00000", "2019-01-31": "445.00000", "2018-01-31": "969.00000", "2017-01-31": "631.00000", "2016-01-31": "167.00000", "2015-01-31": "479.00000", "2014-01-31": "-138.00000", "2013-01-31": "-271.00000", "2012-01-31": "-3679.00000", "2011-01-31": "17.00000", "2010-01-31": "-438.00000", "2009-01-31": "43.00000", "2008-01-31": "-1690.00000", "2007-01-31": "765.00000", "2006-01-31": "-668.00000", "2005-01-31": "-414.00000"}, "Cash Flow From Investing Activities": {"2020-01-31": "-9128.00000", "2019-01-31": "-24036.00000", "2018-01-31": "-9079.00000", "2017-01-31": "-13896.00000", "2016-01-31": "-10675.00000", "2015-01-31": "-11125.00000", "2014-01-31": "-12526.00000", "2013-01-31": "-12637.00000", "2012-01-31": "-16609.00000", "2011-01-31": "-12193.00000", "2010-01-31": "-11620.00000", "2009-01-31": "-10742.00000", "2008-01-31": "-15670.00000", "2007-01-31": "-14463.00000", "2006-01-31": "-14186.00000", "2005-01-31": "-12351.00000"}, "Net Long-Term Debt": {"2020-01-31": "3585.00000", "2019-01-31": "12088.00000", "2018-01-31": "-5585.00000", "2017-01-31": "-1918.00000", "2016-01-31": "-4393.00000", "2015-01-31": "1270.00000", "2014-01-31": "2104.00000", "2013-01-31": "-1267.00000", "2012-01-31": "466.00000", "2011-01-31": "7316.00000", "2010-01-31": "-833.00000", "2009-01-31": "827.00000", "2008-01-31": "2101.00000", "2007-01-31": "1101.00000", "2006-01-31": "4722.00000", "2005-01-31": "3497.00000"}, "Net Current Debt": {"2020-01-31": "-4656.00000", "2019-01-31": "-53.00000", "2018-01-31": "4148.00000", "2017-01-31": "-1673.00000", "2016-01-31": "1235.00000", "2015-01-31": "-6288.00000", "2014-01-31": "911.00000", "2013-01-31": "2754.00000", "2012-01-31": "3019.00000", "2011-01-31": "503.00000", "2010-01-31": "-1033.00000", "2009-01-31": "-3745.00000", "2008-01-31": "2376.00000", "2007-01-31": "-1193.00000", "2006-01-31": "-704.00000", "2005-01-31": "544.00000"}, "Debt Issuance/Retirement Net - Total": {"2020-01-31": "-1071.00000", "2019-01-31": "12035.00000", "2018-01-31": "-1437.00000", "2017-01-31": "-3591.00000", "2016-01-31": "-3158.00000", "2015-01-31": "-5018.00000", "2014-01-31": "3015.00000", "2013-01-31": "1487.00000", "2012-01-31": "3485.00000", "2011-01-31": "7819.00000", "2010-01-31": "-1866.00000", "2009-01-31": "-2918.00000", "2008-01-31": "4477.00000", "2007-01-31": "-92.00000", "2006-01-31": "4018.00000", "2005-01-31": "4041.00000"}, "Net Common Equity Issued/Repurchased": {"2020-01-31": "-5717.00000", "2019-01-31": "-7410.00000", "2018-01-31": "-8296.00000", "2017-01-31": "-8298.00000", "2016-01-31": "-4112.00000", "2015-01-31": "-1015.00000", "2014-01-31": "-6683.00000", "2013-01-31": "-7600.00000", "2012-01-31": "-6298.00000", "2011-01-31": "-14776.00000", "2010-01-31": "-7276.00000", "2009-01-31": "-3521.00000", "2008-01-31": "-7691.00000", "2007-01-31": "-1718.00000", "2006-01-31": "-3580.00000", "2005-01-31": "-4549.00000"}, "Net Total Equity Issued/Repurchased": {"2020-01-31": "-5717.00000", "2019-01-31": "-7410.00000", "2018-01-31": "-8296.00000", "2017-01-31": "-8298.00000", "2016-01-31": "-4112.00000", "2015-01-31": "-1015.00000", "2014-01-31": "-6683.00000", "2013-01-31": "-7600.00000", "2012-01-31": "-6298.00000", "2011-01-31": "-14776.00000", "2010-01-31": "-7276.00000", "2009-01-31": "-3521.00000", "2008-01-31": "-7691.00000", "2007-01-31": "-1718.00000", "2006-01-31": "-3580.00000", "2005-01-31": "-4549.00000"}, "Total Common And Preferred Stock Dividends Paid": {"2020-01-31": "-6603.00000", "2019-01-31": "-6533.00000", "2018-01-31": "-6814.00000", "2017-01-31": "-6695.00000", "2016-01-31": "-7013.00000", "2015-01-31": "-6785.00000", "2014-01-31": "-6565.00000", "2013-01-31": "-5643.00000", "2012-01-31": "-5048.00000", "2011-01-31": "-4437.00000", "2010-01-31": "-4217.00000", "2009-01-31": "-3746.00000", "2008-01-31": "-3586.00000", "2007-01-31": "-2802.00000", "2006-01-31": "-2511.00000", "2005-01-31": "-2214.00000"}, "Financial Activities - Other": {"2020-01-31": "-908.00000", "2019-01-31": "-629.00000", "2018-01-31": "-3328.00000", "2017-01-31": "-488.00000", "2016-01-31": "-2002.00000", "2015-01-31": "-2253.00000", "2014-01-31": "-556.00000", "2013-01-31": "-190.00000", "2012-01-31": "-597.00000", "2011-01-31": "-634.00000", "2010-01-31": "-832.00000", "2009-01-31": "267.00000", "2008-01-31": "-622.00000", "2007-01-31": "-510.00000", "2006-01-31": "-349.00000", "2005-01-31": "113.00000"}, "Cash Flow From Financial Activities": {"2020-01-31": "-14299.00000", "2019-01-31": "-2537.00000", "2018-01-31": "-19875.00000", "2017-01-31": "-19072.00000", "2016-01-31": "-16285.00000", "2015-01-31": "-15071.00000", "2014-01-31": "-10789.00000", "2013-01-31": "-11946.00000", "2012-01-31": "-8458.00000", "2011-01-31": "-12028.00000", "2010-01-31": "-14191.00000", "2009-01-31": "-9918.00000", "2008-01-31": "-7422.00000", "2007-01-31": "-5122.00000", "2006-01-31": "-2422.00000", "2005-01-31": "-2609.00000"}, "Net Cash Flow": {"2020-01-31": "1759.00000", "2019-01-31": "742.00000", "2018-01-31": "-130.00000", "2017-01-31": "-1747.00000", "2016-01-31": "-430.00000", "2015-01-31": "1854.00000", "2014-01-31": "-500.00000", "2013-01-31": "1231.00000", "2012-01-31": "-845.00000", "2011-01-31": "-512.00000", "2010-01-31": "632.00000", "2009-01-31": "1706.00000", "2008-01-31": "-2198.00000", "2007-01-31": "747.00000", "2006-01-31": "1532.00000", "2005-01-31": "289.00000"}, "Stock-Based Compensation": {"2020-01-31": "", "2019-01-31": "", "2018-01-31": "", "2017-01-31": "", "2016-01-31": "", "2015-01-31": "", "2014-01-31": "", "2013-01-31": "", "2012-01-31": "", "2011-01-31": "", "2010-01-31": "", "2009-01-31": "", "2008-01-31": "", "2007-01-31": "", "2006-01-31": "", "2005-01-31": ""}, "Common Stock Dividends Paid": {"2020-01-31": "-6603.00000", "2019-01-31": "-6533.00000", "2018-01-31": "-6814.00000", "2017-01-31": "-6695.00000", "2016-01-31": "-7013.00000", "2015-01-31": "-6785.00000", "2014-01-31": "-6565.00000", "2013-01-31": "-5643.00000", "2012-01-31": "-5048.00000", "2011-01-31": "-4437.00000", "2010-01-31": "-4217.00000", "2009-01-31": "-3746.00000", "2008-01-31": "-3586.00000", "2007-01-31": "-2802.00000", "2006-01-31": "-2511.00000", "2005-01-31": "-2214.00000"}}, "cash flow statement, quarterly": {"Net Income/Loss": {"2020-10-31": 5201, "2020-07-31": 6439, "2020-04-30": "4074.00000", "2020-01-31": 4294, "2019-10-31": 3321, "2019-07-31": 3680, "2019-04-30": "3906.00000", "2019-01-31": 3813, "2018-10-31": 1817, "2018-07-31": -727, "2018-04-30": "2276.00000", "2018-01-31": 2363, "2017-10-31": 1904, "2017-07-31": 3104, "2017-04-30": "3152.00000", "2017-01-31": 3986, "2016-10-31": 3202, "2016-07-31": 3889, "2016-04-30": "3216.00000", "2016-01-31": 4748, "2015-10-31": 3414, "2015-07-31": 3635, "2015-04-30": "3283.00000", "2015-01-31": 5188, "2014-10-31": 3826, "2014-07-31": 4359, "2014-04-30": "3726.00000", "2014-01-31": 4650, "2013-10-31": 3885, "2013-07-31": 4215, "2013-04-30": "3945.00000", "2013-01-31": 5876, "2012-10-31": 3825, "2012-07-31": 4161, "2012-04-30": "3894.00000", "2012-01-31": 5407, "2011-10-31": 3493, "2011-07-31": 3937, "2011-04-30": "3550.00000", "2011-01-31": 6212, "2010-10-31": 3590, "2010-07-31": 3747, "2010-04-30": "3444.00000", "2010-01-31": 4933, "2009-10-31": 3258, "2009-07-31": 3553, "2009-04-30": "3139.00000", "2009-01-31": 3907, "2008-10-31": 3250, "2008-07-31": 3579, "2008-04-30": "3144.00000", "2008-01-31": 4502, "2007-10-31": 2857, "2007-07-31": 2952, "2007-04-30": "2826.00000", "2007-01-31": 3939, "2006-10-31": 2647, "2006-07-31": 2083, "2006-04-30": "2615.00000", "2006-01-31": 3444, "2005-10-31": 2422, "2005-07-31": 2904, "2005-04-30": "2461.00000", "2005-01-31": 10267}, "Total Depreciation And Amortization - Cash Flow": {"2020-10-31": 2771, "2020-07-31": 2771, "2020-04-30": "2791.00000", "2020-01-31": 2828, "2019-10-31": 2723, "2019-07-31": 2722, "2019-04-30": "2714.00000", "2019-01-31": 2731, "2018-10-31": 2615, "2018-07-31": 2654, "2018-04-30": "2678.00000", "2018-01-31": 2702, "2017-10-31": 2658, "2017-07-31": 2618, "2017-04-30": "2551.00000", "2017-01-31": 2706, "2016-10-31": 2469, "2016-07-31": 2517, "2016-04-30": "2388.00000", "2016-01-31": 2431, "2015-10-31": 2365, "2015-07-31": 2339, "2015-04-30": "2319.00000", "2015-01-31": 2292, "2014-10-31": 2354, "2014-07-31": 2277, "2014-04-30": "2250.00000", "2014-01-31": 2270, "2013-10-31": 2198, "2013-07-31": 2215, "2013-04-30": "2187.00000", "2013-01-31": 2174, "2012-10-31": 2071, "2012-07-31": 2127, "2012-04-30": "2106.00000", "2012-01-31": 2039, "2011-10-31": 2040, "2011-07-31": 2042, "2011-04-30": "1985.00000", "2011-01-31": 2006, "2010-10-31": 1887, "2010-07-31": 1884, "2010-04-30": "1864.00000", "2010-01-31": 1902, "2009-10-31": 1798, "2009-07-31": 1757, "2009-04-30": "1700.00000", "2009-01-31": 1685, "2008-10-31": 1688, "2008-07-31": 1738, "2008-04-30": "1628.00000", "2008-01-31": 1661, "2007-10-31": 1596, "2007-07-31": 1572, "2007-04-30": "1488.00000", "2007-01-31": 1446, "2006-10-31": 1371, "2006-07-31": 1348, "2006-04-30": "1294.00000", "2006-01-31": 1186, "2005-10-31": 1174, "2005-07-31": 1153, "2005-04-30": "1132.00000", "2005-01-31": 4185}, "Other Non-Cash Items": {"2020-10-31": -1112, "2020-07-31": -2798, "2020-04-30": "-699.00000", "2020-01-31": -2249, "2019-10-31": 152, "2019-07-31": 169, "2019-04-30": "-659.00000", "2019-01-31": -360, "2018-10-31": 1650, "2018-07-31": 4782, "2018-04-30": "1795.00000", "2018-01-31": 469, "2017-10-31": 1481, "2017-07-31": 880, "2017-04-30": "2.00000", "2017-01-31": -406, "2016-10-31": 1134, "2016-07-31": 155, "2016-04-30": "-122.00000", "2016-01-31": 315, "2015-10-31": -591, "2015-07-31": -237, "2015-04-30": "-159.00000", "2015-01-31": -270, "2014-10-31": -312, "2014-07-31": -217, "2014-04-30": "11.00000", "2014-01-31": -979, "2013-10-31": 104, "2013-07-31": 337, "2013-04-30": "115.00000", "2013-01-31": -425, "2012-10-31": 399, "2012-07-31": -10, "2012-04-30": "-149.00000", "2012-01-31": -307, "2011-10-31": 869, "2011-07-31": 261, "2011-04-30": "248.00000", "2011-01-31": -383, "2010-10-31": 0, "2010-07-31": 0, "2010-04-30": "", "2010-01-31": -447, "2009-10-31": 7, "2009-07-31": 7, "2009-04-30": "8.00000", "2009-01-31": 581, "2008-10-31": -105, "2008-07-31": -48, "2008-04-30": "7.00000", "2008-01-31": 6, "2007-10-31": -2, "2007-07-31": 120, "2007-04-30": "", "2007-01-31": 100, "2006-10-31": -52, "2006-07-31": 904, "2006-04-30": "-3.00000", "2006-01-31": 73, "2005-10-31": 44, "2005-07-31": -171, "2005-04-30": "", "2005-01-31": 343}, "Total Non-Cash Items": {"2020-10-31": 1659, "2020-07-31": -27, "2020-04-30": "2092.00000", "2020-01-31": 579, "2019-10-31": 2875, "2019-07-31": 2891, "2019-04-30": "2055.00000", "2019-01-31": 2371, "2018-10-31": 4265, "2018-07-31": 7436, "2018-04-30": "4473.00000", "2018-01-31": 3171, "2017-10-31": 4139, "2017-07-31": 3498, "2017-04-30": "2553.00000", "2017-01-31": 2300, "2016-10-31": 3603, "2016-07-31": 2672, "2016-04-30": "2266.00000", "2016-01-31": 2746, "2015-10-31": 1774, "2015-07-31": 2102, "2015-04-30": "2160.00000", "2015-01-31": 2022, "2014-10-31": 2042, "2014-07-31": 2060, "2014-04-30": "2261.00000", "2014-01-31": 1291, "2013-10-31": 2302, "2013-07-31": 2552, "2013-04-30": "2302.00000", "2013-01-31": 1749, "2012-10-31": 2470, "2012-07-31": 2117, "2012-04-30": "1957.00000", "2012-01-31": 1732, "2011-10-31": 2909, "2011-07-31": 2303, "2011-04-30": "2233.00000", "2011-01-31": 1623, "2010-10-31": 1887, "2010-07-31": 1884, "2010-04-30": "1864.00000", "2010-01-31": 1455, "2009-10-31": 1805, "2009-07-31": 1764, "2009-04-30": "1708.00000", "2009-01-31": 2266, "2008-10-31": 1583, "2008-07-31": 1690, "2008-04-30": "1635.00000", "2008-01-31": 1667, "2007-10-31": 1594, "2007-07-31": 1692, "2007-04-30": "1488.00000", "2007-01-31": 1546, "2006-10-31": 1319, "2006-07-31": 2252, "2006-04-30": "1291.00000", "2006-01-31": 1259, "2005-10-31": 1218, "2005-07-31": 982, "2005-04-30": "1132.00000", "2005-01-31": 4528}, "Change In Accounts Receivable": {"2020-10-31": -658, "2020-07-31": -101, "2020-04-30": "924.00000", "2020-01-31": -507, "2019-10-31": -317, "2019-07-31": 8, "2019-04-30": "970.00000", "2019-01-31": -546, "2018-10-31": -79, "2018-07-31": -877, "2018-04-30": "1134.00000", "2018-01-31": -545, "2017-10-31": -1114, "2017-07-31": -141, "2017-04-30": "726.00000", "2017-01-31": -673, "2016-10-31": -172, "2016-07-31": -51, "2016-04-30": "494.00000", "2016-01-31": -802, "2015-10-31": 100, "2015-07-31": -99, "2015-04-30": "782.00000", "2015-01-31": -1028, "2014-10-31": -245, "2014-07-31": 91, "2014-04-30": "613.00000", "2014-01-31": -757, "2013-10-31": -254, "2013-07-31": -122, "2013-04-30": "567.00000", "2013-01-31": -1115, "2012-10-31": -127, "2012-07-31": 134, "2012-04-30": "494.00000", "2012-01-31": -1295, "2011-10-31": 180, "2011-07-31": -22, "2011-04-30": "341.00000", "2011-01-31": -643, "2010-10-31": 334, "2010-07-31": -327, "2010-04-30": "-97.00000", "2010-01-31": -837, "2009-10-31": -35, "2009-07-31": 156, "2009-04-30": "419.00000", "2009-01-31": -495, "2008-10-31": -184, "2008-07-31": 128, "2008-04-30": "450.00000", "2008-01-31": -595, "2007-10-31": -224, "2007-07-31": 193, "2007-04-30": "62.00000", "2007-01-31": -317, "2006-10-31": -31, "2006-07-31": -85, "2006-04-30": "219.00000", "2006-01-31": -370, "2005-10-31": -146, "2005-07-31": -135, "2005-04-30": "185.00000", "2005-01-31": -302}, "Change In Inventories": {"2020-10-31": -10726, "2020-07-31": 245, "2020-04-30": "2221.00000", "2020-01-31": 7258, "2019-10-31": -7778, "2019-07-31": 641, "2019-04-30": "-421.00000", "2019-01-31": 5968, "2018-10-31": -7720, "2018-07-31": -106, "2018-04-30": "547.00000", "2018-01-31": 6306, "2017-10-31": -6679, "2017-07-31": 167, "2017-04-30": "66.00000", "2017-01-31": 6537, "2016-10-31": -6571, "2016-07-31": 791, "2016-04-30": "264.00000", "2016-01-31": 5934, "2015-10-31": -6410, "2015-07-31": 1248, "2015-04-30": "-1475.00000", "2015-01-31": 5700, "2014-10-31": -6526, "2014-07-31": 20, "2014-04-30": "-423.00000", "2014-01-31": 4563, "2013-10-31": -6799, "2013-07-31": -15, "2013-04-30": "584.00000", "2013-01-31": 3700, "2012-10-31": -6696, "2012-07-31": 387, "2012-04-30": "-150.00000", "2012-01-31": 3630, "2011-10-31": -6351, "2011-07-31": 707, "2011-04-30": "-1713.00000", "2011-01-31": 4791, "2010-10-31": -5910, "2010-07-31": 109, "2010-04-30": "-2195.00000", "2010-01-31": 5481, "2009-10-31": -4660, "2009-07-31": 1239, "2009-04-30": "153.00000", "2009-01-31": 5471, "2008-10-31": -5750, "2008-07-31": 308, "2008-04-30": "-213.00000", "2008-01-31": 4262, "2007-10-31": -4973, "2007-07-31": 1216, "2007-04-30": "-1280.00000", "2007-01-31": 4924, "2006-10-31": -6332, "2006-07-31": -125, "2006-04-30": "259.00000", "2006-01-31": 4921, "2005-10-31": -5564, "2005-07-31": 799, "2005-04-30": "-1917.00000", "2005-01-31": -2515}, "Change In Accounts Payable": {"2020-10-31": 7501, "2020-07-31": 2235, "2020-04-30": "-1183.00000", "2020-01-31": -3199, "2019-10-31": 4167, "2019-07-31": 612, "2019-04-30": "-1854.00000", "2019-01-31": -2306, "2018-10-31": 5725, "2018-07-31": 182, "2018-04-30": "-1770.00000", "2018-01-31": -1544, "2017-10-31": 5095, "2017-07-31": 690, "2017-04-30": "-155.00000", "2017-01-31": -1179, "2016-10-31": 3257, "2016-07-31": 2098, "2016-04-30": "-234.00000", "2016-01-31": -1595, "2015-10-31": 4165, "2015-07-31": -243, "2015-04-30": "-319.00000", "2015-01-31": -390, "2014-10-31": 3488, "2014-07-31": 411, "2014-04-30": "-831.00000", "2014-01-31": -1558, "2013-10-31": 2413, "2013-07-31": 419, "2013-04-30": "-743.00000", "2013-01-31": -2484, "2012-10-31": 4230, "2012-07-31": -664, "2012-04-30": "-21.00000", "2012-01-31": -730, "2011-10-31": 3870, "2011-07-31": -658, "2011-04-30": "205.00000", "2011-01-31": -2687, "2010-10-31": 2273, "2010-07-31": 2698, "2010-04-30": "392.00000", "2010-01-31": 24, "2009-10-31": 2159, "2009-07-31": -816, "2009-04-30": "-315.00000", "2009-01-31": -1324, "2008-10-31": 1064, "2008-07-31": 1041, "2008-04-30": "-1191.00000", "2008-01-31": -585, "2007-10-31": 2584, "2007-07-31": -19, "2007-04-30": "-1115.00000", "2007-01-31": -1369, "2006-10-31": 3277, "2006-07-31": 666, "2006-04-30": "-442.00000", "2006-01-31": -175, "2005-10-31": 2411, "2005-07-31": -245, "2005-04-30": "1040.00000", "2005-01-31": 1681}, "Change In Assets/Liabilities": {"2020-10-31": 0, "2020-07-31": 0, "2020-04-30": "", "2020-01-31": 0, "2019-10-31": 0, "2019-07-31": 0, "2019-04-30": "", "2019-01-31": 0, "2018-10-31": 0, "2018-07-31": 0, "2018-04-30": "", "2018-01-31": 0, "2017-10-31": 0, "2017-07-31": 0, "2017-04-30": "", "2017-01-31": 0, "2016-10-31": 0, "2016-07-31": 0, "2016-04-30": "", "2016-01-31": 0, "2015-10-31": 0, "2015-07-31": 0, "2015-04-30": "", "2015-01-31": 0, "2014-10-31": 0, "2014-07-31": 0, "2014-04-30": "", "2014-01-31": 0, "2013-10-31": 0, "2013-07-31": 0, "2013-04-30": "", "2013-01-31": 0, "2012-10-31": 0, "2012-07-31": 0, "2012-04-30": "", "2012-01-31": 0, "2011-10-31": 0, "2011-07-31": 0, "2011-04-30": "", "2011-01-31": 0, "2010-10-31": 0, "2010-07-31": 0, "2010-04-30": "", "2010-01-31": 0, "2009-10-31": 0, "2009-07-31": 0, "2009-04-30": "", "2009-01-31": 0, "2008-10-31": 0, "2008-07-31": 0, "2008-04-30": "", "2008-01-31": 0, "2007-10-31": 0, "2007-07-31": 0, "2007-04-30": "", "2007-01-31": 0, "2006-10-31": 0, "2006-07-31": 0, "2006-04-30": "", "2006-01-31": 0, "2005-10-31": 0, "2005-07-31": 0, "2005-04-30": "", "2005-01-31": 0}, "Total Change In Assets/Liabilities": {"2020-10-31": -3561, "2020-07-31": 5171, "2020-04-30": "902.00000", "2020-01-31": 4800, "2019-10-31": -3432, "2019-07-31": 778, "2019-04-30": "-2473.00000", "2019-01-31": 3262, "2018-10-31": -135, "2018-07-31": -979, "2018-04-30": "-1853.00000", "2018-01-31": 4677, "2017-10-31": -503, "2017-07-31": -781, "2017-04-30": "-150.00000", "2017-01-31": 5013, "2016-10-31": -1929, "2016-07-31": 2505, "2016-04-30": "744.00000", "2016-01-31": 4287, "2015-10-31": -397, "2015-07-31": -374, "2015-04-30": "-1236.00000", "2015-01-31": 5691, "2014-10-31": -2223, "2014-07-31": -582, "2014-04-30": "-591.00000", "2014-01-31": 3523, "2013-10-31": -4749, "2013-07-31": -594, "2013-04-30": "-1003.00000", "2013-01-31": 1595, "2012-10-31": -2525, "2012-07-31": -126, "2012-04-30": "-4.00000", "2012-01-31": 3759, "2011-10-31": -3426, "2011-07-31": 1270, "2011-04-30": "-3380.00000", "2011-01-31": 3307, "2010-10-31": -4244, "2010-07-31": 2881, "2010-04-30": "-3639.00000", "2010-01-31": 7279, "2009-10-31": -2938, "2009-07-31": 1059, "2009-04-30": "-1084.00000", "2009-01-31": 6433, "2008-10-31": -4989, "2008-07-31": 1036, "2008-04-30": "-1139.00000", "2008-01-31": 4667, "2007-10-31": -1246, "2007-07-31": 76, "2007-04-30": "-2937.00000", "2007-01-31": 3801, "2006-10-31": -2031, "2006-07-31": -471, "2006-04-30": "-67.00000", "2006-01-31": 5407, "2005-10-31": -2783, "2005-07-31": 218, "2005-04-30": "-1036.00000", "2005-01-31": -139}, "Cash Flow From Operating Activities": {"2020-10-31": 3924, "2020-07-31": 11939, "2020-04-30": "7017.00000", "2020-01-31": 10716, "2019-10-31": 3354, "2019-07-31": 7622, "2019-04-30": "3563.00000", "2019-01-31": 10445, "2018-10-31": 6213, "2018-07-31": 5934, "2018-04-30": "5161.00000", "2018-01-31": 11277, "2017-10-31": 5700, "2017-07-31": 5975, "2017-04-30": "5385.00000", "2017-01-31": 11892, "2016-10-31": 4850, "2016-07-31": 8738, "2016-04-30": "6193.00000", "2016-01-31": 12547, "2015-10-31": 4903, "2015-07-31": 5656, "2015-04-30": "4446.00000", "2015-01-31": 13094, "2014-10-31": 3570, "2014-07-31": 5961, "2014-04-30": "5939.00000", "2014-01-31": 9937, "2013-10-31": 2069, "2013-07-31": 6357, "2013-04-30": "4894.00000", "2013-01-31": 9684, "2012-10-31": 4312, "2012-07-31": 6161, "2012-04-30": "5434.00000", "2012-01-31": 11341, "2011-10-31": 3206, "2011-07-31": 7734, "2011-04-30": "1974.00000", "2011-01-31": 11378, "2010-10-31": 2246, "2010-07-31": 9046, "2010-04-30": "973.00000", "2010-01-31": 13809, "2009-10-31": 2545, "2009-07-31": 6324, "2009-04-30": "3571.00000", "2009-01-31": 12721, "2008-10-31": 262, "2008-07-31": 6385, "2008-04-30": "3779.00000", "2008-01-31": 11019, "2007-10-31": 3425, "2007-07-31": 4351, "2007-04-30": "1847.00000", "2007-01-31": 10170, "2006-10-31": 2805, "2006-07-31": 3520, "2006-04-30": "3740.00000", "2006-01-31": 10127, "2005-10-31": 1646, "2005-07-31": 3955, "2005-04-30": "2513.00000", "2005-01-31": 15044}, "Net Change In Property, Plant, And Equipment": {"2020-10-31": -2853, "2020-07-31": -1794, "2020-04-30": "-1692.00000", "2020-01-31": -2837, "2019-10-31": -2804, "2019-07-31": -2580, "2019-04-30": "-2163.00000", "2019-01-31": -3119, "2018-10-31": -2629, "2018-07-31": -2457, "2018-04-30": "-1620.00000", "2018-01-31": -3066, "2017-10-31": -2396, "2017-07-31": -2417, "2017-04-30": "-1794.00000", "2017-01-31": -3487, "2016-10-31": -2317, "2016-07-31": -2239, "2016-04-30": "-2120.00000", "2016-01-31": -2981, "2015-10-31": -3104, "2015-07-31": -2622, "2015-04-30": "-2135.00000", "2015-01-31": -3820, "2014-10-31": -2761, "2014-07-31": -2914, "2014-04-30": "-2109.00000", "2014-01-31": -3403, "2013-10-31": -3031, "2013-07-31": -3021, "2013-04-30": "-2933.00000", "2013-01-31": -3788, "2012-10-31": -3214, "2012-07-31": -3039, "2012-04-30": "-2325.00000", "2012-01-31": -3741, "2011-10-31": -3630, "2011-07-31": -3264, "2011-04-30": "-2295.00000", "2011-01-31": -3133, "2010-10-31": -3649, "2010-07-31": -2988, "2010-04-30": "-2440.00000", "2010-01-31": -2297, "2009-10-31": -3141, "2009-07-31": -3269, "2009-04-30": "-2475.00000", "2009-01-31": -3390, "2008-10-31": -2813, "2008-07-31": -2261, "2008-04-30": "-2321.00000", "2008-01-31": -3562, "2007-10-31": -3766, "2007-07-31": -3665, "2007-04-30": "-2987.00000", "2007-01-31": -4117, "2006-10-31": -4437, "2006-07-31": -3765, "2006-04-30": "-2953.00000", "2006-01-31": -3844, "2005-10-31": -3561, "2005-07-31": -3612, "2005-04-30": "-2471.00000", "2005-01-31": -11878}, "Net Change In Intangible Assets": {"2020-10-31": 0, "2020-07-31": 0, "2020-04-30": "", "2020-01-31": 0, "2019-10-31": 0, "2019-07-31": 0, "2019-04-30": "", "2019-01-31": 0, "2018-10-31": 0, "2018-07-31": 0, "2018-04-30": "", "2018-01-31": 0, "2017-10-31": 0, "2017-07-31": 0, "2017-04-30": "", "2017-01-31": 0, "2016-10-31": 0, "2016-07-31": 0, "2016-04-30": "", "2016-01-31": 0, "2015-10-31": 0, "2015-07-31": 0, "2015-04-30": "", "2015-01-31": 0, "2014-10-31": 0, "2014-07-31": 0, "2014-04-30": "", "2014-01-31": 0, "2013-10-31": 0, "2013-07-31": 0, "2013-04-30": "", "2013-01-31": 0, "2012-10-31": 0, "2012-07-31": 0, "2012-04-30": "", "2012-01-31": 0, "2011-10-31": 0, "2011-07-31": 0, "2011-04-30": "", "2011-01-31": 0, "2010-10-31": 0, "2010-07-31": 0, "2010-04-30": "", "2010-01-31": 0, "2009-10-31": 0, "2009-07-31": 0, "2009-04-30": "", "2009-01-31": 0, "2008-10-31": 0, "2008-07-31": 0, "2008-04-30": "", "2008-01-31": 0, "2007-10-31": 0, "2007-07-31": 0, "2007-04-30": "", "2007-01-31": 0, "2006-10-31": 0, "2006-07-31": 0, "2006-04-30": "", "2006-01-31": 0, "2005-10-31": 0, "2005-07-31": 0, "2005-04-30": "", "2005-01-31": 0}, "Net Acquisitions/Divestitures": {"2020-10-31": -5, "2020-07-31": -165, "2020-04-30": "-10.00000", "2020-01-31": 0, "2019-10-31": 0, "2019-07-31": 0, "2019-04-30": "-56.00000", "2019-01-31": -1387, "2018-10-31": -13269, "2018-07-31": 0, "2018-04-30": "", "2018-01-31": -3, "2017-10-31": -9, "2017-07-31": -275, "2017-04-30": "-88.00000", "2017-01-31": -57, "2016-10-31": -2406, "2016-07-31": 0, "2016-04-30": "", "2016-01-31": 0, "2015-10-31": 0, "2015-07-31": 0, "2015-04-30": "", "2015-01-31": 0, "2014-10-31": 0, "2014-07-31": 0, "2014-04-30": "", "2014-01-31": 0, "2013-10-31": 0, "2013-07-31": 0, "2013-04-30": "", "2013-01-31": 0, "2012-10-31": 0, "2012-07-31": 0, "2012-04-30": "", "2012-01-31": 0, "2011-10-31": 3501, "2011-07-31": -3501, "2011-04-30": "", "2011-01-31": 0, "2010-10-31": 0, "2010-07-31": 0, "2010-04-30": "", "2010-01-31": 0, "2009-10-31": 0, "2009-07-31": 0, "2009-04-30": "", "2009-01-31": 0, "2008-10-31": 74, "2008-07-31": -74, "2008-04-30": "", "2008-01-31": 0, "2007-10-31": 0, "2007-07-31": 0, "2007-04-30": "", "2007-01-31": 0, "2006-10-31": -1, "2006-07-31": 54, "2006-04-30": "-9.00000", "2006-01-31": -8, "2005-10-31": -59, "2005-07-31": 37, "2005-04-30": "", "2005-01-31": -59}, "Net Change In Short-term Investments": {"2020-10-31": 0, "2020-07-31": 0, "2020-04-30": "", "2020-01-31": 0, "2019-10-31": 0, "2019-07-31": 0, "2019-04-30": "", "2019-01-31": 0, "2018-10-31": 0, "2018-07-31": 0, "2018-04-30": "", "2018-01-31": 0, "2017-10-31": 0, "2017-07-31": 0, "2017-04-30": "", "2017-01-31": 0, "2016-10-31": 0, "2016-07-31": 0, "2016-04-30": "", "2016-01-31": 0, "2015-10-31": 0, "2015-07-31": 0, "2015-04-30": "", "2015-01-31": 0, "2014-10-31": 0, "2014-07-31": 0, "2014-04-30": "", "2014-01-31": 0, "2013-10-31": 0, "2013-07-31": 0, "2013-04-30": "", "2013-01-31": 0, "2012-10-31": 0, "2012-07-31": 0, "2012-04-30": "", "2012-01-31": 0, "2011-10-31": 0, "2011-07-31": 0, "2011-04-30": "", "2011-01-31": 0, "2010-10-31": 0, "2010-07-31": 0, "2010-04-30": "", "2010-01-31": 0, "2009-10-31": 0, "2009-07-31": 0, "2009-04-30": "", "2009-01-31": 0, "2008-10-31": 0, "2008-07-31": 0, "2008-04-30": "", "2008-01-31": 0, "2007-10-31": 0, "2007-07-31": 0, "2007-04-30": "", "2007-01-31": 0, "2006-10-31": 0, "2006-07-31": 0, "2006-04-30": "", "2006-01-31": 0, "2005-10-31": 0, "2005-07-31": 0, "2005-04-30": "", "2005-01-31": 0}, "Net Change In Long-Term Investments": {"2020-10-31": 0, "2020-07-31": 0, "2020-04-30": "", "2020-01-31": 0, "2019-10-31": 0, "2019-07-31": 0, "2019-04-30": "", "2019-01-31": 0, "2018-10-31": 0, "2018-07-31": 0, "2018-04-30": "", "2018-01-31": 0, "2017-10-31": 0, "2017-07-31": 0, "2017-04-30": "", "2017-01-31": 0, "2016-10-31": -1901, "2016-07-31": 0, "2016-04-30": "", "2016-01-31": 0, "2015-10-31": 0, "2015-07-31": 0, "2015-04-30": "", "2015-01-31": 0, "2014-10-31": 0, "2014-07-31": 0, "2014-04-30": "", "2014-01-31": 0, "2013-10-31": 0, "2013-07-31": 0, "2013-04-30": "", "2013-01-31": 0, "2012-10-31": 0, "2012-07-31": 0, "2012-04-30": "", "2012-01-31": 0, "2011-10-31": 0, "2011-07-31": 0, "2011-04-30": "", "2011-01-31": 0, "2010-10-31": 0, "2010-07-31": 0, "2010-04-30": "", "2010-01-31": 0, "2009-10-31": 0, "2009-07-31": 0, "2009-04-30": "", "2009-01-31": 0, "2008-10-31": 0, "2008-07-31": 0, "2008-04-30": "", "2008-01-31": 0, "2007-10-31": 0, "2007-07-31": 0, "2007-04-30": "", "2007-01-31": 0, "2006-10-31": 0, "2006-07-31": 0, "2006-04-30": "", "2006-01-31": 0, "2005-10-31": 0, "2005-07-31": 0, "2005-04-30": "", "2005-01-31": 0}, "Net Change In Investments - Total": {"2020-10-31": 0, "2020-07-31": 0, "2020-04-30": "", "2020-01-31": 0, "2019-10-31": 0, "2019-07-31": 0, "2019-04-30": "", "2019-01-31": 0, "2018-10-31": 0, "2018-07-31": 0, "2018-04-30": "", "2018-01-31": 0, "2017-10-31": 0, "2017-07-31": 0, "2017-04-30": "", "2017-01-31": 0, "2016-10-31": -1901, "2016-07-31": 0, "2016-04-30": "", "2016-01-31": 0, "2015-10-31": 0, "2015-07-31": 0, "2015-04-30": "", "2015-01-31": 0, "2014-10-31": 0, "2014-07-31": 0, "2014-04-30": "", "2014-01-31": 0, "2013-10-31": 0, "2013-07-31": 0, "2013-04-30": "", "2013-01-31": 0, "2012-10-31": 0, "2012-07-31": 0, "2012-04-30": "", "2012-01-31": 0, "2011-10-31": 0, "2011-07-31": 0, "2011-04-30": "", "2011-01-31": 0, "2010-10-31": 0, "2010-07-31": 0, "2010-04-30": "", "2010-01-31": 0, "2009-10-31": 0, "2009-07-31": 0, "2009-04-30": "", "2009-01-31": 0, "2008-10-31": 0, "2008-07-31": 0, "2008-04-30": "", "2008-01-31": 0, "2007-10-31": 0, "2007-07-31": 0, "2007-04-30": "", "2007-01-31": 0, "2006-10-31": 0, "2006-07-31": 0, "2006-04-30": "", "2006-01-31": 0, "2005-10-31": 0, "2005-07-31": 0, "2005-04-30": "", "2005-01-31": 0}, "Investing Activities - Other": {"2020-10-31": -15, "2020-07-31": 21, "2020-04-30": "6.00000", "2020-01-31": -6, "2019-10-31": 343, "2019-07-31": -109, "2019-04-30": "1084.00000", "2019-01-31": 1024, "2018-10-31": -228, "2018-07-31": -289, "2018-04-30": "-62.00000", "2018-01-31": -156, "2017-10-31": 93, "2017-07-31": 1011, "2017-04-30": "21.00000", "2017-01-31": 698, "2016-10-31": -10, "2016-07-31": -58, "2016-04-30": "1.00000", "2016-01-31": -127, "2015-10-31": 139, "2015-07-31": 133, "2015-04-30": "22.00000", "2015-01-31": -148, "2014-10-31": -56, "2014-07-31": 695, "2014-04-30": "-12.00000", "2014-01-31": 18, "2013-10-31": -73, "2013-07-31": -34, "2013-04-30": "-49.00000", "2013-01-31": 503, "2012-10-31": -440, "2012-07-31": -223, "2012-04-30": "-111.00000", "2012-01-31": -54, "2011-10-31": -3793, "2011-07-31": -258, "2011-04-30": "426.00000", "2011-01-31": 229, "2010-10-31": -59, "2010-07-31": -357, "2010-04-30": "204.00000", "2010-01-31": -662, "2009-10-31": 228, "2009-07-31": 204, "2009-04-30": "-208.00000", "2009-01-31": -555, "2008-10-31": 469, "2008-07-31": 41, "2008-04-30": "88.00000", "2008-01-31": -885, "2007-10-31": -277, "2007-07-31": -73, "2007-04-30": "-455.00000", "2007-01-31": 365, "2006-10-31": 486, "2006-07-31": -85, "2006-04-30": "-1.00000", "2006-01-31": -239, "2005-10-31": -344, "2005-07-31": -60, "2005-04-30": "-25.00000", "2005-01-31": -414}, "Cash Flow From Investing Activities": {"2020-10-31": -2873, "2020-07-31": -1938, "2020-04-30": "-1696.00000", "2020-01-31": -2843, "2019-10-31": -2461, "2019-07-31": -2689, "2019-04-30": "-1135.00000", "2019-01-31": -3482, "2018-10-31": -16126, "2018-07-31": -2746, "2018-04-30": "-1682.00000", "2018-01-31": -3225, "2017-10-31": -2312, "2017-07-31": -1681, "2017-04-30": "-1861.00000", "2017-01-31": -2846, "2016-10-31": -6634, "2016-07-31": -2297, "2016-04-30": "-2119.00000", "2016-01-31": -3108, "2015-10-31": -2965, "2015-07-31": -2489, "2015-04-30": "-2113.00000", "2015-01-31": -3968, "2014-10-31": -2817, "2014-07-31": -2219, "2014-04-30": "-2121.00000", "2014-01-31": -3385, "2013-10-31": -3104, "2013-07-31": -3055, "2013-04-30": "-2982.00000", "2013-01-31": -3285, "2012-10-31": -3654, "2012-07-31": -3262, "2012-04-30": "-2436.00000", "2012-01-31": -3795, "2011-10-31": -3922, "2011-07-31": -7023, "2011-04-30": "-1869.00000", "2011-01-31": -2904, "2010-10-31": -3708, "2010-07-31": -3345, "2010-04-30": "-2236.00000", "2010-01-31": -2959, "2009-10-31": -2913, "2009-07-31": -3065, "2009-04-30": "-2683.00000", "2009-01-31": -3945, "2008-10-31": -2270, "2008-07-31": -2294, "2008-04-30": "-2233.00000", "2008-01-31": -4447, "2007-10-31": -4043, "2007-07-31": -3738, "2007-04-30": "-3442.00000", "2007-01-31": -3752, "2006-10-31": -3952, "2006-07-31": -3796, "2006-04-30": "-2963.00000", "2006-01-31": -4091, "2005-10-31": -3964, "2005-07-31": -3635, "2005-04-30": "-2496.00000", "2005-01-31": -12351}, "Net Long-Term Debt": {"2020-10-31": -1195, "2020-07-31": -2937, "2020-04-30": "", "2020-01-31": 0, "2019-10-31": -28, "2019-07-31": -1, "2019-04-30": "3614.00000", "2019-01-31": -713, "2018-10-31": 0, "2018-07-31": 15322, "2018-04-30": "-2521.00000", "2018-01-31": -4202, "2017-10-31": 514, "2017-07-31": -384, "2017-04-30": "-1513.00000", "2017-01-31": -12, "2016-10-31": -10, "2016-07-31": -10, "2016-04-30": "-1886.00000", "2016-01-31": -12, "2015-10-31": -1264, "2015-07-31": -2245, "2015-04-30": "-872.00000", "2015-01-31": 33, "2014-10-31": -460, "2014-07-31": -1248, "2014-04-30": "2945.00000", "2014-01-31": -6, "2013-10-31": 170, "2013-07-31": -1949, "2013-04-30": "3889.00000", "2013-01-31": -827, "2012-10-31": -1, "2012-07-31": 101, "2012-04-30": "-540.00000", "2012-01-31": -277, "2011-10-31": -311, "2011-07-31": -1810, "2011-04-30": "2864.00000", "2011-01-31": -490, "2010-10-31": 4012, "2010-07-31": 1860, "2010-04-30": "1934.00000", "2010-01-31": -1499, "2009-10-31": -2195, "2009-07-31": 1471, "2009-04-30": "1390.00000", "2009-01-31": 323, "2008-10-31": -83, "2008-07-31": -1573, "2008-04-30": "2160.00000", "2008-01-31": 805, "2007-10-31": 2913, "2007-07-31": -2555, "2007-04-30": "938.00000", "2007-01-31": 2666, "2006-10-31": -700, "2006-07-31": -392, "2006-04-30": "-473.00000", "2006-01-31": 504, "2005-10-31": 4259, "2005-07-31": 1467, "2005-04-30": "-1508.00000", "2005-01-31": 3497}, "Net Current Debt": {"2020-10-31": -123, "2020-07-31": -3720, "2020-04-30": "3542.00000", "2020-01-31": -4374, "2019-10-31": 1282, "2019-07-31": -1165, "2019-04-30": "-399.00000", "2019-01-31": -2664, "2018-10-31": 7372, "2018-07-31": -7262, "2018-04-30": "2501.00000", "2018-01-31": 144, "2017-10-31": 1860, "2017-07-31": 662, "2017-04-30": "1482.00000", "2017-01-31": -3975, "2016-10-31": 3159, "2016-07-31": -1922, "2016-04-30": "1065.00000", "2016-01-31": -2302, "2015-10-31": 3263, "2015-07-31": 1015, "2015-04-30": "-741.00000", "2015-01-31": -4445, "2014-10-31": 2287, "2014-07-31": -1, "2014-04-30": "-4129.00000", "2014-01-31": -5135, "2013-10-31": 4177, "2013-07-31": 2420, "2013-04-30": "-551.00000", "2013-01-31": -1946, "2012-10-31": 2639, "2012-07-31": 298, "2012-04-30": "1763.00000", "2012-01-31": -5539, "2011-10-31": 3222, "2011-07-31": 2908, "2011-04-30": "2428.00000", "2011-01-31": -6317, "2010-10-31": 2700, "2010-07-31": -179, "2010-04-30": "4299.00000", "2010-01-31": -4508, "2009-10-31": 4129, "2009-07-31": -388, "2009-04-30": "-266.00000", "2009-01-31": -6694, "2008-10-31": 3588, "2008-07-31": -1531, "2008-04-30": "892.00000", "2008-01-31": -4105, "2007-10-31": 994, "2007-07-31": 3499, "2007-04-30": "1988.00000", "2007-01-31": -5393, "2006-10-31": 1903, "2006-07-31": 2409, "2006-04-30": "-112.00000", "2006-01-31": -3666, "2005-10-31": -2280, "2005-07-31": 2037, "2005-04-30": "3205.00000", "2005-01-31": 544}, "Debt Issuance/Retirement Net - Total": {"2020-10-31": -1318, "2020-07-31": -6657, "2020-04-30": "3542.00000", "2020-01-31": -4374, "2019-10-31": 1254, "2019-07-31": -1166, "2019-04-30": "3215.00000", "2019-01-31": -3377, "2018-10-31": 7372, "2018-07-31": 8060, "2018-04-30": "-20.00000", "2018-01-31": -4058, "2017-10-31": 2374, "2017-07-31": 278, "2017-04-30": "-31.00000", "2017-01-31": -3987, "2016-10-31": 3149, "2016-07-31": -1932, "2016-04-30": "-821.00000", "2016-01-31": -2314, "2015-10-31": 1999, "2015-07-31": -1230, "2015-04-30": "-1613.00000", "2015-01-31": -4412, "2014-10-31": 1827, "2014-07-31": -1249, "2014-04-30": "-1184.00000", "2014-01-31": -5141, "2013-10-31": 4347, "2013-07-31": 471, "2013-04-30": "3338.00000", "2013-01-31": -2773, "2012-10-31": 2638, "2012-07-31": 399, "2012-04-30": "1223.00000", "2012-01-31": -5816, "2011-10-31": 2911, "2011-07-31": 1098, "2011-04-30": "5292.00000", "2011-01-31": -6807, "2010-10-31": 6712, "2010-07-31": 1681, "2010-04-30": "6233.00000", "2010-01-31": -6007, "2009-10-31": 1934, "2009-07-31": 1083, "2009-04-30": "1124.00000", "2009-01-31": -6371, "2008-10-31": 3505, "2008-07-31": -3104, "2008-04-30": "3052.00000", "2008-01-31": -3300, "2007-10-31": 3907, "2007-07-31": 944, "2007-04-30": "2926.00000", "2007-01-31": -2727, "2006-10-31": 1203, "2006-07-31": 2017, "2006-04-30": "-585.00000", "2006-01-31": -3162, "2005-10-31": 1979, "2005-07-31": 3504, "2005-04-30": "1697.00000", "2005-01-31": 4041}, "Net Common Equity Issued/Repurchased": {"2020-10-31": -463, "2020-07-31": 0, "2020-04-30": "-723.00000", "2020-01-31": -888, "2019-10-31": -1122, "2019-07-31": -1572, "2019-04-30": "-2135.00000", "2019-01-31": -3249, "2018-10-31": -2317, "2018-07-31": -1305, "2018-04-30": "-539.00000", "2018-01-31": -1640, "2017-10-31": -2209, "2017-07-31": -2262, "2017-04-30": "-2185.00000", "2017-01-31": -2044, "2016-10-31": -1402, "2016-07-31": -2117, "2016-04-30": "-2735.00000", "2016-01-31": -2392, "2015-10-31": -437, "2015-07-31": -1003, "2015-04-30": "-280.00000", "2015-01-31": 0, "2014-10-31": -82, "2014-07-31": -307, "2014-04-30": "-626.00000", "2014-01-31": -877, "2013-10-31": -1710, "2013-07-31": -1850, "2013-04-30": "-2246.00000", "2013-01-31": -2943, "2012-10-31": -1228, "2012-07-31": -1840, "2012-04-30": "-1589.00000", "2012-01-31": -1341, "2011-10-31": -1417, "2011-07-31": -1411, "2011-04-30": "-2129.00000", "2011-01-31": -3804, "2010-10-31": -3860, "2010-07-31": -4145, "2010-04-30": "-2967.00000", "2010-01-31": -2171, "2009-10-31": -2313, "2009-07-31": -1906, "2009-04-30": "-886.00000", "2009-01-31": 0, "2008-10-31": -1337, "2008-07-31": -809, "2008-04-30": "-1375.00000", "2008-01-31": -2412, "2007-10-31": -2795, "2007-07-31": -1541, "2007-04-30": "-943.00000", "2007-01-31": -1718, "2006-10-31": 0, "2006-07-31": 0, "2006-04-30": "", "2006-01-31": 0, "2005-10-31": 0, "2005-07-31": -2165, "2005-04-30": "-1415.00000", "2005-01-31": -4549}, "Net Total Equity Issued/Repurchased": {"2020-10-31": -463, "2020-07-31": 0, "2020-04-30": "-723.00000", "2020-01-31": -888, "2019-10-31": -1122, "2019-07-31": -1572, "2019-04-30": "-2135.00000", "2019-01-31": -3249, "2018-10-31": -2317, "2018-07-31": -1305, "2018-04-30": "-539.00000", "2018-01-31": -1640, "2017-10-31": -2209, "2017-07-31": -2262, "2017-04-30": "-2185.00000", "2017-01-31": -2044, "2016-10-31": -1402, "2016-07-31": -2117, "2016-04-30": "-2735.00000", "2016-01-31": -2392, "2015-10-31": -437, "2015-07-31": -1003, "2015-04-30": "-280.00000", "2015-01-31": 0, "2014-10-31": -82, "2014-07-31": -307, "2014-04-30": "-626.00000", "2014-01-31": -877, "2013-10-31": -1710, "2013-07-31": -1850, "2013-04-30": "-2246.00000", "2013-01-31": -2943, "2012-10-31": -1228, "2012-07-31": -1840, "2012-04-30": "-1589.00000", "2012-01-31": -1341, "2011-10-31": -1417, "2011-07-31": -1411, "2011-04-30": "-2129.00000", "2011-01-31": -3804, "2010-10-31": -3860, "2010-07-31": -4145, "2010-04-30": "-2967.00000", "2010-01-31": -2171, "2009-10-31": -2313, "2009-07-31": -1906, "2009-04-30": "-886.00000", "2009-01-31": 0, "2008-10-31": -1337, "2008-07-31": -809, "2008-04-30": "-1375.00000", "2008-01-31": -2412, "2007-10-31": -2795, "2007-07-31": -1541, "2007-04-30": "-943.00000", "2007-01-31": -1718, "2006-10-31": 0, "2006-07-31": 0, "2006-04-30": "", "2006-01-31": 0, "2005-10-31": 0, "2005-07-31": -2165, "2005-04-30": "-1415.00000", "2005-01-31": -4549}, "Total Common And Preferred Stock Dividends Paid": {"2020-10-31": -1534, "2020-07-31": -1595, "2020-04-30": "-1529.00000", "2020-01-31": -1651, "2019-10-31": -1657, "2019-07-31": -1679, "2019-04-30": "-1616.00000", "2019-01-31": -1684, "2018-10-31": -1611, "2018-07-31": -1639, "2018-04-30": "-1599.00000", "2018-01-31": -1664, "2017-10-31": -1589, "2017-07-31": -1958, "2017-04-30": "-1603.00000", "2017-01-31": -1693, "2016-10-31": -1599, "2016-07-31": -1773, "2016-04-30": "-1630.00000", "2016-01-31": -1676, "2015-10-31": -1746, "2015-07-31": -1943, "2015-04-30": "-1648.00000", "2015-01-31": -1745, "2014-10-31": -1607, "2014-07-31": -1858, "2014-04-30": "-1575.00000", "2014-01-31": -1575, "2013-10-31": -1540, "2013-07-31": -1901, "2013-04-30": "-1549.00000", "2013-01-31": -1609, "2012-10-31": -1336, "2012-07-31": -1346, "2012-04-30": "-1352.00000", "2012-01-31": -1248, "2011-10-31": -1259, "2011-07-31": -1267, "2011-04-30": "-1274.00000", "2011-01-31": -1076, "2010-10-31": -1101, "2010-07-31": -1124, "2010-04-30": "-1136.00000", "2010-01-31": -1038, "2009-10-31": -1050, "2009-07-31": -1062, "2009-04-30": "-1067.00000", "2009-01-31": -932, "2008-10-31": -936, "2008-07-31": -938, "2008-04-30": "-940.00000", "2008-01-31": -879, "2007-10-31": -896, "2007-07-31": -903, "2007-04-30": "-908.00000", "2007-01-31": -684, "2006-10-31": -710, "2006-07-31": -710, "2006-04-30": "-698.00000", "2006-01-31": -624, "2005-10-31": -625, "2005-07-31": -627, "2005-04-30": "-635.00000", "2005-01-31": -2214}, "Financial Activities - Other": {"2020-10-31": -211, "2020-07-31": -127, "2020-04-30": "-725.00000", "2020-01-31": -173, "2019-10-31": -157, "2019-07-31": -268, "2019-04-30": "-310.00000", "2019-01-31": -148, "2018-10-31": -3, "2018-07-31": -150, "2018-04-30": "-328.00000", "2018-01-31": -1097, "2017-10-31": -1361, "2017-07-31": -717, "2017-04-30": "-153.00000", "2017-01-31": -76, "2016-10-31": -206, "2016-07-31": 40, "2016-04-30": "-246.00000", "2016-01-31": -644, "2015-10-31": -301, "2015-07-31": -903, "2015-04-30": "-154.00000", "2015-01-31": -56, "2014-10-31": -241, "2014-07-31": -164, "2014-04-30": "-1792.00000", "2014-01-31": -160, "2013-10-31": -257, "2013-07-31": 159, "2013-04-30": "-298.00000", "2013-01-31": 73, "2012-10-31": 10, "2012-07-31": -184, "2012-04-30": "-89.00000", "2012-01-31": 231, "2011-10-31": -313, "2011-07-31": -292, "2011-04-30": "-223.00000", "2011-01-31": -11, "2010-10-31": -36, "2010-07-31": -293, "2010-04-30": "-294.00000", "2010-01-31": -49, "2009-10-31": -63, "2009-07-31": -46, "2009-04-30": "-674.00000", "2009-01-31": 432, "2008-10-31": 101, "2008-07-31": -320, "2008-04-30": "54.00000", "2008-01-31": 47, "2007-10-31": -234, "2007-07-31": -159, "2007-04-30": "-276.00000", "2007-01-31": -86, "2006-10-31": -31, "2006-07-31": -306, "2006-04-30": "-87.00000", "2006-01-31": 266, "2005-10-31": -193, "2005-07-31": -266, "2005-04-30": "-156.00000", "2005-01-31": 113}, "Cash Flow From Financial Activities": {"2020-10-31": -3526, "2020-07-31": -8379, "2020-04-30": "565.00000", "2020-01-31": -7086, "2019-10-31": -1682, "2019-07-31": -4685, "2019-04-30": "-846.00000", "2019-01-31": -8458, "2018-10-31": 3441, "2018-07-31": 4966, "2018-04-30": "-2486.00000", "2018-01-31": -8459, "2017-10-31": -2785, "2017-07-31": -4659, "2017-04-30": "-3972.00000", "2017-01-31": -7800, "2016-10-31": -58, "2016-07-31": -5782, "2016-04-30": "-5432.00000", "2016-01-31": -7026, "2015-10-31": -485, "2015-07-31": -5079, "2015-04-30": "-3695.00000", "2015-01-31": -6213, "2014-10-31": -103, "2014-07-31": -3578, "2014-04-30": "-5177.00000", "2014-01-31": -7753, "2013-10-31": 840, "2013-07-31": -3121, "2013-04-30": "-755.00000", "2013-01-31": -7252, "2012-10-31": 84, "2012-07-31": -2971, "2012-04-30": "-1807.00000", "2012-01-31": -8174, "2011-10-31": -78, "2011-07-31": -1872, "2011-04-30": "1666.00000", "2011-01-31": -11698, "2010-10-31": 1715, "2010-07-31": -3881, "2010-04-30": "1836.00000", "2010-01-31": -9265, "2009-10-31": -1492, "2009-07-31": -1931, "2009-04-30": "-1503.00000", "2009-01-31": -6871, "2008-10-31": 1333, "2008-07-31": -5171, "2008-04-30": "791.00000", "2008-01-31": -6544, "2007-10-31": -18, "2007-07-31": -1659, "2007-04-30": "799.00000", "2007-01-31": -5215, "2006-10-31": 462, "2006-07-31": 1001, "2006-04-30": "-1370.00000", "2006-01-31": -3520, "2005-10-31": 1161, "2005-07-31": 446, "2005-04-30": "-509.00000", "2005-01-31": -2609}, "Net Cash Flow": {"2020-10-31": -2576, "2020-07-31": 1968, "2020-04-30": "5471.00000", "2020-01-31": 884, "2019-10-31": -689, "2019-07-31": 28, "2019-04-30": "1536.00000", "2019-01-31": -1448, "2018-10-31": -6658, "2018-07-31": 7712, "2018-04-30": "1136.00000", "2018-01-31": -306, "2017-10-31": 557, "2017-07-31": -72, "2017-04-30": "-309.00000", "2017-01-31": 1019, "2016-10-31": -1737, "2016-07-31": 79, "2016-04-30": "-1108.00000", "2016-01-31": 1715, "2015-10-31": 1239, "2015-07-31": -2008, "2015-04-30": "-1376.00000", "2015-01-31": 2417, "2014-10-31": 534, "2014-07-31": 172, "2014-04-30": "-1269.00000", "2014-01-31": -1455, "2013-10-31": -280, "2013-07-31": 161, "2013-04-30": "1074.00000", "2013-01-31": -862, "2012-10-31": 708, "2012-07-31": -182, "2012-04-30": "1567.00000", "2012-01-31": -513, "2011-10-31": -1039, "2011-07-31": -1298, "2011-04-30": "2005.00000", "2011-01-31": -3221, "2010-10-31": 421, "2010-07-31": 1679, "2010-04-30": "609.00000", "2010-01-31": 1904, "2009-10-31": -1994, "2009-07-31": 1419, "2009-04-30": "-697.00000", "2009-01-31": 1355, "2008-10-31": -1021, "2008-07-31": -1131, "2008-04-30": "2503.00000", "2008-01-31": 22, "2007-10-31": -547, "2007-07-31": -863, "2007-04-30": "-810.00000", "2007-01-31": 1253, "2006-10-31": -709, "2006-07-31": 759, "2006-04-30": "-556.00000", "2006-01-31": 2485, "2005-10-31": -1138, "2005-07-31": 718, "2005-04-30": "-533.00000", "2005-01-31": 289}, "Stock-Based Compensation": {"2020-10-31": 0, "2020-07-31": 0, "2020-04-30": "", "2020-01-31": 0, "2019-10-31": 0, "2019-07-31": 0, "2019-04-30": "", "2019-01-31": 0, "2018-10-31": 0, "2018-07-31": 0, "2018-04-30": "", "2018-01-31": 0, "2017-10-31": 0, "2017-07-31": 0, "2017-04-30": "", "2017-01-31": 0, "2016-10-31": 0, "2016-07-31": 0, "2016-04-30": "", "2016-01-31": 0, "2015-10-31": 0, "2015-07-31": 0, "2015-04-30": "", "2015-01-31": 0, "2014-10-31": 0, "2014-07-31": 0, "2014-04-30": "", "2014-01-31": 0, "2013-10-31": 0, "2013-07-31": 0, "2013-04-30": "", "2013-01-31": 0, "2012-10-31": 0, "2012-07-31": 0, "2012-04-30": "", "2012-01-31": 0, "2011-10-31": 0, "2011-07-31": 0, "2011-04-30": "", "2011-01-31": 0, "2010-10-31": 0, "2010-07-31": 0, "2010-04-30": "", "2010-01-31": 0, "2009-10-31": 0, "2009-07-31": 0, "2009-04-30": "", "2009-01-31": 0, "2008-10-31": 0, "2008-07-31": 0, "2008-04-30": "", "2008-01-31": 0, "2007-10-31": 0, "2007-07-31": 0, "2007-04-30": "", "2007-01-31": 0, "2006-10-31": 0, "2006-07-31": 0, "2006-04-30": "", "2006-01-31": 0, "2005-10-31": 0, "2005-07-31": 0, "2005-04-30": "", "2005-01-31": 0}, "Common Stock Dividends Paid": {"2020-10-31": -1534, "2020-07-31": -1595, "2020-04-30": "-1529.00000", "2020-01-31": -1651, "2019-10-31": -1657, "2019-07-31": -1679, "2019-04-30": "-1616.00000", "2019-01-31": -1684, "2018-10-31": -1611, "2018-07-31": -1639, "2018-04-30": "-1599.00000", "2018-01-31": -1664, "2017-10-31": -1589, "2017-07-31": -1958, "2017-04-30": "-1603.00000", "2017-01-31": -1693, "2016-10-31": -1599, "2016-07-31": -1773, "2016-04-30": "-1630.00000", "2016-01-31": -1676, "2015-10-31": -1746, "2015-07-31": -1943, "2015-04-30": "-1648.00000", "2015-01-31": -1745, "2014-10-31": -1607, "2014-07-31": -1858, "2014-04-30": "-1575.00000", "2014-01-31": -1575, "2013-10-31": -1540, "2013-07-31": -1901, "2013-04-30": "-1549.00000", "2013-01-31": -1609, "2012-10-31": -1336, "2012-07-31": -1346, "2012-04-30": "-1352.00000", "2012-01-31": -1248, "2011-10-31": -1259, "2011-07-31": -1267, "2011-04-30": "-1274.00000", "2011-01-31": -1076, "2010-10-31": -1101, "2010-07-31": -1124, "2010-04-30": "-1136.00000", "2010-01-31": -1038, "2009-10-31": -1050, "2009-07-31": -1062, "2009-04-30": "-1067.00000", "2009-01-31": -932, "2008-10-31": -936, "2008-07-31": -938, "2008-04-30": "-940.00000", "2008-01-31": -879, "2007-10-31": -896, "2007-07-31": -903, "2007-04-30": "-908.00000", "2007-01-31": -684, "2006-10-31": -710, "2006-07-31": -710, "2006-04-30": "-698.00000", "2006-01-31": -624, "2005-10-31": -625, "2005-07-31": -627, "2005-04-30": "-635.00000", "2005-01-31": -2214}}, "financial ratios": {"Current Ratio": {"2020-01-31": "0.79450", "2019-01-31": "0.79890", "2018-01-31": "0.75980", "2017-01-31": "0.86200", "2016-01-31": "0.93220", "2015-01-31": "0.96970", "2014-01-31": "0.88230", "2013-01-31": "0.83460", "2012-01-31": "0.88240", "2011-01-31": "0.88750", "2010-01-31": "0.86480", "2009-01-31": "0.88370", "2008-01-31": "0.82120", "2007-01-31": "0.90090", "2006-01-31": "0.89760", "2005-01-31": "0.89980"}, "Long-term Debt / Capital": {"2020-01-31": "0.42340", "2019-01-31": "0.38670", "2018-01-31": "0.31300", "2017-01-31": "0.34290", "2016-01-31": "0.34500", "2015-01-31": "0.33600", "2014-01-31": "0.35390", "2013-01-31": "0.33630", "2012-01-31": "0.38330", "2011-01-31": "0.38090", "2010-01-31": "0.33380", "2009-01-31": "0.34000", "2008-01-31": "0.34080", "2007-01-31": "0.33300", "2006-01-31": "0.36140", "2005-01-31": "0.32010"}, "Debt/Equity Ratio": {"2020-01-31": "0.81340", "2019-01-31": "0.72870", "2018-01-31": "0.57520", "2017-01-31": "0.57040", "2016-01-31": "0.59840", "2015-01-31": "0.58370", "2014-01-31": "0.69640", "2013-01-31": "0.66230", "2012-01-31": "0.70520", "2011-01-31": "0.69990", "2010-01-31": "0.56880", "2009-01-31": "0.62940", "2008-01-31": "0.69140", "2007-01-31": "0.63370", "2006-01-31": "0.72840", "2005-01-31": "0.62860"}, "Gross Margin": {"2020-01-31": "24.68850", "2019-01-31": "25.09770", "2018-01-31": "25.37200", "2017-01-31": "25.64810", "2016-01-31": "25.12730", "2015-01-31": "24.82540", "2014-01-31": "24.82190", "2013-01-31": "24.82740", "2012-01-31": "24.97510", "2011-01-31": "25.34150", "2010-01-31": "25.47970", "2009-01-31": "24.81440", "2008-01-31": "24.63670", "2007-01-31": "24.22410", "2006-01-31": "23.85510", "2005-01-31": "23.73400"}, "Operating Margin": {"2020-01-31": "3.92550", "2019-01-31": "4.26840", "2018-01-31": "4.08460", "2017-01-31": "4.68520", "2016-01-31": "4.99970", "2015-01-31": "5.58980", "2014-01-31": "5.64190", "2013-01-31": "5.91590", "2012-01-31": "5.93290", "2011-01-31": "6.05480", "2010-01-31": "5.88160", "2009-01-31": "5.63190", "2008-01-31": "5.82250", "2007-01-31": "5.88370", "2006-01-31": "5.99580", "2005-01-31": "6.08490"}, "EBIT Margin": {"2020-01-31": "3.92550", "2019-01-31": "4.26840", "2018-01-31": "4.08460", "2017-01-31": "4.68520", "2016-01-31": "4.99970", "2015-01-31": "5.58980", "2014-01-31": "5.64190", "2013-01-31": "5.91590", "2012-01-31": "5.93290", "2011-01-31": "6.05480", "2010-01-31": "5.88160", "2009-01-31": "5.63190", "2008-01-31": "5.82250", "2007-01-31": "5.88370", "2006-01-31": "5.99580", "2005-01-31": "6.08490"}, "EBITDA Margin": {"2020-01-31": "6.02240", "2019-01-31": "6.34420", "2018-01-31": "6.18900", "2017-01-31": "6.75980", "2016-01-31": "6.96060", "2015-01-31": "7.47860", "2014-01-31": "7.50420", "2013-01-31": "7.72490", "2012-01-31": "7.74830", "2011-01-31": "7.86610", "2010-01-31": "7.63540", "2009-01-31": "7.29890", "2008-01-31": "7.49800", "2007-01-31": "7.45070", "2006-01-31": "7.48410", "2005-01-31": "7.55690"}, "Pre-Tax Profit Margin": {"2020-01-31": "3.83920", "2019-01-31": "2.22780", "2018-01-31": "3.02250", "2017-01-31": "4.21860", "2016-01-31": "4.48800", "2015-01-31": "5.10630", "2014-01-31": "5.17660", "2013-01-31": "5.47570", "2012-01-31": "5.44940", "2011-01-31": "5.57970", "2010-01-31": "5.42000", "2009-01-31": "5.16190", "2008-01-31": "5.34660", "2007-01-31": "5.44480", "2006-01-31": "5.61840", "2005-01-31": "5.74020"}, "Net Profit Margin": {"2020-01-31": "2.84010", "2019-01-31": "1.29660", "2018-01-31": "1.97100", "2017-01-31": "2.80790", "2016-01-31": "3.04770", "2015-01-31": "3.36930", "2014-01-31": "3.36390", "2013-01-31": "3.62720", "2012-01-31": "3.51590", "2011-01-31": "3.88500", "2010-01-31": "3.52130", "2009-01-31": "3.31000", "2008-01-31": "3.37670", "2007-01-31": "3.23910", "2006-01-31": "3.59850", "2005-01-31": "3.61120"}, "Asset Turnover": {"2020-01-31": "2.21550", "2019-01-31": "2.34570", "2018-01-31": "2.44640", "2017-01-31": "2.44370", "2016-01-31": "2.41570", "2015-01-31": "2.38660", "2014-01-31": "2.32620", "2013-01-31": "2.30740", "2012-01-31": "2.30870", "2011-01-31": "2.33350", "2010-01-31": "2.39480", "2009-01-31": "2.47360", "2008-01-31": "2.30580", "2007-01-31": "2.29810", "2006-01-31": "2.25850", "2005-01-31": "2.36620"}, "Inventory Turnover Ratio": {"2020-01-31": "8.88050", "2019-01-31": "8.70360", "2018-01-31": "8.52830", "2017-01-31": "8.39230", "2016-01-31": "8.11770", "2015-01-31": "8.08770", "2014-01-31": "7.98230", "2013-01-31": "8.04280", "2012-01-31": "8.22800", "2011-01-31": "8.64360", "2010-01-31": "9.29620", "2009-01-31": "8.80710", "2008-01-31": "8.08150", "2007-01-31": "7.83670", "2006-01-31": "7.44750", "2005-01-31": "7.28550"}, "Receiveable Turnover": {"2020-01-31": "83.38070", "2019-01-31": "81.87250", "2018-01-31": "89.12420", "2017-01-31": "83.26870", "2016-01-31": "85.72720", "2015-01-31": "71.65110", "2014-01-31": "71.33350", "2013-01-31": "69.24510", "2012-01-31": "75.20790", "2011-01-31": "82.89430", "2010-01-31": "98.47610", "2009-01-31": "103.52210", "2008-01-31": "103.52090", "2007-01-31": "122.66480", "2006-01-31": "121.20430", "2005-01-31": "165.77840"}, "Days Sales In Receivables": {"2020-01-31": "4.37750", "2019-01-31": "4.45820", "2018-01-31": "4.09540", "2017-01-31": "4.38340", "2016-01-31": "4.25770", "2015-01-31": "5.09410", "2014-01-31": "5.11680", "2013-01-31": "5.27110", "2012-01-31": "4.85320", "2011-01-31": "4.40320", "2010-01-31": "3.70650", "2009-01-31": "3.52580", "2008-01-31": "3.52590", "2007-01-31": "2.97560", "2006-01-31": "3.01140", "2005-01-31": "2.20170"}, "ROE - Return On Equity": {"2020-01-31": "18.63960", "2019-01-31": "9.01500", "2018-01-31": "13.02000", "2017-01-31": "17.74760", "2016-01-31": "18.03590", "2015-01-31": "19.56550", "2014-01-31": "20.34820", "2013-01-31": "21.65950", "2012-01-31": "21.65760", "2011-01-31": "22.39950", "2010-01-31": "20.59520", "2009-01-31": "20.47440", "2008-01-31": "20.53770", "2007-01-31": "19.79600", "2006-01-31": "21.45530", "2005-01-31": "21.22030"}, "Return On Tangible Equity": {"2020-01-31": "30.11350", "2019-01-31": "14.81640", "2018-01-31": "16.81530", "2017-01-31": "22.50940", "2016-01-31": "22.53570", "2015-01-31": "24.78660", "2014-01-31": "26.76900", "2013-01-31": "28.90870", "2012-01-31": "29.77320", "2011-01-31": "29.29120", "2010-01-31": "26.47110", "2009-01-31": "26.50380", "2008-01-31": "27.23020", "2007-01-31": "25.49250", "2006-01-31": "27.77430", "2005-01-31": "27.16040"}, "ROA - Return On Assets": {"2020-01-31": "6.42760", "2019-01-31": "3.27370", "2018-01-31": "5.14520", "2017-01-31": "7.18870", "2016-01-31": "7.55580", "2015-01-31": "8.26280", "2014-01-31": "8.08350", "2013-01-31": "8.71670", "2012-01-31": "8.48370", "2011-01-31": "8.82780", "2010-01-31": "8.78020", "2009-01-31": "8.40360", "2008-01-31": "8.11490", "2007-01-31": "8.04090", "2006-01-31": "8.25550", "2005-01-31": "8.72380"}, "ROI - Return On Investment": {"2020-01-31": "10.74750", "2019-01-31": "5.52920", "2018-01-31": "8.94460", "2017-01-31": "11.66270", "2016-01-31": "11.81440", "2015-01-31": "12.99060", "2014-01-31": "13.14640", "2013-01-31": "14.37540", "2012-01-31": "13.35720", "2011-01-31": "13.86670", "2010-01-31": "13.72040", "2009-01-31": "13.51400", "2008-01-31": "13.53840", "2007-01-31": "13.20470", "2006-01-31": "13.70050", "2005-01-31": "14.42730"}, "Book Value Per Share": {"2020-01-31": "28.79660", "2019-01-31": "27.66990", "2018-01-31": "27.37870", "2017-01-31": "26.42230", "2016-01-31": "26.44240", "2015-01-31": "26.62240", "2014-01-31": "25.15900", "2013-01-31": "24.66450", "2012-01-31": "22.16530", "2011-01-31": "20.26370", "2010-01-31": "19.18860", "2009-01-31": "17.09020", "2008-01-31": "16.26180", "2007-01-31": "14.90510", "2006-01-31": "12.76620", "2005-01-31": "11.66650"}, "Operating Cash Flow Per Share": {"2020-01-31": -0.618, "2019-01-31": 0.0095, "2018-01-31": -0.7634, "2017-01-31": 1.6132, "2016-01-31": -0.2434, "2015-01-31": 1.7238, "2014-01-31": -0.4671, "2013-01-31": 0.5693, "2012-01-31": 0.5397, "2011-01-31": -0.3282, "2010-01-31": 0.9119, "2009-01-31": 0.7892, "2008-01-31": 0.2145, "2007-01-31": 0.4993, "2006-01-31": 0.829, "2005-01-31": 3.5265}, "Free Cash Flow Per Share": {"2020-01-31": -0.9025, "2019-01-31": -0.1131, "2018-01-31": -0.7113, "2017-01-31": 1.7177, "2016-01-31": -0.0354, "2015-01-31": 1.919, "2014-01-31": -0.5916, "2013-01-31": 0.6424, "2012-01-31": 0.1446, "2011-01-31": -0.771, "2010-01-31": 0.7575, "2009-01-31": 1.4927, "2008-01-31": 0.4454, "2007-01-31": 0.0558, "2006-01-31": 0.3928, "2005-01-31": 0.7421}}, "financial ratios, quarterly": {"Current Ratio": {"2020-10-31": "0.83520", "2020-07-31": "0.79310", "2020-04-30": "0.76620", "2020-01-31": "0.79450", "2019-10-31": "0.81060", "2019-07-31": "0.76440", "2019-04-30": "0.77280", "2019-01-31": "0.79890", "2018-10-31": "0.80990", "2018-07-31": "0.92590", "2018-04-30": "0.73360", "2018-01-31": "0.75980", "2017-10-31": "0.81270", "2017-07-31": "0.77960", "2017-04-30": "0.77280", "2017-01-31": "0.86200", "2016-10-31": "0.85530", "2016-07-31": "0.85480", "2016-04-30": "0.84090", "2016-01-31": "0.93220", "2015-10-31": "0.92370", "2015-07-31": "0.89070", "2015-04-30": "0.89240", "2015-01-31": "0.96970", "2014-10-31": "0.92030", "2014-07-31": "0.88830", "2014-04-30": "0.87880", "2014-01-31": "0.88230", "2013-10-31": "0.87170", "2013-07-31": "0.83090", "2013-04-30": "0.81810", "2013-01-31": "0.83460", "2012-10-31": "0.82540", "2012-07-31": "0.82350", "2012-04-30": "0.83040", "2012-01-31": "0.88240", "2011-10-31": "0.88060", "2011-07-31": "0.85800", "2011-04-30": "0.90210", "2011-01-31": "0.88750", "2010-10-31": "0.87080", "2010-07-31": "0.80790", "2010-04-30": "0.79620", "2010-01-31": "0.86480", "2009-10-31": "0.87090", "2009-07-31": "0.85160", "2009-04-30": "0.84660", "2009-01-31": "0.88370", "2008-10-31": "0.87580", "2008-07-31": "0.90620", "2008-04-30": "0.83030", "2008-01-31": "0.82120", "2007-10-31": "0.84520", "2007-07-31": "0.83960", "2007-04-30": "0.86980", "2007-01-31": "0.90090", "2006-10-31": "0.85320", "2006-07-31": "0.85280", "2006-04-30": "0.87430", "2006-01-31": "0.89760", "2005-10-31": "0.89280", "2005-07-31": "0.82160", "2005-04-30": "0.80620", "2005-01-31": "0.89980"}, "Long-term Debt / Capital": {"2020-10-31": "0.34260", "2020-07-31": "0.35980", "2020-04-30": "0.39050", "2020-01-31": "0.37060", "2019-10-31": "0.38480", "2019-07-31": "0.38520", "2019-04-30": "0.40620", "2019-01-31": "0.38670", "2018-10-31": "0.38570", "2018-07-31": "0.41130", "2018-04-30": "0.31670", "2018-01-31": "0.31300", "2017-10-31": "0.34140", "2017-07-31": "0.33860", "2017-04-30": "0.34460", "2017-01-31": "0.34290", "2016-10-31": "0.34350", "2016-07-31": "0.35070", "2016-04-30": "0.35820", "2016-01-31": "0.34500", "2015-10-31": "0.34850", "2015-07-31": "0.34280", "2015-04-30": "0.34940", "2015-01-31": "0.33600", "2014-10-31": "0.34510", "2014-07-31": "0.35460", "2014-04-30": "0.38150", "2014-01-31": "0.35390", "2013-10-31": "0.36190", "2013-07-31": "0.36240", "2013-04-30": "0.37000", "2013-01-31": "0.33630", "2012-10-31": "0.34740", "2012-07-31": "0.37160", "2012-04-30": "0.38350", "2012-01-31": "0.38330", "2011-10-31": "0.40130", "2011-07-31": "0.39940", "2011-04-30": "0.41730", "2011-01-31": "0.38090", "2010-10-31": "0.39220", "2010-07-31": "0.36650", "2010-04-30": "0.34380", "2010-01-31": "0.33380", "2009-10-31": "0.35200", "2009-07-31": "0.34960", "2009-04-30": "0.35820", "2009-01-31": "0.34000", "2008-10-31": "0.33520", "2008-07-31": "0.35380", "2008-04-30": "0.35580", "2008-01-31": "0.34080", "2007-10-31": "0.34750", "2007-07-31": "0.33630", "2007-04-30": "0.35600", "2007-01-31": "0.33300", "2006-10-31": "0.32100", "2006-07-31": "0.33170", "2006-04-30": "0.35200", "2006-01-31": "0.36140", "2005-10-31": "0.34860", "2005-07-31": "0.33110", "2005-04-30": "0.31430", "2005-01-31": "0.32010"}, "Debt/Equity Ratio": {"2020-10-31": "0.58020", "2020-07-31": "0.64150", "2020-04-30": "0.78310", "2020-01-31": "0.66790", "2019-10-31": "0.74660", "2019-07-31": "0.73690", "2019-04-30": "0.77380", "2019-01-31": "0.72870", "2018-10-31": "0.76750", "2018-07-31": "0.72880", "2018-04-30": "0.59170", "2018-01-31": "0.57520", "2017-10-31": "0.63270", "2017-07-31": "0.60270", "2017-04-30": "0.61090", "2017-01-31": "0.57040", "2016-10-31": "0.62140", "2016-07-31": "0.60010", "2016-04-30": "0.64330", "2016-01-31": "0.59840", "2015-10-31": "0.63490", "2015-07-31": "0.59730", "2015-04-30": "0.62800", "2015-01-31": "0.58370", "2014-10-31": "0.65980", "2014-07-31": "0.65140", "2014-04-30": "0.70740", "2014-01-31": "0.69640", "2013-10-31": "0.78730", "2013-07-31": "0.74620", "2013-04-30": "0.75270", "2013-01-31": "0.66230", "2012-10-31": "0.73100", "2012-07-31": "0.73120", "2012-04-30": "0.73880", "2012-01-31": "0.70520", "2011-10-31": "0.82970", "2011-07-31": "0.78350", "2011-04-30": "0.81870", "2011-01-31": "0.69990", "2010-10-31": "0.83500", "2010-07-31": "0.73600", "2010-04-30": "0.68760", "2010-01-31": "0.56880", "2009-10-31": "0.68400", "2009-07-31": "0.66040", "2009-04-30": "0.67550", "2009-01-31": "0.62940", "2008-10-31": "0.69660", "2008-07-31": "0.64710", "2008-04-30": "0.73840", "2008-01-31": "0.69140", "2007-10-31": "0.75200", "2007-07-31": "0.69100", "2007-04-30": "0.70440", "2007-01-31": "0.63370", "2006-10-31": "0.70680", "2006-07-31": "0.71820", "2006-04-30": "0.71980", "2006-01-31": "0.72840", "2005-10-31": "0.75940", "2005-07-31": "0.75400", "2005-04-30": "0.69740", "2005-01-31": "0.62860"}, "Gross Margin": {"2020-10-31": "25.51370", "2020-07-31": "25.44830", "2020-04-30": "24.21300", "2020-01-31": "23.94490", "2019-10-31": "25.07290", "2019-07-31": "24.89240", "2019-04-30": "24.92720", "2019-01-31": "24.41480", "2018-10-31": "25.44400", "2018-07-31": "25.35150", "2018-04-30": "25.25310", "2018-01-31": "24.67730", "2017-10-31": "25.67970", "2017-07-31": "25.80680", "2017-04-30": "25.39860", "2017-01-31": "25.35060", "2016-10-31": "25.97330", "2016-07-31": "25.95610", "2016-04-30": "25.33130", "2016-01-31": "25.19380", "2015-10-31": "25.51960", "2015-07-31": "25.09630", "2015-04-30": "24.68340", "2015-01-31": "24.66460", "2014-10-31": "25.00320", "2014-07-31": "25.06970", "2014-04-30": "24.57030", "2014-01-31": "24.46690", "2013-10-31": "25.06830", "2013-07-31": "25.17330", "2013-04-30": "24.61560", "2013-01-31": "24.73600", "2012-10-31": "24.89460", "2012-07-31": "25.05990", "2012-04-30": "24.62790", "2012-01-31": "24.66670", "2011-10-31": "25.07120", "2011-07-31": "25.23270", "2011-04-30": "24.96620", "2011-01-31": "25.17100", "2010-10-31": "25.63270", "2010-07-31": "25.34370", "2010-04-30": "25.24070", "2010-01-31": "25.39480", "2009-10-31": "25.61860", "2009-07-31": "25.59580", "2009-04-30": "25.31140", "2009-01-31": "24.66880", "2008-10-31": "25.14010", "2008-07-31": "24.64680", "2008-04-30": "24.82410", "2008-01-31": "25.30800", "2007-10-31": "24.61660", "2007-07-31": "24.09700", "2007-04-30": "24.41730", "2007-01-31": "23.68850", "2006-10-31": "24.50900", "2006-07-31": "24.40010", "2006-04-30": "24.39760", "2006-01-31": "23.39380", "2005-10-31": "23.96910", "2005-07-31": "24.26170", "2005-04-30": "23.86860", "2005-01-31": "23.20730"}, "Operating Margin": {"2020-10-31": "4.28930", "2020-07-31": "4.39880", "2020-04-30": "3.88050", "2020-01-31": "3.75660", "2019-10-31": "3.68620", "2019-07-31": "4.28220", "2019-04-30": "3.99030", "2019-01-31": "4.37130", "2018-10-31": "3.99220", "2018-07-31": "4.49120", "2018-04-30": "4.20080", "2018-01-31": "3.27810", "2017-10-31": "3.86750", "2017-07-31": "4.83890", "2017-04-30": "4.45540", "2017-01-31": "4.73900", "2016-10-31": "4.33160", "2016-07-31": "5.10120", "2016-04-30": "4.55120", "2016-01-31": "5.12240", "2015-10-31": "4.86680", "2015-07-31": "5.04790", "2015-04-30": "4.94660", "2015-01-31": "6.04190", "2014-10-31": "5.26470", "2014-07-31": "5.61080", "2014-04-30": "5.38710", "2014-01-31": "5.66430", "2013-10-31": "5.45430", "2013-07-31": "5.80070", "2013-04-30": "5.64390", "2013-01-31": "6.70040", "2012-10-31": "5.35410", "2012-07-31": "5.86090", "2012-04-30": "5.65170", "2012-01-31": "6.79060", "2011-10-31": "5.33270", "2011-07-31": "5.83640", "2011-04-30": "5.65890", "2011-01-31": "6.87870", "2010-10-31": "5.50360", "2010-07-31": "5.96760", "2010-04-30": "5.74790", "2010-01-31": "6.52680", "2009-10-31": "5.47630", "2009-07-31": "5.87750", "2009-04-30": "5.53570", "2009-01-31": "5.84110", "2008-10-31": "5.38110", "2008-07-31": "5.68000", "2008-04-30": "5.60040", "2008-01-31": "6.48520", "2007-10-31": "5.40030", "2007-07-31": "5.68070", "2007-04-30": "5.61280", "2007-01-31": "6.51150", "2006-10-31": "5.28610", "2006-07-31": "5.97450", "2006-04-30": "5.64160", "2006-01-31": "6.72950", "2005-10-31": "5.43520", "2005-07-31": "6.16710", "2005-04-30": "5.49800", "2005-01-31": "6.95980"}, "EBIT Margin": {"2020-10-31": "4.28930", "2020-07-31": "4.39880", "2020-04-30": "3.88050", "2020-01-31": "3.75660", "2019-10-31": "3.68620", "2019-07-31": "4.28220", "2019-04-30": "3.99030", "2019-01-31": "4.37130", "2018-10-31": "3.99220", "2018-07-31": "4.49120", "2018-04-30": "4.20080", "2018-01-31": "3.27810", "2017-10-31": "3.86750", "2017-07-31": "4.83890", "2017-04-30": "4.45540", "2017-01-31": "4.73900", "2016-10-31": "4.33160", "2016-07-31": "5.10120", "2016-04-30": "4.55120", "2016-01-31": "5.12240", "2015-10-31": "4.86680", "2015-07-31": "5.04790", "2015-04-30": "4.94660", "2015-01-31": "6.04190", "2014-10-31": "5.26470", "2014-07-31": "5.61080", "2014-04-30": "5.38710", "2014-01-31": "5.66430", "2013-10-31": "5.45430", "2013-07-31": "5.80070", "2013-04-30": "5.64390", "2013-01-31": "6.70040", "2012-10-31": "5.35410", "2012-07-31": "5.86090", "2012-04-30": "5.65170", "2012-01-31": "6.79060", "2011-10-31": "5.33270", "2011-07-31": "5.83640", "2011-04-30": "5.65890", "2011-01-31": "6.87870", "2010-10-31": "5.50360", "2010-07-31": "5.96760", "2010-04-30": "5.74790", "2010-01-31": "6.52680", "2009-10-31": "5.47630", "2009-07-31": "5.87750", "2009-04-30": "5.53570", "2009-01-31": "5.84110", "2008-10-31": "5.38110", "2008-07-31": "5.68000", "2008-04-30": "5.60040", "2008-01-31": "6.48520", "2007-10-31": "5.40030", "2007-07-31": "5.68070", "2007-04-30": "5.61280", "2007-01-31": "6.51150", "2006-10-31": "5.28610", "2006-07-31": "5.97450", "2006-04-30": "5.64160", "2006-01-31": "6.72950", "2005-10-31": "5.43520", "2005-07-31": "6.16710", "2005-04-30": "5.49800", "2005-01-31": "6.95980"}, "EBITDA Margin": {"2020-10-31": "", "2020-07-31": "", "2020-04-30": "", "2020-01-31": "", "2019-10-31": "", "2019-07-31": "", "2019-04-30": "", "2019-01-31": "", "2018-10-31": "", "2018-07-31": "", "2018-04-30": "", "2018-01-31": "", "2017-10-31": "", "2017-07-31": "", "2017-04-30": "", "2017-01-31": "", "2016-10-31": "", "2016-07-31": "", "2016-04-30": "", "2016-01-31": "", "2015-10-31": "", "2015-07-31": "", "2015-04-30": "", "2015-01-31": "", "2014-10-31": "", "2014-07-31": "", "2014-04-30": "", "2014-01-31": "", "2013-10-31": "", "2013-07-31": "", "2013-04-30": "", "2013-01-31": "", "2012-10-31": "", "2012-07-31": "", "2012-04-30": "", "2012-01-31": "", "2011-10-31": "", "2011-07-31": "", "2011-04-30": "", "2011-01-31": "", "2010-10-31": "", "2010-07-31": "", "2010-04-30": "", "2010-01-31": "", "2009-10-31": "", "2009-07-31": "", "2009-04-30": "", "2009-01-31": "", "2008-10-31": "", "2008-07-31": "", "2008-04-30": "", "2008-01-31": "", "2007-10-31": "", "2007-07-31": "", "2007-04-30": "", "2007-01-31": "", "2006-10-31": "", "2006-07-31": "", "2006-04-30": "", "2006-01-31": "", "2005-10-31": "", "2005-07-31": "", "2005-04-30": "", "2005-01-31": ""}, "Pre-Tax Profit Margin": {"2020-10-31": "5.28180", "2020-07-31": "6.27700", "2020-04-30": "4.00830", "2020-01-31": "4.00430", "2019-10-31": "3.41660", "2019-07-31": "3.76830", "2019-04-30": "4.16140", "2019-01-31": "4.08090", "2018-10-31": "2.06250", "2018-07-31": "0.31090", "2018-04-30": "2.30010", "2018-01-31": "2.17510", "2017-10-31": "2.33720", "2017-07-31": "3.73390", "2017-04-30": "3.97650", "2017-01-31": "4.31510", "2016-10-31": "3.83660", "2016-07-31": "4.63290", "2016-04-30": "4.06720", "2016-01-31": "4.69970", "2015-10-31": "4.39660", "2015-07-31": "4.59620", "2015-04-30": "4.22900", "2015-01-31": "5.59650", "2014-10-31": "4.71340", "2014-07-31": "5.16300", "2014-04-30": "4.89300", "2014-01-31": "5.23720", "2013-10-31": "4.95300", "2013-07-31": "5.32830", "2013-04-30": "5.17930", "2013-01-31": "6.32650", "2012-10-31": "4.87430", "2012-07-31": "5.41910", "2012-04-30": "5.17830", "2012-01-31": "6.36040", "2011-10-31": "4.84730", "2011-07-31": "5.30790", "2011-04-30": "5.16180", "2011-01-31": "6.42150", "2010-10-31": "4.99750", "2010-07-31": "5.50010", "2010-04-30": "5.27600", "2010-01-31": "6.11390", "2009-10-31": "4.99830", "2009-07-31": "5.40860", "2009-04-30": "5.04020", "2009-01-31": "5.38820", "2008-10-31": "4.91740", "2008-07-31": "5.23440", "2008-04-30": "5.07790", "2008-01-31": "5.97640", "2007-10-31": "4.89960", "2007-07-31": "5.24630", "2007-04-30": "5.15910", "2007-01-31": "6.16330", "2006-10-31": "4.78410", "2006-07-31": "5.51450", "2006-04-30": "5.17970", "2006-01-31": "6.36500", "2005-10-31": "4.97100", "2005-07-31": "5.76820", "2005-04-30": "5.21900", "2005-01-31": "6.59080"}, "Net Profit Margin": {"2020-10-31": "3.81190", "2020-07-31": "4.70150", "2020-04-30": "2.96390", "2020-01-31": "2.92300", "2019-10-31": "2.56890", "2019-07-31": "2.76890", "2019-04-30": "3.10030", "2019-01-31": "2.65650", "2018-10-31": "1.36920", "2018-07-31": "-0.67250", "2018-04-30": "1.73930", "2018-01-31": "1.59610", "2017-10-31": "1.41990", "2017-07-31": "2.35010", "2017-04-30": "2.58550", "2017-01-31": "2.86930", "2016-10-31": "2.56730", "2016-07-31": "3.12190", "2016-04-30": "2.65650", "2016-01-31": "3.52750", "2015-10-31": "2.81410", "2015-07-31": "2.89030", "2015-04-30": "2.90960", "2015-01-31": "3.77460", "2014-10-31": "3.11850", "2014-07-31": "3.40730", "2014-04-30": "3.12540", "2014-01-31": "3.41620", "2013-10-31": "3.23110", "2013-07-31": "3.48280", "2013-04-30": "3.31730", "2013-01-31": "4.39480", "2012-10-31": "3.19420", "2012-07-31": "3.51410", "2012-04-30": "3.31120", "2012-01-31": "4.20690", "2011-10-31": "3.02650", "2011-07-31": "3.47550", "2011-04-30": "3.26230", "2011-01-31": "5.20450", "2010-10-31": "3.37020", "2010-07-31": "3.46680", "2010-04-30": "3.30730", "2010-01-31": "4.16570", "2009-10-31": "3.16380", "2009-07-31": "3.44180", "2009-04-30": "3.20660", "2009-01-31": "3.47240", "2008-10-31": "3.19080", "2008-07-31": "3.37010", "2008-04-30": "3.18310", "2008-01-31": "3.87330", "2007-10-31": "3.11000", "2007-07-31": "3.17420", "2007-04-30": "3.27050", "2007-01-31": "3.98700", "2006-10-31": "3.13380", "2006-07-31": "2.43830", "2006-04-30": "3.28200", "2006-01-31": "4.06560", "2005-10-31": "3.14870", "2005-07-31": "3.65720", "2005-04-30": "3.43330", "2005-01-31": "3.99870"}, "Asset Turnover": {"2020-10-31": "0.53700", "2020-07-31": "0.58030", "2020-04-30": "0.57800", "2020-01-31": "0.59900", "2019-10-31": "0.53370", "2019-07-31": "0.55510", "2019-04-30": "0.52840", "2019-01-31": "0.63290", "2018-10-31": "0.55120", "2018-07-31": "0.62130", "2018-04-30": "0.59870", "2018-01-31": "0.66630", "2017-10-31": "0.58820", "2017-07-31": "0.61200", "2017-04-30": "0.58850", "2017-01-31": "0.65850", "2016-10-31": "0.57130", "2016-07-31": "0.61070", "2016-04-30": "0.58330", "2016-01-31": "0.64970", "2015-10-31": "0.57230", "2015-07-31": "0.60530", "2015-04-30": "0.57200", "2015-01-31": "0.64650", "2014-10-31": "0.57300", "2014-07-31": "0.58950", "2014-04-30": "0.56770", "2014-01-31": "0.63350", "2013-10-31": "0.55120", "2013-07-31": "0.58130", "2013-04-30": "0.56420", "2013-01-31": "0.62800", "2012-10-31": "0.55290", "2012-07-31": "0.58410", "2012-04-30": "0.57340", "2012-01-31": "0.63460", "2011-10-31": "0.56460", "2011-07-31": "0.56410", "2011-04-30": "0.55950", "2011-01-31": "0.64360", "2010-10-31": "0.54550", "2010-07-31": "0.58620", "2010-04-30": "0.57350", "2010-01-31": "0.66660", "2009-10-31": "0.57610", "2009-07-31": "0.59830", "2009-04-30": "0.58140", "2009-01-31": "0.66470", "2008-10-31": "0.58590", "2008-07-31": "0.61320", "2008-04-30": "0.56690", "2008-01-31": "0.64670", "2007-10-31": "0.55450", "2007-07-31": "0.59250", "2007-04-30": "0.55600", "2007-01-31": "0.65170", "2006-10-31": "0.55890", "2006-07-31": "0.59000", "2006-04-30": "0.56710", "2006-01-31": "0.63920", "2005-10-31": "0.57210", "2005-07-31": "0.61470", "2005-04-30": "0.58650", "2005-01-31": "0.65850"}, "Inventory Turnover Ratio": {"2020-10-31": "1.93550", "2020-07-31": "2.49950", "2020-04-30": "2.47530", "2020-01-31": "2.42480", "2019-10-31": "1.86050", "2019-07-31": "2.21880", "2019-04-30": "2.07890", "2019-01-31": "2.36980", "2018-10-31": "1.84830", "2018-07-31": "2.27630", "2018-04-30": "2.11780", "2018-01-31": "2.34430", "2017-10-31": "1.82560", "2017-07-31": "2.10670", "2017-04-30": "2.02230", "2017-01-31": "2.27070", "2016-10-31": "1.75590", "2016-07-31": "2.05940", "2016-04-30": "1.94420", "2016-01-31": "2.18130", "2015-10-31": "1.72460", "2015-07-31": "2.00090", "2015-04-30": "1.86750", "2015-01-31": "2.19570", "2014-10-31": "1.73290", "2014-07-31": "1.98040", "2014-04-30": "1.91360", "2014-01-31": "2.18400", "2013-10-31": "1.74520", "2013-07-31": "2.04290", "2013-04-30": "1.99340", "2013-01-31": "2.19180", "2012-10-31": "1.79990", "2012-07-31": "2.11160", "2012-04-30": "2.06320", "2012-01-31": "2.27080", "2011-10-31": "1.86270", "2011-07-31": "2.10380", "2011-04-30": "2.03080", "2011-01-31": "2.38960", "2010-10-31": "1.84660", "2010-07-31": "2.22570", "2010-04-30": "2.13070", "2010-01-31": "2.59060", "2009-10-31": "1.93860", "2009-07-31": "2.24950", "2009-04-30": "2.04670", "2009-01-31": "2.37110", "2008-10-31": "1.82160", "2008-07-31": "2.18060", "2008-04-30": "2.00930", "2008-01-31": "2.24650", "2007-10-31": "1.75160", "2007-07-31": "2.06500", "2007-04-30": "1.85540", "2007-01-31": "2.23810", "2006-10-31": "1.65490", "2006-07-31": "2.01280", "2006-04-30": "1.88830", "2006-01-31": "2.12050", "2005-10-31": "1.58040", "2005-07-31": "1.89770", "2005-04-30": "1.74080", "2005-01-31": "2.04160"}, "Receiveable Turnover": {"2020-10-31": "23.34630", "2020-07-31": "26.95010", "2020-04-30": "26.76910", "2020-01-31": "22.54470", "2019-10-31": "22.80670", "2019-07-31": "24.22460", "2019-04-30": "23.19820", "2019-01-31": "22.09020", "2018-10-31": "21.58930", "2018-07-31": "25.59540", "2018-04-30": "26.85860", "2018-01-31": "24.27270", "2017-10-31": "21.00240", "2017-07-31": "22.86470", "2017-04-30": "22.38040", "2017-01-31": "22.43980", "2016-10-31": "22.11430", "2016-07-31": "22.91070", "2016-04-30": "22.34510", "2016-01-31": "23.05600", "2015-10-31": "23.42540", "2015-07-31": "22.79220", "2015-04-30": "19.75330", "2015-01-31": "19.41060", "2014-10-31": "19.53720", "2014-07-31": "19.54520", "2014-04-30": "18.85830", "2014-01-31": "19.42580", "2013-10-31": "18.64130", "2013-07-31": "19.48470", "2013-04-30": "18.42510", "2013-01-31": "18.84740", "2012-10-31": "20.44190", "2012-07-31": "21.30140", "2012-04-30": "20.27450", "2012-01-31": "20.67170", "2011-10-31": "23.17130", "2011-07-31": "20.77230", "2011-04-30": "21.77410", "2011-01-31": "22.86500", "2010-10-31": "23.30860", "2010-07-31": "22.89250", "2010-04-30": "23.56810", "2010-01-31": "27.41170", "2009-10-31": "26.31700", "2009-07-31": "27.38220", "2009-04-30": "28.08160", "2009-01-31": "27.81740", "2008-10-31": "30.26000", "2008-07-31": "31.77340", "2008-04-30": "29.22130", "2008-01-31": "29.03600", "2007-10-31": "30.00160", "2007-07-31": "33.61010", "2007-04-30": "29.55200", "2007-01-31": "34.78700", "2006-10-31": "34.10050", "2006-07-31": "33.87390", "2006-04-30": "32.78850", "2006-01-31": "34.30180", "2005-10-31": "42.59720", "2005-07-31": "48.05580", "2005-04-30": "47.15790", "2005-01-31": "46.13760"}, "Days Sales In Receivables": {"2020-10-31": "3.85500", "2020-07-31": "3.33950", "2020-04-30": "3.36210", "2020-01-31": "3.99210", "2019-10-31": "3.94620", "2019-07-31": "3.71520", "2019-04-30": "3.87960", "2019-01-31": "4.07420", "2018-10-31": "4.16870", "2018-07-31": "3.51630", "2018-04-30": "3.35090", "2018-01-31": "3.70790", "2017-10-31": "4.28520", "2017-07-31": "3.93620", "2017-04-30": "4.02140", "2017-01-31": "4.01070", "2016-10-31": "4.06980", "2016-07-31": "3.92830", "2016-04-30": "4.02770", "2016-01-31": "3.90350", "2015-10-31": "3.84200", "2015-07-31": "3.94870", "2015-04-30": "4.55620", "2015-01-31": "4.63660", "2014-10-31": "4.60660", "2014-07-31": "4.60470", "2014-04-30": "4.77240", "2014-01-31": "4.63300", "2013-10-31": "4.82800", "2013-07-31": "4.61900", "2013-04-30": "4.88460", "2013-01-31": "4.77520", "2012-10-31": "4.40270", "2012-07-31": "4.22510", "2012-04-30": "4.43910", "2012-01-31": "4.35380", "2011-10-31": "3.88410", "2011-07-31": "4.33270", "2011-04-30": "4.13340", "2011-01-31": "3.93610", "2010-10-31": "3.86120", "2010-07-31": "3.93140", "2010-04-30": "3.81870", "2010-01-31": "3.28330", "2009-10-31": "3.41980", "2009-07-31": "3.28680", "2009-04-30": "3.20490", "2009-01-31": "3.23540", "2008-10-31": "2.97420", "2008-07-31": "2.83260", "2008-04-30": "3.07990", "2008-01-31": "3.09960", "2007-10-31": "2.99980", "2007-07-31": "2.67780", "2007-04-30": "3.04550", "2007-01-31": "2.58720", "2006-10-31": "2.63930", "2006-07-31": "2.65690", "2006-04-30": "2.74490", "2006-01-31": "2.62380", "2005-10-31": "2.11280", "2005-07-31": "1.87280", "2005-04-30": "1.90850", "2005-01-31": "1.95070"}, "ROE - Return On Equity": {"2020-10-31": "5.94370", "2020-07-31": "7.93010", "2020-04-30": "5.49720", "2020-01-31": "5.26540", "2019-10-31": "4.24100", "2019-07-31": "4.77110", "2019-04-30": "5.21430", "2019-01-31": "4.78820", "2018-10-31": "2.28640", "2018-07-31": "-0.98490", "2018-04-30": "2.90590", "2018-01-31": "2.92370", "2017-10-31": "2.41300", "2017-07-31": "3.92680", "2017-04-30": "4.14120", "2017-01-31": "4.94940", "2016-10-31": "3.97890", "2016-07-31": "4.91380", "2016-04-30": "4.13590", "2016-01-31": "5.67870", "2015-10-31": "4.13170", "2015-07-31": "4.42620", "2015-04-30": "4.10430", "2015-01-31": "6.03700", "2014-10-31": "4.55190", "2014-07-31": "4.93700", "2014-04-30": "4.74560", "2014-01-31": "5.58650", "2013-10-31": "4.92860", "2013-07-31": "5.48340", "2013-04-30": "5.18450", "2013-01-31": "7.14480", "2012-10-31": "4.84600", "2012-07-31": "5.57020", "2012-04-30": "5.26680", "2012-01-31": "7.11710", "2011-10-31": "4.90400", "2011-07-31": "5.40440", "2011-04-30": "5.26240", "2011-01-31": "7.26770", "2010-10-31": "5.27790", "2010-07-31": "5.60120", "2010-04-30": "5.04280", "2010-01-31": "6.83290", "2009-10-31": "4.71590", "2009-07-31": "5.23430", "2009-04-30": "4.92380", "2009-01-31": "5.82300", "2008-10-31": "4.65570", "2008-07-31": "5.12720", "2008-04-30": "4.83970", "2008-01-31": "6.96510", "2007-10-31": "4.51160", "2007-07-31": "4.97220", "2007-04-30": "4.71700", "2007-01-31": "6.41680", "2006-10-31": "4.41430", "2006-07-31": "5.29340", "2006-04-30": "4.98930", "2006-01-31": "6.90600", "2005-10-31": "4.85200", "2005-07-31": "5.97850", "2005-04-30": "5.21500", "2005-01-31": "6.84060"}, "Return On Tangible Equity": {"2020-10-31": "9.08190", "2020-07-31": "12.46540", "2020-04-30": "9.11530", "2020-01-31": "8.50650", "2019-10-31": "6.97820", "2019-07-31": "8.05660", "2019-04-30": "8.98050", "2019-01-31": "7.86950", "2018-10-31": "3.75220", "2018-07-31": "-1.29890", "2018-04-30": "3.82690", "2018-01-31": "3.77600", "2017-10-31": "3.13660", "2017-07-31": "5.08780", "2017-04-30": "5.38440", "2017-01-31": "6.27740", "2016-10-31": "5.10820", "2016-07-31": "6.19220", "2016-04-30": "5.27150", "2016-01-31": "7.09550", "2015-10-31": "5.20590", "2015-07-31": "5.65100", "2015-04-30": "5.25620", "2015-01-31": "7.64800", "2014-10-31": "5.87130", "2014-07-31": "6.48380", "2014-04-30": "6.32370", "2014-01-31": "7.34930", "2013-10-31": "6.58240", "2013-07-31": "7.32500", "2013-04-30": "7.00800", "2013-01-31": "9.53610", "2012-10-31": "6.56400", "2012-07-31": "7.61810", "2012-04-30": "7.35660", "2012-01-31": "9.78410", "2011-10-31": "6.86710", "2011-07-31": "7.67210", "2011-04-30": "7.00240", "2011-01-31": "9.50370", "2010-10-31": "6.97980", "2010-07-31": "7.36110", "2010-04-30": "6.56790", "2010-01-31": "8.78240", "2009-10-31": "6.15200", "2009-07-31": "6.84870", "2009-04-30": "6.41830", "2009-01-31": "7.53780", "2008-10-31": "6.03180", "2008-07-31": "6.72980", "2008-04-30": "6.47300", "2008-01-31": "9.23470", "2007-10-31": "5.90650", "2007-07-31": "6.50210", "2007-04-30": "6.23480", "2007-01-31": "8.26330", "2006-10-31": "5.70030", "2006-07-31": "6.92300", "2006-04-30": "6.56680", "2006-01-31": "8.94000", "2005-10-31": "6.12560", "2005-07-31": "7.62900", "2005-04-30": "6.76010", "2005-01-31": "8.75550"}, "ROA - Return On Assets": {"2020-10-31": "2.07320", "2020-07-31": "2.71250", "2020-04-30": "1.74930", "2020-01-31": "1.81570", "2019-10-31": "1.38470", "2019-07-31": "1.56690", "2019-04-30": "1.66540", "2019-01-31": "1.73880", "2018-10-31": "0.80190", "2018-07-31": "-0.35280", "2018-04-30": "1.11060", "2018-01-31": "1.15540", "2017-10-31": "0.90920", "2017-07-31": "1.53990", "2017-04-30": "1.57820", "2017-01-31": "2.00480", "2016-10-31": "1.54790", "2016-07-31": "1.96530", "2016-04-30": "1.61850", "2016-01-31": "2.37900", "2015-10-31": "1.66420", "2015-07-31": "1.83010", "2015-04-30": "1.63540", "2015-01-31": "2.54950", "2014-10-31": "1.84240", "2014-07-31": "2.00680", "2014-04-30": "1.83240", "2014-01-31": "2.21930", "2013-10-31": "1.84390", "2013-07-31": "2.09240", "2013-04-30": "1.94470", "2013-01-31": "2.87540", "2012-10-31": "1.85070", "2012-07-31": "2.12660", "2012-04-30": "1.97560", "2012-01-31": "2.78790", "2011-10-31": "1.79310", "2011-07-31": "2.03070", "2011-04-30": "1.92130", "2011-01-31": "2.86420", "2010-10-31": "1.92090", "2010-07-31": "2.11760", "2010-04-30": "1.97880", "2010-01-31": "2.91300", "2009-10-31": "1.89270", "2009-07-31": "2.12680", "2009-04-30": "1.94150", "2009-01-31": "2.39000", "2008-10-31": "1.87440", "2008-07-31": "2.11570", "2008-04-30": "1.88140", "2008-01-31": "2.75210", "2007-10-31": "1.71800", "2007-07-31": "1.97330", "2007-04-30": "1.81830", "2007-01-31": "2.60640", "2006-10-31": "1.71650", "2006-07-31": "2.06090", "2006-04-30": "1.89340", "2006-01-31": "2.65730", "2005-10-31": "1.83760", "2005-07-31": "2.28670", "2005-04-30": "2.01370", "2005-01-31": "2.81220"}, "ROI - Return On Investment": {"2020-10-31": "3.90750", "2020-07-31": "5.07690", "2020-04-30": "3.35060", "2020-01-31": "3.31400", "2019-10-31": "2.60910", "2019-07-31": "2.93340", "2019-04-30": "3.09640", "2019-01-31": "2.93680", "2018-10-31": "1.40460", "2018-07-31": "-0.57980", "2018-04-30": "1.98550", "2018-01-31": "2.00860", "2017-10-31": "1.58920", "2017-07-31": "2.59720", "2017-04-30": "2.71400", "2017-01-31": "3.25250", "2016-10-31": "2.61210", "2016-07-31": "3.19070", "2016-04-30": "2.65450", "2016-01-31": "3.71980", "2015-10-31": "2.69180", "2015-07-31": "2.90880", "2015-04-30": "2.67010", "2015-01-31": "4.00830", "2014-10-31": "2.98120", "2014-07-31": "3.18660", "2014-04-30": "2.93520", "2014-01-31": "3.60930", "2013-10-31": "3.14470", "2013-07-31": "3.49630", "2013-04-30": "3.26600", "2013-01-31": "4.74200", "2012-10-31": "3.16260", "2012-07-31": "3.50020", "2012-04-30": "3.24690", "2012-01-31": "4.38950", "2011-10-31": "2.93600", "2011-07-31": "3.24570", "2011-04-30": "3.06630", "2011-01-31": "4.49910", "2010-10-31": "3.20770", "2010-07-31": "3.54840", "2010-04-30": "3.30910", "2010-01-31": "4.55210", "2009-10-31": "3.05610", "2009-07-31": "3.40440", "2009-04-30": "3.16030", "2009-01-31": "3.84340", "2008-10-31": "3.09510", "2008-07-31": "3.31300", "2008-04-30": "3.11760", "2008-01-31": "4.59140", "2007-10-31": "2.94400", "2007-07-31": "3.30010", "2007-04-30": "3.03790", "2007-01-31": "4.28020", "2006-10-31": "2.99750", "2006-07-31": "3.53750", "2006-04-30": "3.23330", "2006-01-31": "4.40990", "2005-10-31": "3.16050", "2005-07-31": "3.99880", "2005-04-30": "3.57600", "2005-01-31": "4.65080"}, "Book Value Per Share": {"2020-10-31": "30.90920", "2020-07-31": "28.65100", "2020-04-30": "26.16880", "2020-01-31": "28.79660", "2019-10-31": "27.58260", "2019-07-31": "27.09200", "2019-04-30": "26.17400", "2019-01-31": "27.66990", "2018-10-31": "27.29020", "2018-07-31": "25.14890", "2018-04-30": "26.54150", "2018-01-31": "27.37870", "2017-10-31": "26.58560", "2017-07-31": "26.41030", "2017-04-30": "25.17830", "2017-01-31": "26.42230", "2016-10-31": "26.13670", "2016-07-31": "25.58810", "2016-04-30": "24.88260", "2016-01-31": "26.44240", "2015-10-31": "25.74140", "2015-07-31": "25.54400", "2015-04-30": "24.78770", "2015-01-31": "26.62240", "2014-10-31": "26.04680", "2014-07-31": "25.66560", "2014-04-30": "24.21020", "2014-01-31": "25.15900", "2013-10-31": "24.22020", "2013-07-31": "23.48010", "2013-04-30": "23.07300", "2013-01-31": "24.66450", "2012-10-31": "23.40710", "2012-07-31": "22.15330", "2012-04-30": "21.77760", "2012-01-31": "22.16530", "2011-10-31": "20.77130", "2011-07-31": "21.04220", "2011-04-30": "19.54360", "2011-01-31": "20.26370", "2010-10-31": "18.98410", "2010-07-31": "18.30260", "2010-04-30": "18.28050", "2010-01-31": "19.18860", "2009-10-31": "18.17170", "2009-07-31": "17.76230", "2009-04-30": "16.40080", "2009-01-31": "17.09020", "2008-10-31": "17.22480", "2008-07-31": "17.50590", "2008-04-30": "16.50790", "2008-01-31": "16.26180", "2007-10-31": "15.75080", "2007-07-31": "15.31120", "2007-04-30": "14.58040", "2007-01-31": "14.90510", "2006-10-31": "14.09860", "2006-07-31": "13.52170", "2006-04-30": "12.79130", "2006-01-31": "12.76620", "2005-10-31": "11.99090", "2005-07-31": "11.46590", "2005-04-30": "11.28430", "2005-01-31": "11.66650"}, "Operating Cash Flow Per Share": {"2020-10-31": 1.375, "2020-07-31": 4.1929, "2020-04-30": "2.46300", "2020-01-31": 3.724, "2019-10-31": 1.1832, "2019-07-31": 2.664, "2019-04-30": "1.23460", "2019-01-31": 3.5387, "2018-10-31": 2.119, "2018-07-31": 2.0266, "2018-04-30": "1.73950", "2018-01-31": 3.72, "2017-10-31": 1.934, "2017-07-31": 1.993, "2017-04-30": "1.76730", "2017-01-31": 3.7967, "2016-10-31": 1.5939, "2016-07-31": 2.8236, "2016-04-30": "1.96350", "2016-01-31": 3.9031, "2015-10-31": 1.5348, "2015-07-31": 1.7556, "2015-04-30": "1.37100", "2015-01-31": 4.0332, "2014-10-31": 1.103, "2014-07-31": 1.8432, "2014-04-30": "1.82850", "2014-01-31": 3.012, "2013-10-31": 0.6534, "2013-07-31": 1.9437, "2013-04-30": "1.47500", "2013-01-31": 2.8436, "2012-10-31": 1.2953, "2012-07-31": 1.8257, "2012-04-30": "1.58660", "2012-01-31": 3.2474, "2011-10-31": 0.9488, "2011-07-31": 2.2238, "2011-04-30": "0.56190", "2011-01-31": 3.0643, "2010-10-31": 0.6752, "2010-07-31": 2.4454, "2010-04-30": "0.25730", "2010-01-31": 3.5484, "2009-10-31": 0.6848, "2009-07-31": 1.6285, "2009-04-30": "0.90870", "2009-01-31": 3.215, "2008-10-31": 0.0755, "2008-07-31": 1.6154, "2008-04-30": "0.95260", "2008-01-31": 2.6968, "2007-10-31": 0.8637, "2007-07-31": 1.0614, "2007-04-30": "0.44740", "2007-01-31": 2.4429, "2006-10-31": 0.6717, "2006-07-31": 0.8433, "2006-04-30": "0.89690", "2006-01-31": 2.4092, "2005-10-31": 0.3989, "2005-07-31": 0.9539, "2005-04-30": "0.59350", "2005-01-31": 3.5265}, "Free Cash Flow Per Share": {"2020-10-31": 0.374, "2020-07-31": 3.5628, "2020-04-30": "1.86910", "2020-01-31": 2.7412, "2019-10-31": 0.1985, "2019-07-31": 1.7603, "2019-04-30": "0.48510", "2019-01-31": 2.4827, "2018-10-31": 1.2227, "2018-07-31": 1.1887, "2018-04-30": "1.19350", "2018-01-31": 2.7117, "2017-10-31": 1.1226, "2017-07-31": 1.1879, "2017-04-30": "1.17850", "2017-01-31": 2.6846, "2016-10-31": 0.8379, "2016-07-31": 2.0981, "2016-04-30": "1.29140", "2016-01-31": 2.975, "2015-10-31": 0.565, "2015-07-31": 0.9417, "2015-04-30": "0.71260", "2015-01-31": 2.8575, "2014-10-31": 0.2503, "2014-07-31": 0.9427, "2014-04-30": "1.17920", "2014-01-31": 1.9854, "2013-10-31": -0.2842, "2013-07-31": 1.0185, "2013-04-30": "0.59100", "2013-01-31": 1.7333, "2012-10-31": 0.3353, "2012-07-31": 0.926, "2012-04-30": "0.90770", "2012-01-31": 2.1827, "2011-10-31": -0.1133, "2011-07-31": 1.2819, "2011-04-30": "-0.09140", "2011-01-31": 2.2373, "2010-10-31": -0.3605, "2010-07-31": 1.6265, "2010-04-30": "-0.38800", "2010-01-31": 2.9656, "2009-10-31": -0.1437, "2009-07-31": 0.7855, "2009-04-30": "0.27890", "2009-01-31": 2.3603, "2008-10-31": -0.6418, "2008-07-31": 1.0428, "2008-04-30": "0.36750", "2008-01-31": 1.8321, "2007-10-31": -0.0855, "2007-07-31": 0.1657, "2007-04-30": "-0.27620", "2007-01-31": 1.4519, "2006-10-31": -0.3911, "2006-07-31": -0.0588, "2006-04-30": "0.18870", "2006-01-31": 1.5019, "2005-10-31": -0.4591, "2005-07-31": 0.0822, "2005-04-30": "0.00990", "2005-01-31": 0.7421}}, "revenue": {"Walmart Annual Revenue (Millions of US $)": {"2020": "$523,964", "2019": "$514,405", "2018": "$500,343", "2017": "$485,873", "2016": "$482,130", "2015": "$485,651", "2014": "$476,294", "2013": "$468,651", "2012": "$446,509", "2011": "$421,849", "2010": "$408,085", "2009": "$404,254", "2008": "$377,023", "2007": "$348,368", "2006": "$312,101", "2005": "$284,310"}, "Walmart Quarterly Revenue (Millions of US $)": {"2020-10-31": "$134,708", "2020-07-31": "$137,742", "2020-04-30": "$134,622", "2020-01-31": "$141,671", "2019-10-31": "$127,991", "2019-07-31": "$130,377", "2019-04-30": "$123,925", "2019-01-31": "$138,793", "2018-10-31": "$124,894", "2018-07-31": "$128,028", "2018-04-30": "$122,690", "2018-01-31": "$136,267", "2017-10-31": "$123,179", "2017-07-31": "$123,355", "2017-04-30": "$117,542", "2017-01-31": "$130,936", "2016-10-31": "$118,179", "2016-07-31": "$120,854", "2016-04-30": "$115,904", "2016-01-31": "$129,667", "2015-10-31": "$117,408", "2015-07-31": "$120,229", "2015-04-30": "$114,826", "2015-01-31": "$131,565", "2014-10-31": "$119,001", "2014-07-31": "$120,125", "2014-04-30": "$114,960", "2014-01-31": "$129,706", "2013-10-31": "$115,688", "2013-07-31": "$116,830", "2013-04-30": "$114,070", "2013-01-31": "$127,559", "2012-10-31": "$113,800", "2012-07-31": "$114,282", "2012-04-30": "$113,010", "2012-01-31": "$122,728", "2011-10-31": "$110,226", "2011-07-31": "$109,366", "2011-04-30": "$104,189", "2011-01-31": "$116,360", "2010-10-31": "$101,952", "2010-07-31": "$103,726", "2010-04-30": "$99,811", "2010-01-31": "$113,594", "2009-10-31": "$99,373", "2009-07-31": "$100,876", "2009-04-30": "$94,242", "2009-01-31": "$108,627", "2008-10-31": "$98,345", "2008-07-31": "$102,342", "2008-04-30": "$94,940", "2008-01-31": "$105,749", "2007-10-31": "$91,865", "2007-07-31": "$92,999", "2007-04-30": "$86,410", "2007-01-31": "$98,795", "2006-10-31": "$84,467", "2006-07-31": "$85,430", "2006-04-30": "$79,676", "2006-01-31": "$88,327", "2005-10-31": "$75,397", "2005-07-31": "$76,697", "2005-04-30": "$71,680", "2005-01-31": "$79,126"}}, "gross-profit": {"Walmart Annual Gross Profit (Millions of US $)": {"2020": "$129,359", "2019": "$129,104", "2018": "$126,947", "2017": "$124,617", "2016": "$121,146", "2015": "$120,565", "2014": "$118,225", "2013": "$116,354", "2012": "$111,516", "2011": "$106,903", "2010": "$103,979", "2009": "$100,313", "2008": "$92,886", "2007": "$84,389", "2006": "$74,452", "2005": "$67,478"}, "Walmart Quarterly Gross Profit (Millions of US $)": {"2020-10-31": "$34,369", "2020-07-31": "$35,053", "2020-04-30": "$32,596", "2020-01-31": "$33,923", "2019-10-31": "$32,091", "2019-07-31": "$32,454", "2019-04-30": "$30,891", "2019-01-31": "$33,886", "2018-10-31": "$31,778", "2018-07-31": "$32,457", "2018-04-30": "$30,983", "2018-01-31": "$33,627", "2017-10-31": "$31,632", "2017-07-31": "$31,834", "2017-04-30": "$29,854", "2017-01-31": "$33,193", "2016-10-31": "$30,695", "2016-07-31": "$31,369", "2016-04-30": "$29,360", "2016-01-31": "$32,668", "2015-10-31": "$29,962", "2015-07-31": "$30,173", "2015-04-30": "$28,343", "2015-01-31": "$32,450", "2014-10-31": "$29,754", "2014-07-31": "$30,115", "2014-04-30": "$28,246", "2014-01-31": "$31,735", "2013-10-31": "$29,001", "2013-07-31": "$29,410", "2013-04-30": "$28,079", "2013-01-31": "$31,553", "2012-10-31": "$28,330", "2012-07-31": "$28,639", "2012-04-30": "$27,832", "2012-01-31": "$30,273", "2011-10-31": "$27,635", "2011-07-31": "$27,596", "2011-04-30": "$26,012", "2011-01-31": "$29,289", "2010-10-31": "$26,133", "2010-07-31": "$26,288", "2010-04-30": "$25,193", "2010-01-31": "$28,847", "2009-10-31": "$25,458", "2009-07-31": "$25,820", "2009-04-30": "$23,854", "2009-01-31": "$26,797", "2008-10-31": "$24,724", "2008-07-31": "$25,224", "2008-04-30": "$23,568", "2008-01-31": "$26,763", "2007-10-31": "$22,614", "2007-07-31": "$22,410", "2007-04-30": "$21,099", "2007-01-31": "$23,403", "2006-10-31": "$20,702", "2006-07-31": "$20,845", "2006-04-30": "$19,439", "2006-01-31": "$20,663", "2005-10-31": "$18,072", "2005-07-31": "$18,608", "2005-04-30": "$17,109", "2005-01-31": "$18,363"}}, "operating-income": {"Walmart Annual Operating Income (Millions of US $)": {"2020": "$20,568", "2019": "$21,957", "2018": "$20,437", "2017": "$22,764", "2016": "$24,105", "2015": "$27,147", "2014": "$26,872", "2013": "$27,725", "2012": "$26,491", "2011": "$25,542", "2010": "$24,002", "2009": "$22,767", "2008": "$21,952", "2007": "$20,497", "2006": "$18,713", "2005": "$17,300"}, "Walmart Quarterly Operating Income (Millions of US $)": {"2020-10-31": "$5,778", "2020-07-31": "$6,059", "2020-04-30": "$5,224", "2020-01-31": "$5,322", "2019-10-31": "$4,718", "2019-07-31": "$5,583", "2019-04-30": "$4,945", "2019-01-31": "$6,067", "2018-10-31": "$4,986", "2018-07-31": "$5,750", "2018-04-30": "$5,154", "2018-01-31": "$4,467", "2017-10-31": "$4,764", "2017-07-31": "$5,969", "2017-04-30": "$5,237", "2017-01-31": "$6,205", "2016-10-31": "$5,119", "2016-07-31": "$6,165", "2016-04-30": "$5,275", "2016-01-31": "$6,642", "2015-10-31": "$5,714", "2015-07-31": "$6,069", "2015-04-30": "$5,680", "2015-01-31": "$7,949", "2014-10-31": "$6,265", "2014-07-31": "$6,740", "2014-04-30": "$6,193", "2014-01-31": "$7,347", "2013-10-31": "$6,310", "2013-07-31": "$6,777", "2013-04-30": "$6,438", "2013-01-31": "$8,547", "2012-10-31": "$6,093", "2012-07-31": "$6,698", "2012-04-30": "$6,387", "2012-01-31": "$8,334", "2011-10-31": "$5,878", "2011-07-31": "$6,383", "2011-04-30": "$5,896", "2011-01-31": "$8,004", "2010-10-31": "$5,611", "2010-07-31": "$6,190", "2010-04-30": "$5,737", "2010-01-31": "$7,414", "2009-10-31": "$5,442", "2009-07-31": "$5,929", "2009-04-30": "$5,217", "2009-01-31": "$6,345", "2008-10-31": "$5,292", "2008-07-31": "$5,813", "2008-04-30": "$5,317", "2008-01-31": "$6,858", "2007-10-31": "$4,961", "2007-07-31": "$5,283", "2007-04-30": "$4,850", "2007-01-31": "$6,433", "2006-10-31": "$4,465", "2006-07-31": "$5,104", "2006-04-30": "$4,495", "2006-01-31": "$5,944", "2005-10-31": "$4,098", "2005-07-31": "$4,730", "2005-04-30": "$3,941", "2005-01-31": "$5,507"}}, "ebitda": {"Walmart Annual EBITDA (Millions of US $)": {"2020": "$31,555", "2019": "$32,635", "2018": "$30,966", "2017": "$32,844", "2016": "$33,559", "2015": "$36,320", "2014": "$35,742", "2013": "$36,203", "2012": "$34,597", "2011": "$33,183", "2010": "$31,159", "2009": "$29,506", "2008": "$28,269", "2007": "$25,956", "2006": "$23,358", "2005": "$21,485"}, "Walmart Quarterly EBITDA (Millions of US $)": {"2020-10-31": "$8,549", "2020-07-31": "$8,830", "2020-04-30": "$8,015", "2020-01-31": "$8,150", "2019-10-31": "$7,441", "2019-07-31": "$8,305", "2019-04-30": "$7,659", "2019-01-31": "$8,798", "2018-10-31": "$7,601", "2018-07-31": "$8,404", "2018-04-30": "$7,832", "2018-01-31": "$7,169", "2017-10-31": "$7,422", "2017-07-31": "$8,587", "2017-04-30": "$7,788", "2017-01-31": "$8,911", "2016-10-31": "$7,588", "2016-07-31": "$8,682", "2016-04-30": "$7,663", "2016-01-31": "$9,073", "2015-10-31": "$8,079", "2015-07-31": "$8,408", "2015-04-30": "$7,999", "2015-01-31": "$10,241", "2014-10-31": "$8,619", "2014-07-31": "$9,017", "2014-04-30": "$8,443", "2014-01-31": "$9,617", "2013-10-31": "$8,508", "2013-07-31": "$8,992", "2013-04-30": "$8,625", "2013-01-31": "$10,721", "2012-10-31": "$8,164", "2012-07-31": "$8,825", "2012-04-30": "$8,493", "2012-01-31": "$10,373", "2011-10-31": "$7,918", "2011-07-31": "$8,425", "2011-04-30": "$7,881", "2011-01-31": "$10,010", "2010-10-31": "$7,498", "2010-07-31": "$8,074", "2010-04-30": "$7,601", "2010-01-31": "$9,316", "2009-10-31": "$7,240", "2009-07-31": "$7,686", "2009-04-30": "$6,917", "2009-01-31": "$8,030", "2008-10-31": "$6,980", "2008-07-31": "$7,551", "2008-04-30": "$6,945", "2008-01-31": "$8,519", "2007-10-31": "$6,557", "2007-07-31": "$6,855", "2007-04-30": "$6,338", "2007-01-31": "$7,879", "2006-10-31": "$5,836", "2006-07-31": "$6,452", "2006-04-30": "$5,789", "2006-01-31": "$7,130", "2005-10-31": "$5,272", "2005-07-31": "$5,883", "2005-04-30": "$5,073", "2005-01-31": "$6,531"}}, "net-income": {"Walmart Annual Net Income (Millions of US $)": {"2020": "$14,881", "2019": "$6,670", "2018": "$9,862", "2017": "$13,643", "2016": "$14,694", "2015": "$16,363", "2014": "$16,022", "2013": "$16,999", "2012": "$15,699", "2011": "$16,389", "2010": "$14,370", "2009": "$13,381", "2008": "$12,731", "2007": "$11,284", "2006": "$11,231", "2005": "$10,267"}, "Walmart Quarterly Net Income (Millions of US $)": {"2020-10-31": "$5,135", "2020-07-31": "$6,476", "2020-04-30": "$3,990", "2020-01-31": "$4,141", "2019-10-31": "$3,288", "2019-07-31": "$3,610", "2019-04-30": "$3,842", "2019-01-31": "$3,687", "2018-10-31": "$1,710", "2018-07-31": "$-861", "2018-04-30": "$2,134", "2018-01-31": "$2,175", "2017-10-31": "$1,749", "2017-07-31": "$2,899", "2017-04-30": "$3,039", "2017-01-31": "$3,757", "2016-10-31": "$3,034", "2016-07-31": "$3,773", "2016-04-30": "$3,079", "2016-01-31": "$4,574", "2015-10-31": "$3,304", "2015-07-31": "$3,475", "2015-04-30": "$3,341", "2015-01-31": "$4,966", "2014-10-31": "$3,711", "2014-07-31": "$4,093", "2014-04-30": "$3,593", "2014-01-31": "$4,431", "2013-10-31": "$3,738", "2013-07-31": "$4,069", "2013-04-30": "$3,784", "2013-01-31": "$5,606", "2012-10-31": "$3,635", "2012-07-31": "$4,016", "2012-04-30": "$3,742", "2012-01-31": "$5,163", "2011-10-31": "$3,336", "2011-07-31": "$3,801", "2011-04-30": "$3,399", "2011-01-31": "$6,056", "2010-10-31": "$3,436", "2010-07-31": "$3,596", "2010-04-30": "$3,301", "2010-01-31": "$4,732", "2009-10-31": "$3,144", "2009-07-31": "$3,472", "2009-04-30": "$3,022", "2009-01-31": "$3,772", "2008-10-31": "$3,138", "2008-07-31": "$3,449", "2008-04-30": "$3,022", "2008-01-31": "$4,096", "2007-10-31": "$2,857", "2007-07-31": "$2,952", "2007-04-30": "$2,826", "2007-01-31": "$3,939", "2006-10-31": "$2,647", "2006-07-31": "$2,083", "2006-04-30": "$2,615", "2006-01-31": "$3,591", "2005-10-31": "$2,374", "2005-07-31": "$2,805", "2005-04-30": "$2,461", "2005-01-31": "$3,164"}}, "eps-earnings-per-share-diluted": {"Walmart Annual EPS": {"2020": "$5.19", "2019": "$2.26", "2018": "$3.28", "2017": "$4.38", "2016": "$4.57", "2015": "$5.05", "2014": "$4.88", "2013": "$5.02", "2012": "$4.52", "2011": "$4.47", "2010": "$3.71", "2009": "$3.39", "2008": "$3.13", "2007": "$2.71", "2006": "$2.68", "2005": "$2.41"}, "Walmart Quarterly EPS": {"2020-10-31": "$1.80", "2020-07-31": "$2.27", "2020-04-30": "$1.40", "2020-01-31": "$1.45", "2019-10-31": "$1.15", "2019-07-31": "$1.26", "2019-04-30": "$1.33", "2019-01-31": "$1.25", "2018-10-31": "$0.58", "2018-07-31": "$-0.29", "2018-04-30": "$0.72", "2018-01-31": "$0.74", "2017-10-31": "$0.58", "2017-07-31": "$0.96", "2017-04-30": "$1.00", "2017-01-31": "$1.21", "2016-10-31": "$0.98", "2016-07-31": "$1.21", "2016-04-30": "$0.98", "2016-01-31": "$1.43", "2015-10-31": "$1.03", "2015-07-31": "$1.08", "2015-04-30": "$1.03", "2015-01-31": "$1.53", "2014-10-31": "$1.15", "2014-07-31": "$1.26", "2014-04-30": "$1.11", "2014-01-31": "$1.36", "2013-10-31": "$1.14", "2013-07-31": "$1.24", "2013-04-30": "$1.14", "2013-01-31": "$1.67", "2012-10-31": "$1.08", "2012-07-31": "$1.18", "2012-04-30": "$1.09", "2012-01-31": "$1.50", "2011-10-31": "$0.96", "2011-07-31": "$1.09", "2011-04-30": "$0.97", "2011-01-31": "$1.68", "2010-10-31": "$0.95", "2010-07-31": "$0.97", "2010-04-30": "$0.87", "2010-01-31": "$1.24", "2009-10-31": "$0.81", "2009-07-31": "$0.89", "2009-04-30": "$0.77", "2009-01-31": "$0.96", "2008-10-31": "$0.80", "2008-07-31": "$0.87", "2008-04-30": "$0.76", "2008-01-31": "$1.03", "2007-10-31": "$0.70", "2007-07-31": "$0.72", "2007-04-30": "$0.68", "2007-01-31": "$0.95", "2006-10-31": "$0.63", "2006-07-31": "$0.50", "2006-04-30": "$0.63", "2006-01-31": "$0.86", "2005-10-31": "$0.57", "2005-07-31": "$0.67", "2005-04-30": "$0.58", "2005-01-31": "$0.75"}}, "shares-outstanding": {"Walmart Annual Shares Outstanding (Millions of Shares)": {"2020": "2,868", "2019": "2,945", "2018": "3,010", "2017": "3,112", "2016": "3,217", "2015": "3,243", "2014": "3,283", "2013": "3,389", "2012": "3,474", "2011": "3,670", "2010": "3,877", "2009": "3,951", "2008": "4,072", "2007": "4,168", "2006": "4,188", "2005": "4,266"}, "Walmart Quarterly Shares Outstanding (Millions of Shares)": {"2020-10-31": "2,849", "2020-07-31": "2,848", "2020-04-30": "2,849", "2020-01-31": "2,868", "2019-10-31": "2,861", "2019-07-31": "2,869", "2019-04-30": "2,886", "2019-01-31": "2,945", "2018-10-31": "2,941", "2018-07-31": "2,946", "2018-04-30": "2,967", "2018-01-31": "3,010", "2017-10-31": "2,996", "2017-07-31": "3,021", "2017-04-30": "3,047", "2017-01-31": "3,112", "2016-10-31": "3,100", "2016-07-31": "3,119", "2016-04-30": "3,154", "2016-01-31": "3,217", "2015-10-31": "3,219", "2015-07-31": "3,231", "2015-04-30": "3,243", "2015-01-31": "3,243", "2014-10-31": "3,240", "2014-07-31": "3,241", "2014-04-30": "3,248", "2014-01-31": "3,283", "2013-10-31": "3,271", "2013-07-31": "3,291", "2013-04-30": "3,318", "2013-01-31": "3,389", "2012-10-31": "3,379", "2012-07-31": "3,398", "2012-04-30": "3,425", "2012-01-31": "3,474", "2011-10-31": "3,458", "2011-07-31": "3,485", "2011-04-30": "3,513", "2011-01-31": "3,670", "2010-10-31": "3,631", "2010-07-31": "3,707", "2010-04-30": "3,781", "2010-01-31": "3,877", "2009-10-31": "3,861", "2009-07-31": "3,900", "2009-04-30": "3,930", "2009-01-31": "3,951", "2008-10-31": "3,944", "2008-07-31": "3,958", "2008-04-30": "3,967", "2008-01-31": "4,072", "2007-10-31": "4,056", "2007-07-31": "4,108", "2007-04-30": "4,128", "2007-01-31": "4,168", "2006-10-31": "4,173", "2006-07-31": "4,172", "2006-04-30": "4,170", "2006-01-31": "4,188", "2005-10-31": "4,169", "2005-07-31": "4,180", "2005-04-30": "4,234", "2005-01-31": "4,266"}}, "total-assets": {"Walmart Annual Total Assets (Millions of US $)": {"2020": "$236,495", "2019": "$219,295", "2018": "$204,522", "2017": "$198,825", "2016": "$199,581", "2015": "$203,490", "2014": "$204,751", "2013": "$203,105", "2012": "$193,406", "2011": "$180,782", "2010": "$170,407", "2009": "$163,429", "2008": "$163,514", "2007": "$151,587", "2006": "$138,187", "2005": "$120,154"}, "Walmart Quarterly Total Assets (Millions of US $)": {"2020-10-31": "$250,863", "2020-07-31": "$237,382", "2020-04-30": "$232,892", "2020-01-31": "$236,495", "2019-10-31": "$239,830", "2019-07-31": "$234,861", "2019-04-30": "$234,544", "2019-01-31": "$219,295", "2018-10-31": "$226,583", "2018-07-31": "$206,062", "2018-04-30": "$204,927", "2018-01-31": "$204,522", "2017-10-31": "$209,414", "2017-07-31": "$201,566", "2017-04-30": "$199,718", "2017-01-31": "$198,825", "2016-10-31": "$206,857", "2016-07-31": "$197,886", "2016-04-30": "$198,705", "2016-01-31": "$199,581", "2015-10-31": "$205,144", "2015-07-31": "$198,620", "2015-04-30": "$200,747", "2015-01-31": "$203,490", "2014-10-31": "$207,668", "2014-07-31": "$203,762", "2014-04-30": "$202,517", "2014-01-31": "$204,751", "2013-10-31": "$209,876", "2013-07-31": "$200,969", "2013-04-30": "$202,187", "2013-01-31": "$203,105", "2012-10-31": "$205,818", "2012-07-31": "$195,661", "2012-04-30": "$197,100", "2012-01-31": "$193,406", "2011-10-31": "$195,244", "2011-07-31": "$193,872", "2011-04-30": "$186,225", "2011-01-31": "$180,782", "2010-10-31": "$186,890", "2010-07-31": "$176,944", "2010-04-30": "$174,043", "2010-01-31": "$170,407", "2009-10-31": "$172,502", "2009-07-31": "$168,609", "2009-04-30": "$162,090", "2009-01-31": "$163,429", "2008-10-31": "$167,843", "2008-07-31": "$166,895", "2008-04-30": "$167,483", "2008-01-31": "$163,514", "2007-10-31": "$165,659", "2007-07-31": "$156,949", "2007-04-30": "$155,422", "2007-01-31": "$151,587", "2006-10-31": "$151,119", "2006-07-31": "$144,788", "2006-04-30": "$140,485", "2006-01-31": "$138,187", "2005-10-31": "$131,799", "2005-07-31": "$124,765", "2005-04-30": "$122,215", "2005-01-31": "$120,154"}}, "cash-on-hand": {"Walmart Annual Cash on Hand (Millions of US $)": {"2020": "$9,465", "2019": "$7,722", "2018": "$6,756", "2017": "$6,867", "2016": "$8,705", "2015": "$9,135", "2014": "$7,281", "2013": "$7,781", "2012": "$6,550", "2011": "$7,395", "2010": "$7,907", "2009": "$7,275", "2008": "$5,492", "2007": "$7,767", "2006": "$6,193", "2005": "$5,488"}, "Walmart Quarterly Cash on Hand (Millions of US $)": {"2020-10-31": "$14,325", "2020-07-31": "$16,906", "2020-04-30": "$14,930", "2020-01-31": "$9,465", "2019-10-31": "$8,606", "2019-07-31": "$9,283", "2019-04-30": "$9,255", "2019-01-31": "$7,722", "2018-10-31": "$9,174", "2018-07-31": "$15,840", "2018-04-30": "$7,885", "2018-01-31": "$6,756", "2017-10-31": "$7,026", "2017-07-31": "$6,469", "2017-04-30": "$6,545", "2017-01-31": "$6,867", "2016-10-31": "$5,939", "2016-07-31": "$7,676", "2016-04-30": "$7,597", "2016-01-31": "$8,705", "2015-10-31": "$6,990", "2015-07-31": "$5,751", "2015-04-30": "$7,759", "2015-01-31": "$9,135", "2014-10-31": "$6,718", "2014-07-31": "$6,184", "2014-04-30": "$6,012", "2014-01-31": "$7,281", "2013-10-31": "$8,736", "2013-07-31": "$9,016", "2013-04-30": "$8,855", "2013-01-31": "$7,781", "2012-10-31": "$8,643", "2012-07-31": "$7,935", "2012-04-30": "$8,117", "2012-01-31": "$6,550", "2011-10-31": "$7,063", "2011-07-31": "$8,102", "2011-04-30": "$9,400", "2011-01-31": "$7,395", "2010-10-31": "$10,616", "2010-07-31": "$10,195", "2010-04-30": "$8,516", "2010-01-31": "$7,907", "2009-10-31": "$6,003", "2009-07-31": "$7,997", "2009-04-30": "$6,578", "2009-01-31": "$7,275", "2008-10-31": "$5,920", "2008-07-31": "$6,903", "2008-04-30": "$8,042", "2008-01-31": "$5,492", "2007-10-31": "$5,518", "2007-07-31": "$6,073", "2007-04-30": "$6,563", "2007-01-31": "$7,767", "2006-10-31": "$5,908", "2006-07-31": "$6,386", "2006-04-30": "$5,690", "2006-01-31": "$6,193", "2005-10-31": "$4,334", "2005-07-31": "$5,452", "2005-04-30": "$4,955", "2005-01-31": "$5,488"}}, "long-term-debt": {"Walmart Annual Long Term Debt (Millions of US $)": {"2020": "$59,885", "2019": "$50,203", "2018": "$36,825", "2017": "$42,018", "2016": "$44,030", "2015": "$43,495", "2014": "$44,559", "2013": "$41,417", "2012": "$47,079", "2011": "$43,842", "2010": "$36,401", "2009": "$34,549", "2008": "$33,402", "2007": "$30,735", "2006": "$30,096", "2005": "$23,258"}, "Walmart Quarterly Long Term Debt (Millions of US $)": {"2020-10-31": "$45,599", "2020-07-31": "$45,632", "2020-04-30": "$47,480", "2020-01-31": "$48,021", "2019-10-31": "$48,980", "2019-07-31": "$48,319", "2019-04-30": "$51,235", "2019-01-31": "$50,203", "2018-10-31": "$49,896", "2018-07-31": "$51,568", "2018-04-30": "$36,305", "2018-01-31": "$36,825", "2017-10-31": "$40,906", "2017-07-31": "$40,469", "2017-04-30": "$40,025", "2017-01-31": "$42,018", "2016-10-31": "$42,108", "2016-07-31": "$42,743", "2016-04-30": "$43,393", "2016-01-31": "$44,030", "2015-10-31": "$44,198", "2015-07-31": "$42,843", "2015-04-30": "$42,964", "2015-01-31": "$43,495", "2014-10-31": "$44,286", "2014-07-31": "$45,496", "2014-04-30": "$48,233", "2014-01-31": "$44,559", "2013-10-31": "$44,543", "2013-07-31": "$43,585", "2013-04-30": "$44,551", "2013-01-31": "$41,417", "2012-10-31": "$41,836", "2012-07-31": "$44,177", "2012-04-30": "$45,996", "2012-01-31": "$47,079", "2011-10-31": "$47,851", "2011-07-31": "$48,452", "2011-04-30": "$48,697", "2011-01-31": "$43,842", "2010-10-31": "$43,899", "2010-07-31": "$38,702", "2010-04-30": "$35,780", "2010-01-31": "$36,401", "2009-10-31": "$37,601", "2009-07-31": "$36,825", "2009-04-30": "$35,665", "2009-01-31": "$34,549", "2008-10-31": "$34,071", "2008-07-31": "$37,712", "2008-04-30": "$35,963", "2008-01-31": "$33,402", "2007-10-31": "$33,590", "2007-07-31": "$31,560", "2007-04-30": "$33,115", "2007-01-31": "$30,735", "2006-10-31": "$27,776", "2006-07-31": "$27,982", "2006-04-30": "$28,956", "2006-01-31": "$30,096", "2005-10-31": "$26,716", "2005-07-31": "$23,626", "2005-04-30": "$21,628", "2005-01-31": "$23,258"}}, "total-liabilities": {"Walmart Annual Total Liabilities (Millions of US $)": {"2020": "$154,943", "2019": "$139,661", "2018": "$123,700", "2017": "$118,290", "2016": "$115,970", "2015": "$117,553", "2014": "$123,412", "2013": "$121,367", "2012": "$117,645", "2011": "$109,535", "2010": "$97,759", "2009": "$96,350", "2008": "$98,906", "2007": "$90,014", "2006": "$85,016", "2005": "$70,758"}, "Walmart Quarterly Total Liabilities (Millions of US $)": {"2020-10-31": "$163,359", "2020-07-31": "$156,185", "2020-04-30": "$158,782", "2020-01-31": "$154,943", "2019-10-31": "$161,523", "2019-07-31": "$157,730", "2019-04-30": "$159,634", "2019-01-31": "$139,661", "2018-10-31": "$147,114", "2018-07-31": "$132,250", "2018-04-30": "$126,603", "2018-01-31": "$123,700", "2017-10-31": "$130,508", "2017-07-31": "$122,520", "2017-04-30": "$123,604", "2017-01-31": "$118,290", "2016-10-31": "$126,382", "2016-07-31": "$118,742", "2016-04-30": "$120,947", "2016-01-31": "$115,970", "2015-10-31": "$122,514", "2015-07-31": "$116,496", "2015-04-30": "$120,757", "2015-01-31": "$117,553", "2014-10-31": "$123,615", "2014-07-31": "$120,939", "2014-04-30": "$124,318", "2014-01-31": "$123,412", "2013-10-31": "$131,354", "2013-07-31": "$124,283", "2013-04-30": "$126,346", "2013-01-31": "$121,367", "2012-10-31": "$127,217", "2012-07-31": "$120,960", "2012-04-30": "$123,165", "2012-01-31": "$117,645", "2011-10-31": "$123,853", "2011-07-31": "$121,024", "2011-04-30": "$118,233", "2011-01-31": "$109,535", "2010-10-31": "$118,870", "2010-07-31": "$110,048", "2010-04-30": "$105,747", "2010-01-31": "$97,759", "2009-10-31": "$103,268", "2009-07-31": "$100,100", "2009-04-30": "$98,176", "2009-01-31": "$96,350", "2008-10-31": "$100,270", "2008-07-31": "$98,027", "2008-04-30": "$102,376", "2008-01-31": "$98,906", "2007-10-31": "$102,577", "2007-07-31": "$94,663", "2007-04-30": "$95,511", "2007-01-31": "$90,014", "2006-10-31": "$92,356", "2006-07-31": "$88,416", "2006-04-30": "$87,171", "2006-01-31": "$85,016", "2005-10-31": "$81,881", "2005-07-31": "$77,044", "2005-04-30": "$75,024", "2005-01-31": "$70,758"}}, "total-share-holder-equity": {"Walmart Annual Share Holder Equity (Millions of US $)": {"2020": "$81,552", "2019": "$79,634", "2018": "$80,822", "2017": "$80,535", "2016": "$83,611", "2015": "$85,937", "2014": "$81,339", "2013": "$81,738", "2012": "$75,761", "2011": "$71,247", "2010": "$72,648", "2009": "$67,079", "2008": "$64,608", "2007": "$61,573", "2006": "$53,171", "2005": "$49,396"}, "Walmart Quarterly Share Holder Equity (Millions of US $)": {"2020-10-31": "$87,504", "2020-07-31": "$81,197", "2020-04-30": "$74,110", "2020-01-31": "$81,552", "2019-10-31": "$78,307", "2019-07-31": "$77,131", "2019-04-30": "$74,910", "2019-01-31": "$79,634", "2018-10-31": "$79,469", "2018-07-31": "$73,812", "2018-04-30": "$78,324", "2018-01-31": "$80,822", "2017-10-31": "$78,906", "2017-07-31": "$79,046", "2017-04-30": "$76,114", "2017-01-31": "$80,535", "2016-10-31": "$80,475", "2016-07-31": "$79,144", "2016-04-30": "$77,758", "2016-01-31": "$83,611", "2015-10-31": "$82,630", "2015-07-31": "$82,124", "2015-04-30": "$79,990", "2015-01-31": "$85,937", "2014-10-31": "$84,053", "2014-07-31": "$82,823", "2014-04-30": "$78,199", "2014-01-31": "$81,339", "2013-10-31": "$78,522", "2013-07-31": "$76,686", "2013-04-30": "$75,841", "2013-01-31": "$81,738", "2012-10-31": "$78,601", "2012-07-31": "$74,701", "2012-04-30": "$73,935", "2012-01-31": "$75,761", "2011-10-31": "$71,391", "2011-07-31": "$72,848", "2011-04-30": "$67,992", "2011-01-31": "$71,247", "2010-10-31": "$68,020", "2010-07-31": "$66,896", "2010-04-30": "$68,296", "2010-01-31": "$72,648", "2009-10-31": "$69,234", "2009-07-31": "$68,509", "2009-04-30": "$63,914", "2009-01-31": "$67,079", "2008-10-31": "$67,573", "2008-07-31": "$68,868", "2008-04-30": "$65,107", "2008-01-31": "$64,608", "2007-10-31": "$63,082", "2007-07-31": "$62,286", "2007-04-30": "$59,911", "2007-01-31": "$61,573", "2006-10-31": "$58,763", "2006-07-31": "$56,372", "2006-04-30": "$53,314", "2006-01-31": "$53,171", "2005-10-31": "$49,918", "2005-07-31": "$47,721", "2005-04-30": "$47,191", "2005-01-31": "$49,396"}}, "profit-margins": {"current": "3.6%"}, "gross margin": {"2020-10-31": "24.77%", "2020-07-31": "24.66%", "2020-04-30": "24.51%", "2020-01-31": "24.69%", "2019-10-31": "24.82%", "2019-07-31": "24.91%", "2019-04-30": "25.02%", "2019-01-31": "25.10%", "2018-10-31": "25.17%", "2018-07-31": "25.23%", "2018-04-30": "25.34%", "2018-01-31": "25.37%", "2017-10-31": "25.56%", "2017-07-31": "25.63%", "2017-04-30": "25.66%", "2017-01-31": "25.65%", "2016-10-31": "25.61%", "2016-07-31": "25.50%", "2016-04-30": "25.28%", "2016-01-31": "25.13%", "2015-10-31": "24.98%", "2015-07-31": "24.86%", "2015-04-30": "24.85%", "2015-01-31": "24.83%", "2014-10-31": "24.77%", "2014-07-31": "24.79%", "2014-04-30": "24.81%", "2014-01-31": "24.82%", "2013-10-31": "24.90%", "2013-07-31": "24.85%", "2013-04-30": "24.82%", "2013-01-31": "24.83%", "2012-10-31": "24.81%", "2012-07-31": "24.85%", "2012-04-30": "24.89%", "2012-01-31": "24.98%", "2011-10-31": "25.11%", "2011-07-31": "25.25%", "2011-04-30": "25.27%", "2011-01-31": "25.34%", "2010-10-31": "25.40%", "2010-07-31": "25.40%", "2010-04-30": "25.46%", "2010-01-31": "25.48%", "2009-10-31": "25.29%", "2009-07-31": "25.17%", "2009-04-30": "24.93%", "2009-01-31": "24.81%", "2008-10-31": "24.98%", "2008-07-31": "24.86%", "2008-04-30": "24.73%", "2008-01-31": "24.64%", "2007-10-31": "24.19%", "2007-07-31": "24.16%", "2007-04-30": "24.23%", "2007-01-31": "24.22%", "2006-10-31": "24.16%", "2006-07-31": "24.03%", "2006-04-30": "23.99%", "2006-01-31": "23.86%", "2005-10-31": "23.82%"}, "operating margin": {"2020-10-31": "4.08%", "2020-07-31": "3.93%", "2020-04-30": "3.90%", "2020-01-31": "3.93%", "2019-10-31": "4.09%", "2019-07-31": "4.17%", "2019-04-30": "4.22%", "2019-01-31": "4.27%", "2018-10-31": "3.98%", "2018-07-31": "3.95%", "2018-04-30": "4.03%", "2018-01-31": "4.08%", "2017-10-31": "4.48%", "2017-07-31": "4.60%", "2017-04-30": "4.66%", "2017-01-31": "4.69%", "2016-10-31": "4.79%", "2016-07-31": "4.92%", "2016-04-30": "4.90%", "2016-01-31": "5.00%", "2015-10-31": "5.25%", "2015-07-31": "5.35%", "2015-04-30": "5.49%", "2015-01-31": "5.59%", "2014-10-31": "5.49%", "2014-07-31": "5.53%", "2014-04-30": "5.58%", "2014-01-31": "5.64%", "2013-10-31": "5.92%", "2013-07-31": "5.90%", "2013-04-30": "5.91%", "2013-01-31": "5.92%", "2012-10-31": "5.93%", "2012-07-31": "5.93%", "2012-04-30": "5.93%", "2012-01-31": "5.93%", "2011-10-31": "5.94%", "2011-07-31": "6.00%", "2011-04-30": "6.03%", "2011-01-31": "6.05%", "2010-10-31": "5.95%", "2010-07-31": "5.95%", "2010-04-30": "5.93%", "2010-01-31": "5.88%", "2009-10-31": "5.69%", "2009-07-31": "5.67%", "2009-04-30": "5.62%", "2009-01-31": "5.63%", "2008-10-31": "5.80%", "2008-07-31": "5.81%", "2008-04-30": "5.81%", "2008-01-31": "5.82%", "2007-10-31": "5.82%", "2007-07-31": "5.80%", "2007-04-30": "5.87%", "2007-01-31": "5.88%", "2006-10-31": "5.92%", "2006-07-31": "5.97%", "2006-04-30": "6.02%", "2006-01-31": "6.00%", "2005-10-31": "6.03%"}, "ebitda margin": {"2020-10-31": "6.11%", "2020-07-31": "5.98%", "2020-04-30": "5.97%", "2020-01-31": "6.02%", "2019-10-31": "6.18%", "2019-07-31": "6.25%", "2019-04-30": "6.30%", "2019-01-31": "6.34%", "2018-10-31": "6.06%", "2018-07-31": "6.04%", "2018-04-30": "6.13%", "2018-01-31": "6.19%", "2017-10-31": "6.61%", "2017-07-31": "6.71%", "2017-04-30": "6.76%", "2017-01-31": "6.76%", "2016-10-31": "6.81%", "2016-07-31": "6.92%", "2016-04-30": "6.88%", "2016-01-31": "6.96%", "2015-10-31": "7.17%", "2015-07-31": "7.26%", "2015-04-30": "7.39%", "2015-01-31": "7.48%", "2014-10-31": "7.38%", "2014-07-31": "7.41%", "2014-04-30": "7.45%", "2014-01-31": "7.50%", "2013-10-31": "7.77%", "2013-07-31": "7.73%", "2013-04-30": "7.74%", "2013-01-31": "7.72%", "2012-10-31": "7.73%", "2012-07-31": "7.74%", "2012-04-30": "7.73%", "2012-01-31": "7.75%", "2011-10-31": "7.78%", "2011-07-31": "7.83%", "2011-04-30": "7.85%", "2011-01-31": "7.87%", "2010-10-31": "7.75%", "2010-07-31": "7.74%", "2010-04-30": "7.70%", "2010-01-31": "7.64%", "2009-10-31": "7.41%", "2009-07-31": "7.36%", "2009-04-30": "7.30%", "2009-01-31": "7.30%", "2008-10-31": "7.47%", "2008-07-31": "7.49%", "2008-04-30": "7.49%", "2008-01-31": "7.50%", "2007-10-31": "7.47%", "2007-07-31": "7.42%", "2007-04-30": "7.46%", "2007-01-31": "7.45%", "2006-10-31": "7.46%", "2006-07-31": "7.49%", "2006-04-30": "7.52%", "2006-01-31": "7.48%", "2005-10-31": "7.51%"}, "pre tax profit margin": {"2020-10-31": "4.89%", "2020-07-31": "4.44%", "2020-04-30": "3.81%", "2020-01-31": "3.84%", "2019-10-31": "3.86%", "2019-07-31": "3.53%", "2019-04-30": "2.68%", "2019-01-31": "2.23%", "2018-10-31": "1.71%", "2018-07-31": "1.78%", "2018-04-30": "2.63%", "2018-01-31": "3.02%", "2017-10-31": "3.60%", "2017-07-31": "3.97%", "2017-04-30": "4.20%", "2017-01-31": "4.22%", "2016-10-31": "4.32%", "2016-07-31": "4.46%", "2016-04-30": "4.45%", "2016-01-31": "4.49%", "2015-10-31": "4.73%", "2015-07-31": "4.81%", "2015-04-30": "4.95%", "2015-01-31": "5.11%", "2014-10-31": "5.01%", "2014-07-31": "5.07%", "2014-04-30": "5.11%", "2014-01-31": "5.18%", "2013-10-31": "5.47%", "2013-07-31": "5.45%", "2013-04-30": "5.48%", "2013-01-31": "5.48%", "2012-10-31": "5.48%", "2012-07-31": "5.47%", "2012-04-30": "5.45%", "2012-01-31": "5.45%", "2011-10-31": "5.45%", "2011-07-31": "5.50%", "2011-04-30": "5.55%", "2011-01-31": "5.58%", "2010-10-31": "5.49%", "2010-07-31": "5.49%", "2010-04-30": "5.47%", "2010-01-31": "5.42%", "2009-10-31": "5.22%", "2009-07-31": "5.20%", "2009-04-30": "5.15%", "2009-01-31": "5.16%", "2008-10-31": "5.32%", "2008-07-31": "5.32%", "2008-04-30": "5.32%", "2008-01-31": "5.35%", "2007-10-31": "5.38%", "2007-07-31": "5.37%", "2007-04-30": "5.43%", "2007-01-31": "5.44%", "2006-10-31": "5.48%", "2006-07-31": "5.54%", "2006-04-30": "5.60%", "2006-01-31": "5.62%", "2005-10-31": "5.65%"}, "net profit margin": {"2020-10-31": "3.60%", "2020-07-31": "3.30%", "2020-04-30": "2.81%", "2020-01-31": "2.84%", "2019-10-31": "2.77%", "2019-07-31": "2.48%", "2019-04-30": "1.62%", "2019-01-31": "1.30%", "2018-10-31": "1.01%", "2018-07-31": "1.02%", "2018-04-30": "1.77%", "2018-01-31": "1.97%", "2017-10-31": "2.31%", "2017-07-31": "2.60%", "2017-04-30": "2.79%", "2017-01-31": "2.81%", "2016-10-31": "2.98%", "2016-07-31": "3.04%", "2016-04-30": "2.99%", "2016-01-31": "3.05%", "2015-10-31": "3.12%", "2015-07-31": "3.19%", "2015-04-30": "3.32%", "2015-01-31": "3.37%", "2014-10-31": "3.27%", "2014-07-31": "3.30%", "2014-04-30": "3.32%", "2014-01-31": "3.36%", "2013-10-31": "3.63%", "2013-07-31": "3.62%", "2013-04-30": "3.63%", "2013-01-31": "3.63%", "2012-10-31": "3.57%", "2012-07-31": "3.53%", "2012-04-30": "3.52%", "2012-01-31": "3.52%", "2011-10-31": "3.77%", "2011-07-31": "3.87%", "2011-04-30": "3.87%", "2011-01-31": "3.89%", "2010-10-31": "3.59%", "2010-07-31": "3.55%", "2010-04-30": "3.54%", "2010-01-31": "3.52%", "2009-10-31": "3.33%", "2009-07-31": "3.33%", "2009-04-30": "3.32%", "2009-01-31": "3.31%", "2008-10-31": "3.41%", "2008-07-31": "3.40%", "2008-04-30": "3.35%", "2008-01-31": "3.38%", "2007-10-31": "3.40%", "2007-07-31": "3.41%", "2007-04-30": "3.24%", "2007-01-31": "3.24%", "2006-10-31": "3.24%", "2006-07-31": "3.24%", "2006-04-30": "3.56%", "2006-01-31": "3.60%", "2005-10-31": "3.57%"}, "pe ratio": {"current": "26.71", "2021-02-11": "20.81", "2020-10-31": "19.98", "2020-07-31": "20.48", "2020-04-30": "22.83", "2020-01-31": "21.69", "2019-10-31": "22.92", "2019-07-31": "24.22", "2019-04-30": "34.49", "2019-01-31": "40.52", "2018-10-31": "55.25", "2018-07-31": "48.88", "2018-04-30": "28.02", "2018-01-31": "30.70", "2017-10-31": "21.75", "2017-07-31": "17.90", "2017-04-30": "15.76", "2017-01-31": "13.96", "2016-10-31": "13.88", "2016-07-31": "14.21", "2016-04-30": "13.29", "2016-01-31": "12.95", "2015-10-31": "10.84", "2015-07-31": "13.21", "2015-04-30": "13.71", "2015-01-31": "14.61", "2014-10-31": "13.49", "2014-07-31": "12.96", "2014-04-30": "14.01", "2014-01-31": "12.96", "2013-10-31": "12.45", "2013-07-31": "12.71", "2013-04-30": "12.75", "2013-01-31": "11.52", "2012-10-31": "12.71", "2012-07-31": "12.87", "2012-04-30": "10.31", "2012-01-31": "10.95", "2011-10-31": "9.63", "2011-07-31": "8.91", "2011-04-30": "9.47", "2011-01-31": "9.78", "2010-10-31": "10.55", "2010-07-31": "10.19", "2010-04-30": "10.86", "2010-01-31": "11.08", "2009-10-31": "10.99", "2009-07-31": "11.11", "2009-04-30": "11.20", "2009-01-31": "10.44", "2008-10-31": "12.10", "2008-07-31": "13.03", "2008-04-30": "13.27", "2008-01-31": "11.85", "2007-10-31": "10.75", "2007-07-31": "11.12", "2007-04-30": "12.63", "2007-01-31": "12.74", "2006-10-31": "13.57"}, "price sales": {"2021-02-11": "0.75", "2020-10-31": "0.72", "2020-07-31": "0.68", "2020-04-30": "0.64", "2020-01-31": "0.62", "2019-10-31": "0.64", "2019-07-31": "0.60", "2019-04-30": "0.57", "2019-01-31": "0.53", "2018-10-31": "0.56", "2018-07-31": "0.50", "2018-04-30": "0.50", "2018-01-31": "0.61", "2017-10-31": "0.50", "2017-07-31": "0.47", "2017-04-30": "0.44", "2017-01-31": "0.39", "2016-10-31": "0.41", "2016-07-31": "0.43", "2016-04-30": "0.40", "2016-01-31": "0.40", "2015-10-31": "0.34", "2015-07-31": "0.42", "2015-04-30": "0.46", "2015-01-31": "0.49", "2014-10-31": "0.44", "2014-07-31": "0.43", "2014-04-30": "0.47", "2014-01-31": "0.44", "2013-10-31": "0.45", "2013-07-31": "0.46", "2013-04-30": "0.46", "2013-01-31": "0.42", "2012-10-31": "0.45", "2012-07-31": "0.45", "2012-04-30": "0.36", "2012-01-31": "0.39", "2011-10-31": "0.36", "2011-07-31": "0.35", "2011-04-30": "0.37", "2011-01-31": "0.39", "2010-10-31": "0.38", "2010-07-31": "0.36", "2010-04-30": "0.39", "2010-01-31": "0.39", "2009-10-31": "0.37", "2009-07-31": "0.37", "2009-04-30": "0.37", "2009-01-31": "0.35", "2008-10-31": "0.41", "2008-07-31": "0.44", "2008-04-30": "0.45", "2008-01-31": "0.41", "2007-10-31": "0.37", "2007-07-31": "0.38", "2007-04-30": "0.41", "2007-01-31": "0.41", "2006-10-31": "0.44"}, "price book": {"current": "4.72", "2021-02-11": "4.66", "2020-10-31": "4.47", "2020-07-31": "4.48", "2020-04-30": "4.59", "2020-01-31": "3.91", "2019-10-31": "4.16", "2019-07-31": "3.97", "2019-04-30": "3.81", "2019-01-31": "3.34", "2018-10-31": "3.52", "2018-07-31": "3.38", "2018-04-30": "3.16", "2018-01-31": "3.67", "2017-10-31": "3.08", "2017-07-31": "2.82", "2017-04-30": "2.76", "2017-01-31": "2.32", "2016-10-31": "2.44", "2016-07-31": "2.58", "2016-04-30": "2.42", "2016-01-31": "2.24", "2015-10-31": "1.97", "2015-07-31": "2.48", "2015-04-30": "2.75", "2015-01-31": "2.77", "2014-10-31": "2.53", "2014-07-31": "2.46", "2014-04-30": "2.81", "2014-01-31": "2.51", "2013-10-31": "2.67", "2013-07-31": "2.78", "2013-04-30": "2.80", "2013-01-31": "2.34", "2012-10-31": "2.63", "2012-07-31": "2.75", "2012-04-30": "2.20", "2012-01-31": "2.23", "2011-10-31": "2.19", "2011-07-31": "1.99", "2011-04-30": "2.22", "2011-01-31": "2.17", "2010-10-31": "2.23", "2010-07-31": "2.17", "2010-04-30": "2.26", "2010-01-31": "2.14", "2009-10-31": "2.09", "2009-07-31": "2.13", "2009-04-30": "2.32", "2009-01-31": "2.07", "2008-10-31": "2.42", "2008-07-31": "2.49", "2008-04-30": "2.60", "2008-01-31": "2.30", "2007-10-31": "2.11", "2007-07-31": "2.19", "2007-04-30": "2.39", "2007-01-31": "2.32", "2006-10-31": "2.52", "2006-07-31": "2.37", "2006-04-30": "2.52", "2006-01-31": "2.58"}, "price fcf": {"2021-02-11": "", "2020-10-31": "$8.55", "2020-07-31": "$8.37", "2020-04-30": "$6.57", "2020-01-31": "$5.19", "2019-10-31": "$4.93", "2019-07-31": "$5.95", "2019-04-30": "$5.38", "2019-01-31": "$6.09", "2018-10-31": "$6.32", "2018-07-31": "$6.22", "2018-04-30": "$6.22", "2018-01-31": "$6.20", "2017-10-31": "$6.17", "2017-07-31": "$5.89", "2017-04-30": "$6.80", "2017-01-31": "$6.91", "2016-10-31": "$7.20", "2016-07-31": "$6.93", "2016-04-30": "$5.77", "2016-01-31": "$5.19", "2015-10-31": "$5.08", "2015-07-31": "$4.76", "2015-04-30": "$4.76", "2015-01-31": "$5.23", "2014-10-31": "$4.36", "2014-07-31": "$3.82", "2014-04-30": "$3.90", "2014-01-31": "$3.31", "2013-10-31": "$3.06", "2013-07-31": "$3.68", "2013-04-30": "$3.59", "2013-01-31": "$3.90", "2012-10-31": "$4.35", "2012-07-31": "$3.90", "2012-04-30": "$4.26", "2012-01-31": "$3.26", "2011-10-31": "$3.31", "2011-07-31": "$3.07", "2011-04-30": "$3.41", "2011-01-31": "$3.12", "2010-10-31": "$3.84", "2010-07-31": "$4.06", "2010-04-30": "$3.22", "2010-01-31": "$3.89", "2009-10-31": "$3.28", "2009-07-31": "$2.78", "2009-04-30": "$3.04", "2009-01-31": "$3.13", "2008-10-31": "$2.60", "2008-07-31": "$3.16", "2008-04-30": "$2.28", "2008-01-31": "$1.64", "2007-10-31": "$1.26", "2007-07-31": "$0.95", "2007-04-30": "$0.73", "2007-01-31": "$1.19", "2006-10-31": "$0.87"}, "net worth": {"value": "$412.59B"}, "current ratio": {"current": "0.84", "2020-10-31": "0.84", "2020-07-31": "0.79", "2020-04-30": "0.77", "2020-01-31": "0.80", "2019-10-31": "0.81", "2019-07-31": "0.76", "2019-04-30": "0.77", "2019-01-31": "0.80", "2018-10-31": "0.81", "2018-07-31": "0.93", "2018-04-30": "0.73", "2018-01-31": "0.76", "2017-10-31": "0.81", "2017-07-31": "0.78", "2017-04-30": "0.77", "2017-01-31": "0.86", "2016-10-31": "0.86", "2016-07-31": "0.86", "2016-04-30": "0.84", "2016-01-31": "0.93", "2015-10-31": "0.92", "2015-07-31": "0.89", "2015-04-30": "0.89", "2015-01-31": "0.97", "2014-10-31": "0.92", "2014-07-31": "0.89", "2014-04-30": "0.88", "2014-01-31": "0.88", "2013-10-31": "0.87", "2013-07-31": "0.83", "2013-04-30": "0.82", "2013-01-31": "0.84", "2012-10-31": "0.83", "2012-07-31": "0.82", "2012-04-30": "0.83", "2012-01-31": "0.88", "2011-10-31": "0.88", "2011-07-31": "0.86", "2011-04-30": "0.90", "2011-01-31": "0.89", "2010-10-31": "0.87", "2010-07-31": "0.81", "2010-04-30": "0.80", "2010-01-31": "0.87", "2009-10-31": "0.87", "2009-07-31": "0.85", "2009-04-30": "0.85", "2009-01-31": "0.88", "2008-10-31": "0.88", "2008-07-31": "0.91", "2008-04-30": "0.83", "2008-01-31": "0.82", "2007-10-31": "0.85", "2007-07-31": "0.84", "2007-04-30": "0.87", "2007-01-31": "0.90", "2006-10-31": "0.85", "2006-07-31": "0.85", "2006-04-30": "0.87", "2006-01-31": "0.90", "2005-10-31": "0.89", "2005-07-31": "0.82", "2005-04-30": "0.81", "2005-01-31": "0.90"}, "quick ratio": {"2020-10-31": "0.25", "2020-07-31": "0.29", "2020-04-30": "0.27", "2020-01-31": "0.22", "2019-10-31": "0.20", "2019-07-31": "0.22", "2019-04-30": "0.21", "2019-01-31": "0.23", "2018-10-31": "0.22", "2018-07-31": "0.34", "2018-04-30": "0.20", "2018-01-31": "0.20", "2017-10-31": "0.19", "2017-07-31": "0.18", "2017-04-30": "0.19", "2017-01-31": "0.22", "2016-10-31": "0.18", "2016-07-31": "0.22", "2016-04-30": "0.21", "2016-01-31": "0.24", "2015-10-31": "0.20", "2015-07-31": "0.20", "2015-04-30": "0.23", "2015-01-31": "0.28", "2014-10-31": "0.20", "2014-07-31": "0.21", "2014-04-30": "0.21", "2014-01-31": "0.24", "2013-10-31": "0.23", "2013-07-31": "0.24", "2013-04-30": "0.23", "2013-01-31": "0.23", "2012-10-31": "0.21", "2012-07-31": "0.23", "2012-04-30": "0.23", "2012-01-31": "0.23", "2011-10-31": "0.22", "2011-07-31": "0.26", "2011-04-30": "0.28", "2011-01-31": "0.27", "2010-10-31": "0.27", "2010-07-31": "0.28", "2010-04-30": "0.25", "2010-01-31": "0.28", "2009-10-31": "0.23", "2009-07-31": "0.27", "2009-04-30": "0.24", "2009-01-31": "0.26", "2008-10-31": "0.21", "2008-07-31": "0.26", "2008-04-30": "0.25", "2008-01-31": "0.22", "2007-10-31": "0.20", "2007-07-31": "0.22", "2007-04-30": "0.23", "2007-01-31": "0.26", "2006-10-31": "0.19", "2006-07-31": "0.26", "2006-04-30": "0.26", "2006-01-31": "0.24", "2005-10-31": "0.17", "2005-07-31": "0.20", "2005-04-30": "0.17", "2005-01-31": "0.21"}, "debt equity ratio": {"current": "0.52", "2020-10-31": "1.87", "2020-07-31": "1.92", "2020-04-30": "2.14", "2020-01-31": "1.90", "2019-10-31": "2.06", "2019-07-31": "2.05", "2019-04-30": "2.13", "2019-01-31": "1.75", "2018-10-31": "1.85", "2018-07-31": "1.79", "2018-04-30": "1.62", "2018-01-31": "1.53", "2017-10-31": "1.65", "2017-07-31": "1.55", "2017-04-30": "1.62", "2017-01-31": "1.47", "2016-10-31": "1.57", "2016-07-31": "1.50", "2016-04-30": "1.56", "2016-01-31": "1.39", "2015-10-31": "1.48", "2015-07-31": "1.42", "2015-04-30": "1.51", "2015-01-31": "1.37", "2014-10-31": "1.47", "2014-07-31": "1.46", "2014-04-30": "1.59", "2014-01-31": "1.52", "2013-10-31": "1.67", "2013-07-31": "1.62", "2013-04-30": "1.67", "2013-01-31": "1.49", "2012-10-31": "1.62", "2012-07-31": "1.62", "2012-04-30": "1.67", "2012-01-31": "1.55", "2011-10-31": "1.74", "2011-07-31": "1.66", "2011-04-30": "1.74", "2011-01-31": "1.54", "2010-10-31": "1.75", "2010-07-31": "1.65", "2010-04-30": "1.55", "2010-01-31": "1.35", "2009-10-31": "1.49", "2009-07-31": "1.46", "2009-04-30": "1.54", "2009-01-31": "1.44", "2008-10-31": "1.48", "2008-07-31": "1.42", "2008-04-30": "1.57", "2008-01-31": "1.53", "2007-10-31": "1.63", "2007-07-31": "1.52", "2007-04-30": "1.59", "2007-01-31": "1.46", "2006-10-31": "1.57", "2006-07-31": "1.57", "2006-04-30": "1.64", "2006-01-31": "1.60", "2005-10-31": "1.64", "2005-07-31": "1.61", "2005-04-30": "1.59", "2005-01-31": "1.43"}, "return on equity": {"2020-10-31": "24.35%", "2020-07-31": "22.71%", "2020-04-30": "19.32%", "2020-01-31": "19.08%", "2019-10-31": "18.62%", "2019-07-31": "16.52%", "2019-04-30": "10.89%", "2019-01-31": "8.57%", "2018-10-31": "6.60%", "2018-07-31": "6.67%", "2018-04-30": "11.30%", "2018-01-31": "12.53%", "2017-10-31": "14.55%", "2017-07-31": "16.10%", "2017-04-30": "17.20%", "2017-01-31": "17.17%", "2016-10-31": "18.02%", "2016-07-31": "18.23%", "2016-04-30": "17.70%", "2016-01-31": "17.90%", "2015-10-31": "18.25%", "2015-07-31": "18.66%", "2015-04-30": "19.36%", "2015-01-31": "19.77%", "2014-10-31": "19.40%", "2014-07-31": "19.76%", "2014-04-30": "20.12%", "2014-01-31": "20.52%", "2013-10-31": "21.99%", "2013-07-31": "21.85%", "2013-04-30": "21.93%", "2013-01-31": "22.01%", "2012-10-31": "21.86%", "2012-07-31": "21.98%", "2012-04-30": "21.83%", "2012-01-31": "21.80%", "2011-10-31": "23.41%", "2011-07-31": "23.84%", "2011-04-30": "24.06%", "2011-01-31": "23.89%", "2010-10-31": "21.84%", "2010-07-31": "21.33%", "2010-04-30": "21.03%", "2010-01-31": "20.95%", "2009-10-31": "19.96%", "2009-07-31": "20.08%", "2009-04-30": "20.01%", "2009-01-31": "19.93%", "2008-10-31": "20.60%", "2008-07-31": "20.52%", "2008-04-30": "20.27%", "2008-01-31": "20.38%", "2007-10-31": "20.37%", "2007-07-31": "20.39%", "2007-04-30": "19.43%", "2007-01-31": "19.62%", "2006-10-31": "19.74%", "2006-07-31": "20.05%", "2006-04-30": "22.31%", "2006-01-31": "22.69%", "2005-10-31": "22.25%"}, "return on assets": {"2020-10-31": "8.25%", "2020-07-31": "7.56%", "2020-04-30": "6.37%", "2020-01-31": "6.29%", "2019-10-31": "6.21%", "2019-07-31": "5.62%", "2019-04-30": "3.78%", "2019-01-31": "3.11%", "2018-10-31": "2.45%", "2018-07-31": "2.52%", "2018-04-30": "4.37%", "2018-01-31": "4.84%", "2017-10-31": "5.65%", "2017-07-31": "6.31%", "2017-04-30": "6.77%", "2017-01-31": "6.80%", "2016-10-31": "7.20%", "2016-07-31": "7.35%", "2016-04-30": "7.20%", "2016-01-31": "7.31%", "2015-10-31": "7.47%", "2015-07-31": "7.65%", "2015-04-30": "7.90%", "2015-01-31": "8.01%", "2014-10-31": "7.73%", "2014-07-31": "7.73%", "2014-04-30": "7.74%", "2014-01-31": "7.84%", "2013-10-31": "8.43%", "2013-07-31": "8.42%", "2013-04-30": "8.45%", "2013-01-31": "8.48%", "2012-10-31": "8.36%", "2012-07-31": "8.32%", "2012-04-30": "8.23%", "2012-01-31": "8.17%", "2011-10-31": "8.78%", "2011-07-31": "8.93%", "2011-04-30": "9.02%", "2011-01-31": "9.12%", "2010-10-31": "8.51%", "2010-07-31": "8.52%", "2010-04-30": "8.55%", "2010-01-31": "8.53%", "2009-10-31": "8.05%", "2009-07-31": "8.10%", "2009-04-30": "8.11%", "2009-01-31": "8.04%", "2008-10-31": "8.23%", "2008-07-31": "8.09%", "2008-04-30": "7.91%", "2008-01-31": "7.94%", "2007-10-31": "7.99%", "2007-07-31": "8.04%", "2007-04-30": "7.63%", "2007-01-31": "7.68%", "2006-10-31": "7.61%", "2006-07-31": "7.68%", "2006-04-30": "8.51%", "2006-01-31": "8.69%", "2005-10-31": "8.66%"}, "return on investments": {"2020-10-31": "17.52%", "2020-07-31": "16.88%", "2020-04-30": "16.55%", "2020-01-31": "16.18%", "2019-10-31": "16.76%", "2019-07-31": "16.90%", "2019-04-30": "17.03%", "2019-01-31": "17.59%", "2018-10-31": "16.72%", "2018-07-31": "16.87%", "2018-04-30": "17.26%", "2018-01-31": "17.28%", "2017-10-31": "18.56%", "2017-07-31": "18.74%", "2017-04-30": "18.81%", "2017-01-31": "18.65%", "2016-10-31": "18.81%", "2016-07-31": "19.13%", "2016-04-30": "18.94%", "2016-01-31": "19.19%", "2015-10-31": "20.16%", "2015-07-31": "20.54%", "2015-04-30": "20.93%", "2015-01-31": "21.19%", "2014-10-31": "20.86%", "2014-07-31": "21.12%", "2014-04-30": "21.49%", "2014-01-31": "21.95%", "2013-10-31": "23.06%", "2013-07-31": "23.01%", "2013-04-30": "23.01%", "2013-01-31": "22.99%", "2012-10-31": "22.83%", "2012-07-31": "22.71%", "2012-04-30": "22.33%", "2012-01-31": "22.07%", "2011-10-31": "22.16%", "2011-07-31": "22.27%", "2011-04-30": "22.88%", "2011-01-31": "23.40%", "2010-10-31": "23.18%", "2010-07-31": "23.29%", "2010-04-30": "23.06%", "2010-01-31": "22.82%", "2009-10-31": "22.19%", "2009-07-31": "22.33%", "2009-04-30": "22.14%", "2009-01-31": "22.16%", "2008-10-31": "22.86%", "2008-07-31": "22.82%", "2008-04-30": "23.02%", "2008-01-31": "23.01%", "2007-10-31": "22.91%", "2007-07-31": "23.00%", "2007-04-30": "23.41%", "2007-01-31": "23.73%", "2006-10-31": "23.79%", "2006-07-31": "24.06%", "2006-04-30": "24.58%", "2006-01-31": "24.95%", "2005-10-31": "25.26%"}, "return on tangible equity": {"2020-10-31": "38.69%", "2020-07-31": "36.82%", "2020-04-30": "31.90%", "2020-01-31": "31.79%", "2019-10-31": "31.16%", "2019-07-31": "27.62%", "2019-04-30": "17.07%", "2019-01-31": "12.57%", "2018-10-31": "9.11%", "2018-07-31": "8.71%", "2018-04-30": "14.70%", "2018-01-31": "16.25%", "2017-10-31": "18.78%", "2017-07-31": "20.72%", "2017-04-30": "21.98%", "2017-01-31": "21.83%", "2016-10-31": "22.82%", "2016-07-31": "22.99%", "2016-04-30": "22.39%", "2016-01-31": "22.67%", "2015-10-31": "23.19%", "2015-07-31": "23.86%", "2015-04-30": "24.93%", "2015-01-31": "25.69%", "2014-10-31": "25.45%", "2014-07-31": "26.17%", "2014-04-30": "26.75%", "2014-01-31": "27.37%", "2013-10-31": "29.45%", "2013-07-31": "29.37%", "2013-04-30": "29.64%", "2013-01-31": "29.98%", "2012-10-31": "30.01%", "2012-07-31": "30.44%", "2012-04-30": "30.51%", "2012-01-31": "30.12%", "2011-10-31": "31.93%", "2011-07-31": "32.05%", "2011-04-30": "31.72%", "2011-01-31": "31.33%", "2010-10-31": "28.52%", "2010-07-31": "27.75%", "2010-04-30": "27.33%", "2010-01-31": "27.24%", "2009-10-31": "26.00%", "2009-07-31": "26.11%", "2009-04-30": "26.05%", "2009-01-31": "26.09%", "2008-10-31": "27.13%", "2008-07-31": "27.11%", "2008-04-30": "26.76%", "2008-01-31": "26.82%", "2007-10-31": "26.62%", "2007-07-31": "26.55%", "2007-04-30": "25.30%", "2007-01-31": "25.51%", "2006-10-31": "25.70%", "2006-07-31": "25.97%", "2006-04-30": "28.73%", "2006-01-31": "29.09%", "2005-10-31": "28.44%"}, "dividend yield history": {"last payout": "$2.16", "last yield": "1.48%"}}