{"ticker": "WDAY", "price": {"title": "Workday Historical Annual Stock Price Data", "value": 263.95, "historical": {"2020": {"Average Stock Price": "188.4233", "Year Open": "167.4600", "Year High": "257.7100", "Year Low": "113.8700", "Year Close": "239.6100", "Annual % Change": "45.70%"}, "2019": {"Average Stock Price": "185.7046", "Year Open": "159.7400", "Year High": "224.3000", "Year Low": "152.2900", "Year Close": "164.4500", "Annual % Change": "2.99%"}, "2018": {"Average Stock Price": "132.8211", "Year Open": "103.4000", "Year High": "168.1300", "Year Low": "103.4000", "Year Close": "159.6800", "Annual % Change": "56.95%"}, "2017": {"Average Stock Price": "96.6402", "Year Open": "68.3800", "Year High": "116.1400", "Year Low": "68.3800", "Year Close": "101.7400", "Annual % Change": "53.94%"}, "2016": {"Average Stock Price": "76.6914", "Year Open": "77.7600", "Year High": "92.0500", "Year Low": "48.9000", "Year Close": "66.0900", "Annual % Change": "-17.06%"}, "2015": {"Average Stock Price": "81.6786", "Year Open": "80.4100", "Year High": "93.9400", "Year Low": "68.8600", "Year Close": "79.6800", "Annual % Change": "-2.36%"}, "2014": {"Average Stock Price": "86.3433", "Year Open": "81.7700", "Year High": "115.4700", "Year Low": "67.0600", "Year Close": "81.6100", "Annual % Change": "-1.86%"}, "2013": {"Average Stock Price": "67.7915", "Year Open": "52.9100", "Year High": "83.1600", "Year Low": "50.3900", "Year Close": "83.1600", "Annual % Change": "52.59%"}, "2012": {"Average Stock Price": "51.2021", "Year Open": "48.6900", "Year High": "56.1700", "Year Low": "46.9900", "Year Close": "54.5000", "Annual % Change": "0.00%"}}}, "market cap": {"value": "$63.35B"}, "income statement": {"Revenue": {"2020-01-31": "3627.20600", "2019-01-31": "2822.18000", "2018-01-31": "2143.05000", "2017-01-31": "1574.44000", "2016-01-31": "1156.69000", "2015-01-31": "787.86000", "2014-01-31": "468.93800", "2013-01-31": "273.65700", "2012-01-31": "134.42700", "2011-01-31": "7.28000", "2010-12-31": "68.05500", "2010-01-31": "", "2009-12-31": "25.24500", "2009-01-31": ""}, "Cost Of Goods Sold": {"2020-01-31": "1065.25800", "2019-01-31": "834.95000", "2018-01-31": "629.41300", "2017-01-31": "483.54500", "2016-01-31": "374.42700", "2015-01-31": "264.80300", "2014-01-31": "176.81000", "2013-01-31": "116.53500", "2012-01-31": "65.36800", "2011-01-31": "3.90000", "2010-12-31": "39.86400", "2010-01-31": "", "2009-12-31": "20.50500", "2009-01-31": ""}, "Gross Profit": {"2020-01-31": "2561.94800", "2019-01-31": "1987.23000", "2018-01-31": "1513.63700", "2017-01-31": "1090.89500", "2016-01-31": "782.26290", "2015-01-31": "523.05700", "2014-01-31": "292.12800", "2013-01-31": "157.12200", "2012-01-31": "69.05900", "2011-01-31": "3.38000", "2010-12-31": "28.19100", "2010-01-31": "", "2009-12-31": "4.74000", "2009-01-31": ""}, "Research And Development Expenses": {"2020-01-31": "1549.90600", "2019-01-31": "1211.83200", "2018-01-31": "910.58400", "2017-01-31": "680.53100", "2016-01-31": "469.94400", "2015-01-31": "316.86800", "2014-01-31": "182.11600", "2013-01-31": "102.66500", "2012-01-31": "62.01400", "2011-01-31": "3.96000", "2010-12-31": "39.17500", "2010-01-31": "", "2009-12-31": "30.04500", "2009-01-31": ""}, "SG&A Expenses": {"2020-01-31": "1514.27200", "2019-01-31": "1238.68200", "2018-01-31": "906.27600", "2017-01-31": "763.45000", "2016-01-31": "562.10800", "2015-01-31": "421.89100", "2014-01-31": "263.29400", "2013-01-31": "172.32000", "2012-01-31": "85.48900", "2011-01-31": "4.84000", "2010-12-31": "45.07700", "2010-01-31": "45.07700", "2009-12-31": "26.09000", "2009-01-31": "26.09000"}, "Other Operating Income Or Expenses": {"2020-01-31": "", "2019-01-31": "", "2018-01-31": "", "2017-01-31": "", "2016-01-31": "", "2015-01-31": "", "2014-01-31": "", "2013-01-31": "", "2012-01-31": "", "2011-01-31": "", "2010-12-31": "", "2010-01-31": "", "2009-12-31": "", "2009-01-31": ""}, "Operating Expenses": {"2020-01-31": "4129.43600", "2019-01-31": "3285.46400", "2018-01-31": "2446.27300", "2017-01-31": "1927.52600", "2016-01-31": "1406.47900", "2015-01-31": "1003.56200", "2014-01-31": "622.22000", "2013-01-31": "391.52000", "2012-01-31": "212.87100", "2011-01-31": "12.70000", "2010-12-31": "124.11600", "2010-01-31": "45.07700", "2009-12-31": "76.64000", "2009-01-31": "26.09000"}, "Operating Income": {"2020-01-31": "-502.23000", "2019-01-31": "-463.28390", "2018-01-31": "-303.22290", "2017-01-31": "-353.08620", "2016-01-31": "-249.78910", "2015-01-31": "-215.70200", "2014-01-31": "-153.28200", "2013-01-31": "-117.86300", "2012-01-31": "-78.44400", "2011-01-31": "-5.42000", "2010-12-31": "-56.06100", "2010-01-31": "-45.07700", "2009-12-31": "-51.39500", "2009-01-31": "-26.09000"}, "Total Non-Operating Income/Expense": {"2020-01-31": "19.78300", "2019-01-31": "39.53200", "2018-01-31": "-11.56300", "2017-01-31": "-32.42700", "2016-01-31": "-24.24200", "2015-01-31": "-30.27000", "2014-01-31": "-17.54900", "2013-01-31": "-1.20300", "2012-01-31": "-1.01800", "2011-01-31": "-0.00800", "2010-12-31": "-0.05700", "2010-01-31": "", "2009-12-31": "1.54400", "2009-01-31": ""}, "Pre-Tax Income": {"2020-01-31": "-482.44700", "2019-01-31": "-423.75200", "2018-01-31": "-314.78600", "2017-01-31": "-385.51300", "2016-01-31": "-274.03100", "2015-01-31": "-245.97200", "2014-01-31": "-170.83100", "2013-01-31": "-119.06600", "2012-01-31": "-79.46200", "2011-01-31": "-5.44000", "2010-12-31": "-56.11800", "2010-01-31": "-45.07700", "2009-12-31": "-49.85100", "2009-01-31": "-26.09000"}, "Income Taxes": {"2020-01-31": "-1.77300", "2019-01-31": "-5.49400", "2018-01-31": "6.43600", "2017-01-31": "-0.81400", "2016-01-31": "1.01700", "2015-01-31": "2.01000", "2014-01-31": "1.67800", "2013-01-31": "0.12400", "2012-01-31": "0.16700", "2011-01-31": "0.01000", "2010-12-31": "0.09700", "2010-01-31": "", "2009-12-31": "0.09100", "2009-01-31": ""}, "Income After Taxes": {"2020-01-31": "-480.67400", "2019-01-31": "-418.25800", "2018-01-31": "-321.22200", "2017-01-31": "-384.69900", "2016-01-31": "-275.04800", "2015-01-31": "-247.98200", "2014-01-31": "-172.50900", "2013-01-31": "-119.19000", "2012-01-31": "-79.62900", "2011-01-31": "-5.45000", "2010-12-31": "-56.21500", "2010-01-31": "-45.07700", "2009-12-31": "-49.94200", "2009-01-31": "-26.09000"}, "Other Income": {"2020-01-31": "", "2019-01-31": "", "2018-01-31": "", "2017-01-31": "", "2016-01-31": "", "2015-01-31": "", "2014-01-31": "", "2013-01-31": "", "2012-01-31": "", "2011-01-31": "0.00000", "2010-12-31": "", "2010-01-31": "0.00000", "2009-12-31": "", "2009-01-31": ""}, "Income From Continuous Operations": {"2020-01-31": "-480.67400", "2019-01-31": "-418.25800", "2018-01-31": "-321.22200", "2017-01-31": "-384.69900", "2016-01-31": "-275.04800", "2015-01-31": "-247.98200", "2014-01-31": "-172.50900", "2013-01-31": "-119.19000", "2012-01-31": "-79.62900", "2011-01-31": "-5.45000", "2010-12-31": "-56.21500", "2010-01-31": "-45.07700", "2009-12-31": "-49.94200", "2009-01-31": "-26.09000"}, "Income From Discontinued Operations": {"2020-01-31": "", "2019-01-31": "", "2018-01-31": "", "2017-01-31": "", "2016-01-31": "", "2015-01-31": "", "2014-01-31": "", "2013-01-31": "", "2012-01-31": "", "2011-01-31": "0.00000", "2010-12-31": "", "2010-01-31": "0.00000", "2009-12-31": "", "2009-01-31": ""}, "Net Income": {"2020-01-31": "-480.67400", "2019-01-31": "-418.25800", "2018-01-31": "-321.22200", "2017-01-31": "-384.69900", "2016-01-31": "-275.04800", "2015-01-31": "-247.98200", "2014-01-31": "-172.50900", "2013-01-31": "-119.75800", "2012-01-31": "-79.97100", "2011-01-31": "-5.45000", "2010-12-31": "-56.21500", "2010-01-31": "-56.21500", "2009-12-31": "-49.94200", "2009-01-31": "-49.94200"}, "EBITDA": {"2020-01-31": "-81.27700", "2019-01-31": "-133.96090", "2018-01-31": "-66.02190", "2017-01-31": "-174.96920", "2016-01-31": "-102.31610", "2015-01-31": "-113.03800", "2014-01-31": "-91.97300", "2013-01-31": "-88.77300", "2012-01-31": "-62.02600", "2011-01-31": "-4.33000", "2010-12-31": "-45.83900", "2010-01-31": "-38.38700", "2009-12-31": "-44.69600", "2009-01-31": "-26.09000"}, "EBIT": {"2020-01-31": "-502.23000", "2019-01-31": "-463.28390", "2018-01-31": "-303.22290", "2017-01-31": "-353.08620", "2016-01-31": "-249.78910", "2015-01-31": "-215.70200", "2014-01-31": "-153.28200", "2013-01-31": "-117.86300", "2012-01-31": "-78.44400", "2011-01-31": "-5.42000", "2010-12-31": "-56.06100", "2010-01-31": "-45.07700", "2009-12-31": "-51.39500", "2009-01-31": "-26.09000"}, "Basic Shares Outstanding": {"2020-01-31": "227.18500", "2019-01-31": "216.78900", "2018-01-31": "207.77400", "2017-01-31": "198.21400", "2016-01-31": "190.01600", "2015-01-31": "183.70200", "2014-01-31": "171.29700", "2013-01-31": "74.01100", "2012-01-31": "29.47800", "2011-01-31": "", "2010-12-31": "25.36700", "2010-01-31": "", "2009-12-31": "21.92200", "2009-01-31": ""}, "Shares Outstanding": {"2020-01-31": "227.18500", "2019-01-31": "216.78900", "2018-01-31": "207.77400", "2017-01-31": "198.21400", "2016-01-31": "190.01600", "2015-01-31": "183.70200", "2014-01-31": "171.29700", "2013-01-31": "74.01100", "2012-01-31": "29.47800", "2011-01-31": "", "2010-12-31": "25.36700", "2010-01-31": "", "2009-12-31": "21.92200", "2009-01-31": ""}, "Basic EPS": {"2020-01-31": "-2.12000", "2019-01-31": "-1.93000", "2018-01-31": "-1.55000", "2017-01-31": "-1.94000", "2016-01-31": "-1.45000", "2015-01-31": "-1.35000", "2014-01-31": "-1.01000", "2013-01-31": "-1.62000", "2012-01-31": "-2.71000", "2011-01-31": "", "2010-12-31": "-2.22000", "2010-01-31": "", "2009-12-31": "-2.28000", "2009-01-31": ""}, "EPS - Earnings Per Share": {"2020-01-31": "-2.12000", "2019-01-31": "-1.93000", "2018-01-31": "-1.55000", "2017-01-31": "-1.94000", "2016-01-31": "-1.45000", "2015-01-31": "-1.35000", "2014-01-31": "-1.01000", "2013-01-31": "-1.62000", "2012-01-31": "-2.71000", "2011-01-31": "0.00000", "2010-12-31": "-2.22000", "2010-01-31": "0.00000", "2009-12-31": "-2.28000", "2009-01-31": "0.00000"}}, "income statement, quarterly": {"Revenue": {"2020-10-31": "1105.96000", "2020-07-31": "1061.96700", "2020-04-30": "1018.38500", "2020-01-31": "976.29900", "2019-10-31": "938.10000", "2019-07-31": "887.75200", "2019-04-30": "825.05500", "2019-01-31": "788.62800", "2018-10-31": "743.18900", "2018-07-31": "671.72000", "2018-04-30": "618.64300", "2018-01-31": "582.48010", "2017-10-31": "555.38900", "2017-07-31": "525.32000", "2017-04-30": "479.86100", "2017-01-31": "441.70490", "2016-10-31": "409.58200", "2016-07-31": "377.72300", "2016-04-30": "345.43000", "2016-01-31": "317.77090", "2015-10-31": "305.26600", "2015-07-31": "282.69600", "2015-04-30": "250.95700", "2015-01-31": "226.27300", "2014-10-31": "215.07000", "2014-07-31": "186.78000", "2014-04-30": "159.73700", "2014-01-31": "141.86600", "2013-10-31": "127.87200", "2013-07-31": "107.55500", "2013-04-30": "91.64500", "2013-01-31": "81.51900", "2012-10-31": "72.61800", "2012-07-31": "62.70200", "2012-04-30": "56.81800", "2012-01-31": "", "2011-10-31": "36.45000", "2011-01-31": "", "2010-01-31": ""}, "Cost Of Goods Sold": {"2020-10-31": "295.18100", "2020-07-31": "284.27700", "2020-04-30": "305.63000", "2020-01-31": "284.77490", "2019-10-31": "270.93000", "2019-07-31": "266.33400", "2019-04-30": "243.21900", "2019-01-31": "233.74800", "2018-10-31": "223.00100", "2018-07-31": "200.23000", "2018-04-30": "177.97100", "2018-01-31": "170.95200", "2017-10-31": "163.55500", "2017-07-31": "158.19500", "2017-04-30": "136.71100", "2017-01-31": "130.18100", "2016-10-31": "126.88500", "2016-07-31": "117.85200", "2016-04-30": "108.62700", "2016-01-31": "102.68000", "2015-10-31": "101.75400", "2015-07-31": "92.07900", "2015-04-30": "77.91400", "2015-01-31": "69.95500", "2014-10-31": "71.78900", "2014-07-31": "65.64000", "2014-04-30": "57.41900", "2014-01-31": "50.76600", "2013-10-31": "48.59100", "2013-07-31": "40.75400", "2013-04-30": "36.69900", "2013-01-31": "32.98600", "2012-10-31": "30.19400", "2012-07-31": "28.26500", "2012-04-30": "25.09000", "2012-01-31": "", "2011-10-31": "17.67900", "2011-01-31": "", "2010-01-31": ""}, "Gross Profit": {"2020-10-31": "810.77890", "2020-07-31": "777.69010", "2020-04-30": "712.75500", "2020-01-31": "691.52410", "2019-10-31": "667.17000", "2019-07-31": "621.41800", "2019-04-30": "581.83600", "2019-01-31": "554.88000", "2018-10-31": "520.18800", "2018-07-31": "471.49000", "2018-04-30": "440.67200", "2018-01-31": "411.52810", "2017-10-31": "391.83400", "2017-07-31": "367.12500", "2017-04-30": "343.15000", "2017-01-31": "311.52390", "2016-10-31": "282.69700", "2016-07-31": "259.87100", "2016-04-30": "236.80300", "2016-01-31": "215.09090", "2015-10-31": "203.51200", "2015-07-31": "190.61700", "2015-04-30": "173.04300", "2015-01-31": "156.31800", "2014-10-31": "143.28100", "2014-07-31": "121.14000", "2014-04-30": "102.31800", "2014-01-31": "91.10000", "2013-10-31": "79.28100", "2013-07-31": "66.80100", "2013-04-30": "54.94600", "2013-01-31": "48.53300", "2012-10-31": "42.42400", "2012-07-31": "34.43700", "2012-04-30": "31.72800", "2012-01-31": "", "2011-10-31": "18.77100", "2011-01-31": "", "2010-01-31": ""}, "Research And Development Expenses": {"2020-10-31": "419.96200", "2020-07-31": "418.68100", "2020-04-30": "443.48400", "2020-01-31": "422.21110", "2019-10-31": "401.74200", "2019-07-31": "378.12200", "2019-04-30": "347.83100", "2019-01-31": "337.40500", "2018-10-31": "318.00300", "2018-07-31": "292.84000", "2018-04-30": "263.58400", "2018-01-31": "253.45400", "2017-10-31": "239.58800", "2017-07-31": "221.10300", "2017-04-30": "196.43900", "2017-01-31": "191.55600", "2016-10-31": "185.31100", "2016-07-31": "161.88600", "2016-04-30": "141.77800", "2016-01-31": "131.24400", "2015-10-31": "124.02000", "2015-07-31": "115.34500", "2015-04-30": "99.33500", "2015-01-31": "88.96300", "2014-10-31": "85.27000", "2014-07-31": "77.46400", "2014-04-30": "65.17100", "2014-01-31": "55.31700", "2013-10-31": "49.34900", "2013-07-31": "41.16800", "2013-04-30": "36.28200", "2013-01-31": "30.25200", "2012-10-31": "28.07500", "2012-07-31": "23.55200", "2012-04-30": "20.78600", "2012-01-31": "", "2011-10-31": "16.40400", "2011-01-31": "", "2010-01-31": ""}, "SG&A Expenses": {"2020-10-31": "404.89400", "2020-07-31": "375.76300", "2020-04-30": "413.72800", "2020-01-31": "415.41000", "2019-10-31": "375.67800", "2019-07-31": "365.79300", "2019-04-30": "357.39100", "2019-01-31": "337.75800", "2018-10-31": "384.94000", "2018-07-31": "267.63200", "2018-04-30": "248.35200", "2018-01-31": "239.40900", "2017-10-31": "232.30500", "2017-07-31": "227.65100", "2017-04-30": "206.91100", "2017-01-31": "202.62400", "2016-10-31": "207.27000", "2016-07-31": "184.88200", "2016-04-30": "168.67400", "2016-01-31": "142.41800", "2015-10-31": "149.66600", "2015-07-31": "142.91200", "2015-04-30": "127.11200", "2015-01-31": "117.73900", "2014-10-31": "109.47700", "2014-07-31": "105.44500", "2014-04-30": "89.23000", "2014-01-31": "83.75900", "2013-10-31": "70.33100", "2013-07-31": "57.91600", "2013-04-30": "51.28800", "2013-01-31": "48.95900", "2012-10-31": "55.21700", "2012-07-31": "37.24500", "2012-04-30": "30.89900", "2012-01-31": "", "2011-10-31": "21.80900", "2011-01-31": "", "2010-01-31": ""}, "Other Operating Income Or Expenses": {"2020-10-31": "", "2020-07-31": "", "2020-04-30": "", "2020-01-31": "", "2019-10-31": "", "2019-07-31": "", "2019-04-30": "", "2019-01-31": "", "2018-10-31": "", "2018-07-31": "", "2018-04-30": "", "2018-01-31": "", "2017-10-31": "", "2017-07-31": "", "2017-04-30": "", "2017-01-31": "", "2016-10-31": "", "2016-07-31": "", "2016-04-30": "", "2016-01-31": "", "2015-10-31": "", "2015-07-31": "", "2015-04-30": "", "2015-01-31": "", "2014-10-31": "", "2014-07-31": "", "2014-04-30": "", "2014-01-31": "", "2013-10-31": "", "2013-07-31": "", "2013-04-30": "", "2013-01-31": "", "2012-10-31": "", "2012-07-31": "", "2012-04-30": "", "2012-01-31": "", "2011-10-31": "", "2011-01-31": "", "2010-01-31": ""}, "Operating Expenses": {"2020-10-31": "1120.03700", "2020-07-31": "1078.72100", "2020-04-30": "1162.84200", "2020-01-31": "1122.39600", "2019-10-31": "1048.35000", "2019-07-31": "1010.24900", "2019-04-30": "948.44100", "2019-01-31": "908.91080", "2018-10-31": "925.94400", "2018-07-31": "760.70200", "2018-04-30": "689.90700", "2018-01-31": "663.81500", "2017-10-31": "635.44800", "2017-07-31": "606.94900", "2017-04-30": "540.06100", "2017-01-31": "524.36120", "2016-10-31": "519.46590", "2016-07-31": "464.62000", "2016-04-30": "419.07900", "2016-01-31": "376.34210", "2015-10-31": "375.44000", "2015-07-31": "350.33600", "2015-04-30": "304.36100", "2015-01-31": "276.65700", "2014-10-31": "266.53600", "2014-07-31": "248.54900", "2014-04-30": "211.82000", "2014-01-31": "189.84200", "2013-10-31": "168.27100", "2013-07-31": "139.83800", "2013-04-30": "124.26900", "2013-01-31": "112.19700", "2012-10-31": "113.48600", "2012-07-31": "89.06200", "2012-04-30": "76.77500", "2012-01-31": "", "2011-10-31": "55.89200", "2011-01-31": "", "2010-01-31": ""}, "Operating Income": {"2020-10-31": "-14.07700", "2020-07-31": "-16.75390", "2020-04-30": "-144.45700", "2020-01-31": "-146.09700", "2019-10-31": "-110.25000", "2019-07-31": "-122.49700", "2019-04-30": "-123.38600", "2019-01-31": "-120.28280", "2018-10-31": "-182.75500", "2018-07-31": "-88.98210", "2018-04-30": "-71.26400", "2018-01-31": "-81.33490", "2017-10-31": "-80.05900", "2017-07-31": "-81.62900", "2017-04-30": "-60.20000", "2017-01-31": "-82.65630", "2016-10-31": "-109.88390", "2016-07-31": "-86.89700", "2016-04-30": "-73.64900", "2016-01-31": "-58.57120", "2015-10-31": "-70.17400", "2015-07-31": "-67.64000", "2015-04-30": "-53.40400", "2015-01-31": "-50.38400", "2014-10-31": "-51.46600", "2014-07-31": "-61.76900", "2014-04-30": "-52.08300", "2014-01-31": "-47.97600", "2013-10-31": "-40.39900", "2013-07-31": "-32.28300", "2013-04-30": "-32.62400", "2013-01-31": "-30.67800", "2012-10-31": "-40.86800", "2012-07-31": "-26.36000", "2012-04-30": "-19.95700", "2012-01-31": "", "2011-10-31": "-19.44200", "2011-01-31": "", "2010-01-31": ""}, "Total Non-Operating Income/Expense": {"2020-10-31": "-8.84600", "2020-07-31": "-11.45300", "2020-04-30": "-10.97300", "2020-01-31": "16.88400", "2019-10-31": "-4.13600", "2019-07-31": "-0.10600", "2019-04-30": "7.14100", "2019-01-31": "15.15000", "2018-10-31": "26.61700", "2018-07-31": "1.61300", "2018-04-30": "-3.84800", "2018-01-31": "-7.09600", "2017-10-31": "-3.74200", "2017-07-31": "0.93800", "2017-04-30": "-1.66300", "2017-01-31": "-2.29100", "2016-10-31": "-3.10500", "2016-07-31": "-21.19300", "2016-04-30": "-5.83800", "2016-01-31": "-6.50500", "2015-10-31": "-6.72200", "2015-07-31": "-3.77900", "2015-04-30": "-7.23600", "2015-01-31": "-8.27100", "2014-10-31": "-8.04700", "2014-07-31": "-6.95300", "2014-04-30": "-6.99900", "2014-01-31": "-6.92100", "2013-10-31": "-6.89300", "2013-07-31": "-3.47900", "2013-04-30": "-0.25600", "2013-01-31": "-0.16700", "2012-10-31": "-0.36400", "2012-07-31": "-0.63700", "2012-04-30": "-0.03500", "2012-01-31": "", "2011-10-31": "-0.24300", "2011-01-31": "", "2010-01-31": ""}, "Pre-Tax Income": {"2020-10-31": "-22.92300", "2020-07-31": "-28.20700", "2020-04-30": "-155.43000", "2020-01-31": "-129.21300", "2019-10-31": "-114.38600", "2019-07-31": "-122.60300", "2019-04-30": "-116.24500", "2019-01-31": "-105.13300", "2018-10-31": "-156.13800", "2018-07-31": "-87.36900", "2018-04-30": "-75.11200", "2018-01-31": "-88.43100", "2017-10-31": "-83.80100", "2017-07-31": "-80.69100", "2017-04-30": "-61.86300", "2017-01-31": "-84.94700", "2016-10-31": "-112.98900", "2016-07-31": "-108.09000", "2016-04-30": "-79.48700", "2016-01-31": "-65.07600", "2015-10-31": "-76.89600", "2015-07-31": "-71.41900", "2015-04-30": "-60.64000", "2015-01-31": "-58.65500", "2014-10-31": "-59.51300", "2014-07-31": "-68.72200", "2014-04-30": "-59.08200", "2014-01-31": "-54.89700", "2013-10-31": "-47.29200", "2013-07-31": "-35.76200", "2013-04-30": "-32.88000", "2013-01-31": "-30.84500", "2012-10-31": "-41.23200", "2012-07-31": "-26.99700", "2012-04-30": "-19.99200", "2012-01-31": "", "2011-10-31": "-19.68500", "2011-01-31": "", "2010-01-31": ""}, "Income Taxes": {"2020-10-31": "1.41700", "2020-07-31": "-0.19100", "2020-04-30": "2.93800", "2020-01-31": "-1.25500", "2019-10-31": "1.34300", "2019-07-31": "-1.89100", "2019-04-30": "0.03000", "2019-01-31": "-0.77200", "2018-10-31": "-2.80700", "2018-07-31": "-1.21300", "2018-04-30": "-0.70200", "2018-01-31": "0.66900", "2017-10-31": "1.74500", "2017-07-31": "1.84100", "2017-04-30": "2.18100", "2017-01-31": "-2.96100", "2016-10-31": "1.07700", "2016-07-31": "-0.06500", "2016-04-30": "1.13500", "2016-01-31": "1.18200", "2015-10-31": "0.91500", "2015-07-31": "-1.99800", "2015-04-30": "0.91800", "2015-01-31": "0.81100", "2014-10-31": "0.39900", "2014-07-31": "0.49300", "2014-04-30": "0.30700", "2014-01-31": "1.08500", "2013-10-31": "0.24200", "2013-07-31": "0.21600", "2013-04-30": "0.13500", "2013-01-31": "0.09900", "2012-10-31": "0.07800", "2012-07-31": "-0.11600", "2012-04-30": "0.06300", "2012-01-31": "", "2011-10-31": "0.04600", "2011-01-31": "", "2010-01-31": ""}, "Income After Taxes": {"2020-10-31": "-24.34000", "2020-07-31": "-28.01600", "2020-04-30": "-158.36800", "2020-01-31": "-127.95800", "2019-10-31": "-115.72900", "2019-07-31": "-120.71200", "2019-04-30": "-116.27500", "2019-01-31": "-104.36100", "2018-10-31": "-153.33100", "2018-07-31": "-86.15600", "2018-04-30": "-74.41000", "2018-01-31": "-89.10000", "2017-10-31": "-85.54600", "2017-07-31": "-82.53200", "2017-04-30": "-64.04400", "2017-01-31": "-81.98600", "2016-10-31": "-114.06600", "2016-07-31": "-108.02500", "2016-04-30": "-80.62200", "2016-01-31": "-66.25800", "2015-10-31": "-77.81100", "2015-07-31": "-69.42100", "2015-04-30": "-61.55800", "2015-01-31": "-59.46600", "2014-10-31": "-59.91200", "2014-07-31": "-69.21500", "2014-04-30": "-59.38900", "2014-01-31": "-55.98200", "2013-10-31": "-47.53400", "2013-07-31": "-35.97800", "2013-04-30": "-33.01500", "2013-01-31": "-30.94400", "2012-10-31": "-41.31000", "2012-07-31": "-26.88100", "2012-04-30": "-20.05500", "2012-01-31": "", "2011-10-31": "-19.73100", "2011-01-31": "", "2010-01-31": ""}, "Other Income": {"2020-10-31": "", "2020-07-31": "", "2020-04-30": "", "2020-01-31": "", "2019-10-31": "", "2019-07-31": "", "2019-04-30": "", "2019-01-31": "", "2018-10-31": "", "2018-07-31": "", "2018-04-30": "", "2018-01-31": "", "2017-10-31": "", "2017-07-31": "", "2017-04-30": "", "2017-01-31": "", "2016-10-31": "", "2016-07-31": "", "2016-04-30": "", "2016-01-31": "", "2015-10-31": "", "2015-07-31": "", "2015-04-30": "", "2015-01-31": "", "2014-10-31": "", "2014-07-31": "", "2014-04-30": "", "2014-01-31": "", "2013-10-31": "", "2013-07-31": "", "2013-04-30": "", "2013-01-31": "", "2012-10-31": "", "2012-07-31": "", "2012-04-30": "", "2012-01-31": "", "2011-10-31": "", "2011-01-31": "", "2010-01-31": ""}, "Income From Continuous Operations": {"2020-10-31": "-24.34000", "2020-07-31": "-28.01600", "2020-04-30": "-158.36800", "2020-01-31": "-127.95800", "2019-10-31": "-115.72900", "2019-07-31": "-120.71200", "2019-04-30": "-116.27500", "2019-01-31": "-104.36100", "2018-10-31": "-153.33100", "2018-07-31": "-86.15600", "2018-04-30": "-74.41000", "2018-01-31": "-89.10000", "2017-10-31": "-85.54600", "2017-07-31": "-82.53200", "2017-04-30": "-64.04400", "2017-01-31": "-81.98600", "2016-10-31": "-114.06600", "2016-07-31": "-108.02500", "2016-04-30": "-80.62200", "2016-01-31": "-66.25800", "2015-10-31": "-77.81100", "2015-07-31": "-69.42100", "2015-04-30": "-61.55800", "2015-01-31": "-59.46600", "2014-10-31": "-59.91200", "2014-07-31": "-69.21500", "2014-04-30": "-59.38900", "2014-01-31": "-55.98200", "2013-10-31": "-47.53400", "2013-07-31": "-35.97800", "2013-04-30": "-33.01500", "2013-01-31": "-30.94400", "2012-10-31": "-41.31000", "2012-07-31": "-26.88100", "2012-04-30": "-20.05500", "2012-01-31": "", "2011-10-31": "-19.73100", "2011-01-31": "", "2010-01-31": ""}, "Income From Discontinued Operations": {"2020-10-31": "", "2020-07-31": "", "2020-04-30": "", "2020-01-31": "", "2019-10-31": "", "2019-07-31": "", "2019-04-30": "", "2019-01-31": "", "2018-10-31": "", "2018-07-31": "", "2018-04-30": "", "2018-01-31": "", "2017-10-31": "", "2017-07-31": "", "2017-04-30": "", "2017-01-31": "", "2016-10-31": "", "2016-07-31": "", "2016-04-30": "", "2016-01-31": "", "2015-10-31": "", "2015-07-31": "", "2015-04-30": "", "2015-01-31": "", "2014-10-31": "", "2014-07-31": "", "2014-04-30": "", "2014-01-31": "", "2013-10-31": "", "2013-07-31": "", "2013-04-30": "", "2013-01-31": "", "2012-10-31": "", "2012-07-31": "", "2012-04-30": "", "2012-01-31": "", "2011-10-31": "", "2011-01-31": "", "2010-01-31": ""}, "Net Income": {"2020-10-31": "-24.34000", "2020-07-31": "-28.01600", "2020-04-30": "-158.36800", "2020-01-31": "-127.95800", "2019-10-31": "-115.72900", "2019-07-31": "-120.71200", "2019-04-30": "-116.27500", "2019-01-31": "-104.36100", "2018-10-31": "-153.33100", "2018-07-31": "-86.15600", "2018-04-30": "-74.41000", "2018-01-31": "-89.10000", "2017-10-31": "-85.54600", "2017-07-31": "-82.53200", "2017-04-30": "-64.04400", "2017-01-31": "-81.98600", "2016-10-31": "-114.06600", "2016-07-31": "-108.02500", "2016-04-30": "-80.62200", "2016-01-31": "-66.25800", "2015-10-31": "-77.81100", "2015-07-31": "-69.42100", "2015-04-30": "-61.55800", "2015-01-31": "-59.46600", "2014-10-31": "-59.91200", "2014-07-31": "-69.21500", "2014-04-30": "-59.38900", "2014-01-31": "-55.98200", "2013-10-31": "-47.53400", "2013-07-31": "-35.97800", "2013-04-30": "-33.01500", "2013-01-31": "-30.94400", "2012-10-31": "-41.47100", "2012-07-31": "-27.08700", "2012-04-30": "-20.25600", "2012-01-31": "", "2011-10-31": "-19.80300", "2011-01-31": "", "2010-01-31": ""}, "EBITDA": {"2020-10-31": "100.61700", "2020-07-31": "98.30110", "2020-04-30": "-32.04300", "2020-01-31": "-31.59300", "2019-10-31": "-1.49000", "2019-07-31": "-18.44000", "2019-04-30": "-29.75400", "2019-01-31": "-29.00880", "2018-10-31": "-94.64600", "2018-07-31": "-12.20510", "2018-04-30": "1.89900", "2018-01-31": "-12.31590", "2017-10-31": "-18.55600", "2017-07-31": "-27.33400", "2017-04-30": "-7.81600", "2017-01-31": "-26.36930", "2016-10-31": "-66.14190", "2016-07-31": "-47.40500", "2016-04-30": "-35.05300", "2016-01-31": "-8.57220", "2015-10-31": "-36.10300", "2015-07-31": "-33.68100", "2015-04-30": "-23.96000", "2015-01-31": "-22.51700", "2014-10-31": "-23.96100", "2014-07-31": "-36.87200", "2014-04-30": "-29.68800", "2014-01-31": "-27.65100", "2013-10-31": "-22.06300", "2013-07-31": "-18.68600", "2013-04-30": "-23.57300", "2013-01-31": "-21.86200", "2012-10-31": "-33.65700", "2012-07-31": "-20.08300", "2012-04-30": "-13.17100", "2012-01-31": "", "2011-10-31": "-19.44200", "2011-01-31": "", "2010-01-31": ""}, "EBIT": {"2020-10-31": "-14.07700", "2020-07-31": "-16.75390", "2020-04-30": "-144.45700", "2020-01-31": "-146.09700", "2019-10-31": "-110.25000", "2019-07-31": "-122.49700", "2019-04-30": "-123.38600", "2019-01-31": "-120.28290", "2018-10-31": "-182.75500", "2018-07-31": "-88.98210", "2018-04-30": "-71.26400", "2018-01-31": "-81.33490", "2017-10-31": "-80.05900", "2017-07-31": "-81.62900", "2017-04-30": "-60.20000", "2017-01-31": "-82.65630", "2016-10-31": "-109.88390", "2016-07-31": "-86.89700", "2016-04-30": "-73.64900", "2016-01-31": "-58.57110", "2015-10-31": "-70.17400", "2015-07-31": "-67.64000", "2015-04-30": "-53.40400", "2015-01-31": "-50.38400", "2014-10-31": "-51.46600", "2014-07-31": "-61.76900", "2014-04-30": "-52.08300", "2014-01-31": "-47.97600", "2013-10-31": "-40.39900", "2013-07-31": "-32.28300", "2013-04-30": "-32.62400", "2013-01-31": "-30.67800", "2012-10-31": "-40.86800", "2012-07-31": "-26.36000", "2012-04-30": "-19.95700", "2012-01-31": "", "2011-10-31": "-19.44200", "2011-01-31": "", "2010-01-31": ""}, "Basic Shares Outstanding": {"2020-10-31": "238.05900", "2020-07-31": "236.00200", "2020-04-30": "232.93900", "2020-01-31": "227.18500", "2019-10-31": "228.46100", "2019-07-31": "226.39200", "2019-04-30": "223.30900", "2019-01-31": "216.78900", "2018-10-31": "217.69400", "2018-07-31": "215.93200", "2018-04-30": "213.05500", "2018-01-31": "207.77400", "2017-10-31": "209.18800", "2017-07-31": "207.02800", "2017-04-30": "203.81800", "2017-01-31": "198.21400", "2016-10-31": "199.47900", "2016-07-31": "197.22300", "2016-04-30": "194.52900", "2016-01-31": "190.01600", "2015-10-31": "190.72700", "2015-07-31": "189.36000", "2015-04-30": "187.39000", "2015-01-31": "183.70200", "2014-10-31": "184.31000", "2014-07-31": "184.31900", "2014-04-30": "183.08400", "2014-01-31": "171.29700", "2013-10-31": "174.38500", "2013-07-31": "173.37500", "2013-04-30": "168.07400", "2013-01-31": "74.01100", "2012-10-31": "61.96000", "2012-07-31": "34.73400", "2012-04-30": "33.01100", "2012-01-31": "", "2011-10-31": "29.77900", "2011-01-31": "", "2010-01-31": ""}, "Shares Outstanding": {"2020-10-31": "238.05900", "2020-07-31": "236.00200", "2020-04-30": "232.93900", "2020-01-31": "227.18500", "2019-10-31": "228.46100", "2019-07-31": "226.39200", "2019-04-30": "223.30900", "2019-01-31": "216.78900", "2018-10-31": "217.69400", "2018-07-31": "215.93200", "2018-04-30": "213.05500", "2018-01-31": "207.77400", "2017-10-31": "209.18800", "2017-07-31": "207.02800", "2017-04-30": "203.81800", "2017-01-31": "198.21400", "2016-10-31": "199.47900", "2016-07-31": "197.22300", "2016-04-30": "194.52900", "2016-01-31": "190.01600", "2015-10-31": "190.72700", "2015-07-31": "189.36000", "2015-04-30": "187.39000", "2015-01-31": "183.70200", "2014-10-31": "184.31000", "2014-07-31": "184.31900", "2014-04-30": "183.08400", "2014-01-31": "171.29700", "2013-10-31": "174.38500", "2013-07-31": "173.37500", "2013-04-30": "168.07400", "2013-01-31": "74.01100", "2012-10-31": "61.96000", "2012-07-31": "34.73400", "2012-04-30": "33.01100", "2012-01-31": "", "2011-10-31": "29.77900", "2011-01-31": "", "2010-01-31": ""}, "Basic EPS": {"2020-10-31": "-0.10000", "2020-07-31": "-0.12000", "2020-04-30": "-0.68000", "2020-01-31": "-0.56000", "2019-10-31": "-0.51000", "2019-07-31": "-0.53000", "2019-04-30": "-0.52000", "2019-01-31": "-0.48000", "2018-10-31": "-0.70000", "2018-07-31": "-0.40000", "2018-04-30": "-0.35000", "2018-01-31": "-0.43000", "2017-10-31": "-0.41000", "2017-07-31": "-0.40000", "2017-04-30": "-0.31000", "2017-01-31": "-0.41000", "2016-10-31": "-0.57000", "2016-07-31": "-0.55000", "2016-04-30": "-0.41000", "2016-01-31": "-0.34000", "2015-10-31": "-0.41000", "2015-07-31": "-0.37000", "2015-04-30": "-0.33000", "2015-01-31": "-0.32000", "2014-10-31": "-0.33000", "2014-07-31": "-0.38000", "2014-04-30": "-0.32000", "2014-01-31": "-0.33000", "2013-10-31": "-0.27000", "2013-07-31": "-0.21000", "2013-04-30": "-0.20000", "2013-01-31": "0.44000", "2012-10-31": "-0.67000", "2012-07-31": "-0.78000", "2012-04-30": "-0.61000", "2012-01-31": "", "2011-10-31": "-0.66000", "2011-01-31": "", "2010-01-31": ""}, "EPS - Earnings Per Share": {"2020-10-31": "-0.10000", "2020-07-31": "-0.12000", "2020-04-30": "-0.68000", "2020-01-31": "-0.56000", "2019-10-31": "-0.51000", "2019-07-31": "-0.53000", "2019-04-30": "-0.52000", "2019-01-31": "-0.48000", "2018-10-31": "-0.70000", "2018-07-31": "-0.40000", "2018-04-30": "-0.35000", "2018-01-31": "-0.43000", "2017-10-31": "-0.41000", "2017-07-31": "-0.40000", "2017-04-30": "-0.31000", "2017-01-31": "-0.41000", "2016-10-31": "-0.57000", "2016-07-31": "-0.55000", "2016-04-30": "-0.41000", "2016-01-31": "-0.34000", "2015-10-31": "-0.41000", "2015-07-31": "-0.37000", "2015-04-30": "-0.33000", "2015-01-31": "-0.32000", "2014-10-31": "-0.33000", "2014-07-31": "-0.38000", "2014-04-30": "-0.32000", "2014-01-31": "-0.33000", "2013-10-31": "-0.27000", "2013-07-31": "-0.21000", "2013-04-30": "-0.20000", "2013-01-31": "0.44000", "2012-10-31": "-0.67000", "2012-07-31": "-0.78000", "2012-04-30": "-0.61000", "2012-01-31": "0.00000", "2011-10-31": "-0.66000", "2011-01-31": "0.00000", "2010-01-31": "0.00000"}}, "balance sheet": {"Cash On Hand": {"2020-01-31": "1944.57300", "2019-01-31": "1778.41800", "2018-01-31": "3267.85000", "2017-01-31": "1996.74500", "2016-01-31": "1969.45900", "2015-01-31": "1857.70900", "2014-01-31": "1886.57900", "2013-01-31": "790.33910", "2012-01-31": "111.16300", "2011-01-31": "", "2010-12-31": "35.38500", "2010-01-31": "", "2009-12-31": "", "2009-01-31": ""}, "Receivables": {"2020-01-31": "877.57800", "2019-01-31": "704.68000", "2018-01-31": "528.20800", "2017-01-31": "409.78000", "2016-01-31": "293.40700", "2015-01-31": "188.35700", "2014-01-31": "92.18400", "2013-01-31": "67.43700", "2012-01-31": "54.46700", "2011-01-31": "", "2010-12-31": "21.36400", "2010-01-31": "21.36400", "2009-12-31": "", "2009-01-31": ""}, "Inventory": {"2020-01-31": "", "2019-01-31": "", "2018-01-31": "", "2017-01-31": "", "2016-01-31": "", "2015-01-31": "", "2014-01-31": "", "2013-01-31": "", "2012-01-31": "", "2011-01-31": "", "2010-12-31": "", "2010-01-31": "", "2009-12-31": "", "2009-01-31": ""}, "Pre-Paid Expenses": {"2020-01-31": "172.01200", "2019-01-31": "136.68900", "2018-01-31": "97.86000", "2017-01-31": "66.59000", "2016-01-31": "77.62500", "2015-01-31": "41.85000", "2014-01-31": "28.44900", "2013-01-31": "16.71000", "2012-01-31": "8.09200", "2011-01-31": "", "2010-12-31": "3.95200", "2010-01-31": "", "2009-12-31": "", "2009-01-31": ""}, "Other Current Assets": {"2020-01-31": "", "2019-01-31": "", "2018-01-31": "", "2017-01-31": "", "2016-01-31": "", "2015-01-31": "", "2014-01-31": "", "2013-01-31": "", "2012-01-31": "", "2011-01-31": "", "2010-12-31": "", "2010-01-31": "", "2009-12-31": "", "2009-01-31": ""}, "Total Current Assets": {"2020-01-31": "3094.62200", "2019-01-31": "2700.59600", "2018-01-31": "3956.97800", "2017-01-31": "2524.44500", "2016-01-31": "2362.30800", "2015-01-31": "2108.38700", "2014-01-31": "2023.65800", "2013-01-31": "884.30200", "2012-01-31": "183.17200", "2011-01-31": "", "2010-12-31": "67.27500", "2010-01-31": "21.36400", "2009-12-31": "", "2009-01-31": ""}, "Property, Plant, And Equipment": {"2020-01-31": "936.17900", "2019-01-31": "796.90700", "2018-01-31": "546.60900", "2017-01-31": "365.87700", "2016-01-31": "214.15800", "2015-01-31": "140.13600", "2014-01-31": "77.66400", "2013-01-31": "44.58500", "2012-01-31": "25.86100", "2011-01-31": "", "2010-12-31": "12.89600", "2010-01-31": "", "2009-12-31": "", "2009-01-31": ""}, "Long-Term Investments": {"2020-01-31": "", "2019-01-31": "", "2018-01-31": "", "2017-01-31": "", "2016-01-31": "", "2015-01-31": "", "2014-01-31": "", "2013-01-31": "", "2012-01-31": "", "2011-01-31": "", "2010-12-31": "", "2010-01-31": "", "2009-12-31": "", "2009-01-31": ""}, "Goodwill And Intangible Assets": {"2020-01-31": "2127.66200", "2019-01-31": "1692.36500", "2018-01-31": "193.61000", "2017-01-31": "207.14100", "2016-01-31": "65.81600", "2015-01-31": "34.77900", "2014-01-31": "8.48800", "2013-01-31": "8.48800", "2012-01-31": "8.57800", "2011-01-31": "0.00000", "2010-12-31": "8.67600", "2010-01-31": "0.00000", "2009-12-31": "", "2009-01-31": ""}, "Other Long-Term Assets": {"2020-01-31": "144.60500", "2019-01-31": "147.36000", "2018-01-31": "109.71800", "2017-01-31": "53.57000", "2016-01-31": "57.73800", "2015-01-31": "45.79000", "2014-01-31": "45.65800", "2013-01-31": "3.13000", "2012-01-31": "1.87100", "2011-01-31": "", "2010-12-31": "0.27600", "2010-01-31": "", "2009-12-31": "", "2009-01-31": ""}, "Total Long-Term Assets": {"2020-01-31": "3721.74300", "2019-01-31": "2820.15000", "2018-01-31": "990.44600", "2017-01-31": "743.83700", "2016-01-31": "367.78600", "2015-01-31": "241.70300", "2014-01-31": "152.60700", "2013-01-31": "74.77800", "2012-01-31": "49.46600", "2011-01-31": "", "2010-12-31": "33.33000", "2010-01-31": "", "2009-12-31": "", "2009-01-31": ""}, "Total Assets": {"2020-01-31": "6816.36500", "2019-01-31": "5520.74600", "2018-01-31": "4947.42400", "2017-01-31": "3268.28200", "2016-01-31": "2730.09400", "2015-01-31": "2350.09000", "2014-01-31": "2176.26500", "2013-01-31": "959.08000", "2012-01-31": "232.63800", "2011-01-31": "0.00000", "2010-12-31": "100.60500", "2010-01-31": "21.36400", "2009-12-31": "0.00000", "2009-01-31": "0.00000"}, "Total Current Liabilities": {"2020-01-31": "2969.40400", "2019-01-31": "2430.69100", "2018-01-31": "2058.87400", "2017-01-31": "1285.24300", "2016-01-31": "922.67900", "2015-01-31": "641.26500", "2014-01-31": "421.89000", "2013-01-31": "254.77400", "2012-01-31": "145.23800", "2011-01-31": "", "2010-12-31": "71.34000", "2010-01-31": "", "2009-12-31": "", "2009-01-31": ""}, "Long Term Debt": {"2020-01-31": "1017.96700", "2019-01-31": "972.26400", "2018-01-31": "1149.84500", "2017-01-31": "534.42300", "2016-01-31": "507.47600", "2015-01-31": "481.95800", "2014-01-31": "472.00100", "2013-01-31": "12.97200", "2012-01-31": "8.64100", "2011-01-31": "", "2010-12-31": "2.49500", "2010-01-31": "", "2009-12-31": "", "2009-01-31": ""}, "Other Non-Current Liabilities": {"2020-01-31": "14.99300", "2019-01-31": "47.69700", "2018-01-31": "47.43400", "2017-01-31": "36.67700", "2016-01-31": "32.79400", "2015-01-31": "15.29900", "2014-01-31": "14.27400", "2013-01-31": "13.13100", "2012-01-31": "10.05100", "2011-01-31": "", "2010-12-31": "6.99100", "2010-01-31": "", "2009-12-31": "", "2009-01-31": ""}, "Total Long Term Liabilities": {"2020-01-31": "1360.41000", "2019-01-31": "1131.61300", "2018-01-31": "1308.18500", "2017-01-31": "706.43100", "2016-01-31": "671.25800", "2015-01-31": "582.85000", "2014-01-31": "567.15800", "2013-01-31": "112.02300", "2012-01-31": "92.05500", "2011-01-31": "", "2010-12-31": "51.34900", "2010-01-31": "", "2009-12-31": "", "2009-01-31": ""}, "Total Liabilities": {"2020-01-31": "4329.81400", "2019-01-31": "3562.30400", "2018-01-31": "3367.05900", "2017-01-31": "1991.67400", "2016-01-31": "1593.93700", "2015-01-31": "1224.11500", "2014-01-31": "989.04800", "2013-01-31": "366.79700", "2012-01-31": "237.29300", "2011-01-31": "0.00000", "2010-12-31": "122.68900", "2010-01-31": "", "2009-12-31": "", "2009-01-31": ""}, "Common Stock Net": {"2020-01-31": "0.23100", "2019-01-31": "0.22100", "2018-01-31": "0.21100", "2017-01-31": "0.20200", "2016-01-31": "0.19300", "2015-01-31": "0.18600", "2014-01-31": "0.18100", "2013-01-31": "0.16200", "2012-01-31": "0.03300", "2011-01-31": "0.00000", "2010-12-31": "0.02600", "2010-01-31": "", "2009-12-31": "", "2009-01-31": ""}, "Retained Earnings (Accumulated Deficit)": {"2020-01-31": "-2627.35900", "2019-01-31": "-2146.30400", "2018-01-31": "-1727.85600", "2017-01-31": "-1406.86500", "2016-01-31": "-1112.28900", "2015-01-31": "-822.37100", "2014-01-31": "-574.38900", "2013-01-31": "-401.88000", "2012-01-31": "-282.12200", "2011-01-31": "", "2010-12-31": "-196.70100", "2010-01-31": "", "2009-12-31": "", "2009-01-31": ""}, "Comprehensive Income": {"2020-01-31": "23.49200", "2019-01-31": "-0.80900", "2018-01-31": "-46.41300", "2017-01-31": "2.07100", "2016-01-31": "0.79900", "2015-01-31": "-0.14000", "2014-01-31": "0.26900", "2013-01-31": "0.06800", "2012-01-31": "0.00300", "2011-01-31": "", "2010-12-31": "0.00300", "2010-01-31": "", "2009-12-31": "", "2009-01-31": ""}, "Other Share Holders Equity": {"2020-01-31": "", "2019-01-31": "", "2018-01-31": "", "2017-01-31": "", "2016-01-31": "", "2015-01-31": "", "2014-01-31": "", "2013-01-31": "", "2012-01-31": "", "2011-01-31": "0.00000", "2010-12-31": "", "2010-01-31": "0.00000", "2009-12-31": "", "2009-01-31": ""}, "Share Holder Equity": {"2020-01-31": "2486.55100", "2019-01-31": "1958.44200", "2018-01-31": "1580.36500", "2017-01-31": "1276.60800", "2016-01-31": "1136.15700", "2015-01-31": "1125.97500", "2014-01-31": "1187.21700", "2013-01-31": "592.28300", "2012-01-31": "-4.65500", "2011-01-31": "0.00000", "2010-12-31": "-22.08400", "2010-01-31": "75.62300", "2009-12-31": "", "2009-01-31": ""}, "Total Liabilities And Share Holders Equity": {"2020-01-31": "6816.36500", "2019-01-31": "5520.74600", "2018-01-31": "4947.42400", "2017-01-31": "3268.28200", "2016-01-31": "2730.09400", "2015-01-31": "2350.09000", "2014-01-31": "2176.26500", "2013-01-31": "959.08000", "2012-01-31": "232.63800", "2011-01-31": "0.00000", "2010-12-31": "100.60500", "2010-01-31": "75.62300", "2009-12-31": "", "2009-01-31": ""}}, "balance sheet, quarterly": {"Cash On Hand": {"2020-10-31": "2947.81000", "2020-07-31": "2753.53800", "2020-04-30": "2599.00600", "2020-01-31": "1944.57300", "2019-10-31": "2104.59600", "2019-07-31": "1926.52000", "2019-04-30": "1891.91300", "2019-01-31": "1778.41800", "2018-10-31": "1582.13900", "2018-07-31": "2985.09500", "2018-04-30": "3365.66800", "2018-01-31": "3267.85000", "2017-10-31": "3211.12300", "2017-07-31": "2097.79000", "2017-04-30": "2115.70100", "2017-01-31": "1996.74500", "2016-10-31": "1913.79500", "2016-07-31": "2067.91000", "2016-04-30": "2080.09000", "2016-01-31": "1969.45900", "2015-10-31": "1896.34700", "2015-07-31": "1906.92900", "2015-04-30": "1921.53500", "2015-01-31": "1857.70900", "2014-10-31": "1834.65900", "2014-07-31": "1822.38200", "2014-04-30": "1865.95100", "2014-01-31": "1886.57900", "2013-10-31": "1282.69500", "2013-07-31": "1294.60100", "2013-04-30": "805.76700", "2013-01-31": "790.33910", "2012-10-31": "797.37700", "2012-07-31": "", "2012-04-30": "", "2012-01-31": "", "2011-10-31": "", "2011-01-31": "", "2010-01-31": ""}, "Receivables": {"2020-10-31": "742.74400", "2020-07-31": "694.28900", "2020-04-30": "584.21900", "2020-01-31": "877.57800", "2019-10-31": "615.50800", "2019-07-31": "613.42500", "2019-04-30": "542.84300", "2019-01-31": "704.68000", "2018-10-31": "486.04400", "2018-07-31": "457.49600", "2018-04-30": "354.20900", "2018-01-31": "528.20800", "2017-10-31": "349.30900", "2017-07-31": "370.55700", "2017-04-30": "297.89400", "2017-01-31": "409.78000", "2016-10-31": "268.94500", "2016-07-31": "248.65800", "2016-04-30": "193.10000", "2016-01-31": "293.40700", "2015-10-31": "170.85100", "2015-07-31": "156.28200", "2015-04-30": "128.49300", "2015-01-31": "188.35700", "2014-10-31": "118.94300", "2014-07-31": "100.53400", "2014-04-30": "99.13600", "2014-01-31": "92.18400", "2013-10-31": "86.96100", "2013-07-31": "66.97200", "2013-04-30": "60.34500", "2013-01-31": "67.43700", "2012-10-31": "61.09900", "2012-07-31": "", "2012-04-30": "", "2012-01-31": "", "2011-10-31": "", "2011-01-31": "", "2010-01-31": ""}, "Inventory": {"2020-10-31": "", "2020-07-31": "", "2020-04-30": "", "2020-01-31": "", "2019-10-31": "", "2019-07-31": "", "2019-04-30": "", "2019-01-31": "", "2018-10-31": "", "2018-07-31": "", "2018-04-30": "", "2018-01-31": "", "2017-10-31": "", "2017-07-31": "", "2017-04-30": "", "2017-01-31": "", "2016-10-31": "", "2016-07-31": "", "2016-04-30": "", "2016-01-31": "", "2015-10-31": "", "2015-07-31": "", "2015-04-30": "", "2015-01-31": "", "2014-10-31": "", "2014-07-31": "", "2014-04-30": "", "2014-01-31": "", "2013-10-31": "", "2013-07-31": "", "2013-04-30": "", "2013-01-31": "", "2012-10-31": "", "2012-07-31": "", "2012-04-30": "", "2012-01-31": "", "2011-10-31": "", "2011-01-31": "", "2010-01-31": ""}, "Pre-Paid Expenses": {"2020-10-31": "157.66400", "2020-07-31": "161.00400", "2020-04-30": "166.64100", "2020-01-31": "172.01200", "2019-10-31": "145.46200", "2019-07-31": "163.53000", "2019-04-30": "148.06200", "2019-01-31": "136.68900", "2018-10-31": "132.48800", "2018-07-31": "105.17300", "2018-04-30": "97.36500", "2018-01-31": "97.86000", "2017-10-31": "77.03600", "2017-07-31": "63.86200", "2017-04-30": "68.40600", "2017-01-31": "66.59000", "2016-10-31": "88.78800", "2016-07-31": "90.85800", "2016-04-30": "77.40700", "2016-01-31": "77.62500", "2015-10-31": "70.37800", "2015-07-31": "58.41200", "2015-04-30": "50.60100", "2015-01-31": "41.85000", "2014-10-31": "37.12000", "2014-07-31": "37.83000", "2014-04-30": "32.09600", "2014-01-31": "28.44900", "2013-10-31": "21.59400", "2013-07-31": "22.43700", "2013-04-30": "17.51900", "2013-01-31": "16.71000", "2012-10-31": "14.54200", "2012-07-31": "", "2012-04-30": "", "2012-01-31": "", "2011-10-31": "", "2011-01-31": "", "2010-01-31": ""}, "Other Current Assets": {"2020-10-31": "", "2020-07-31": "", "2020-04-30": "", "2020-01-31": "", "2019-10-31": "", "2019-07-31": "", "2019-04-30": "", "2019-01-31": "", "2018-10-31": "", "2018-07-31": "", "2018-04-30": "", "2018-01-31": "", "2017-10-31": "", "2017-07-31": "", "2017-04-30": "", "2017-01-31": "", "2016-10-31": "", "2016-07-31": "", "2016-04-30": "", "2016-01-31": "", "2015-10-31": "", "2015-07-31": "", "2015-04-30": "", "2015-01-31": "", "2014-10-31": "", "2014-07-31": "", "2014-04-30": "", "2014-01-31": "", "2013-10-31": "", "2013-07-31": "", "2013-04-30": "", "2013-01-31": "", "2012-10-31": "", "2012-07-31": "", "2012-04-30": "", "2012-01-31": "", "2011-10-31": "", "2011-01-31": "", "2010-01-31": ""}, "Total Current Assets": {"2020-10-31": "3958.24200", "2020-07-31": "3714.18100", "2020-04-30": "3450.36700", "2020-01-31": "3094.62200", "2019-10-31": "2955.42000", "2019-07-31": "2789.03200", "2019-04-30": "2665.13400", "2019-01-31": "2700.59600", "2018-10-31": "2271.27900", "2018-07-31": "3614.03800", "2018-04-30": "3880.80900", "2018-01-31": "3956.97800", "2017-10-31": "3693.77200", "2017-07-31": "2586.22400", "2017-04-30": "2533.82000", "2017-01-31": "2524.44500", "2016-10-31": "2294.59500", "2016-07-31": "2430.09000", "2016-04-30": "2372.13100", "2016-01-31": "2362.30800", "2015-10-31": "2157.07500", "2015-07-31": "2140.52800", "2015-04-30": "2120.99300", "2015-01-31": "2108.38700", "2014-10-31": "2009.74600", "2014-07-31": "1980.81000", "2014-04-30": "2013.89300", "2014-01-31": "2023.65800", "2013-10-31": "1405.60200", "2013-07-31": "1395.39500", "2013-04-30": "893.68400", "2013-01-31": "884.30200", "2012-10-31": "881.65400", "2012-07-31": "", "2012-04-30": "", "2012-01-31": "", "2011-10-31": "", "2011-01-31": "", "2010-01-31": ""}, "Property, Plant, And Equipment": {"2020-10-31": "976.61000", "2020-07-31": "957.43400", "2020-04-30": "937.00800", "2020-01-31": "936.17900", "2019-10-31": "929.66700", "2019-07-31": "919.52300", "2019-04-30": "885.78900", "2019-01-31": "796.90700", "2018-10-31": "735.44300", "2018-07-31": "678.52500", "2018-04-30": "611.29300", "2018-01-31": "546.60900", "2017-10-31": "487.23400", "2017-07-31": "438.75400", "2017-04-30": "404.10200", "2017-01-31": "365.87700", "2016-10-31": "334.26500", "2016-07-31": "255.11800", "2016-04-30": "254.69700", "2016-01-31": "214.15800", "2015-10-31": "195.00400", "2015-07-31": "172.70100", "2015-04-30": "154.53700", "2015-01-31": "140.13600", "2014-10-31": "116.64000", "2014-07-31": "105.85500", "2014-04-30": "89.12500", "2014-01-31": "77.66400", "2013-10-31": "73.96000", "2013-07-31": "64.09700", "2013-04-30": "54.19700", "2013-01-31": "44.58500", "2012-10-31": "39.76000", "2012-07-31": "", "2012-04-30": "", "2012-01-31": "", "2011-10-31": "", "2011-01-31": "", "2010-01-31": ""}, "Long-Term Investments": {"2020-10-31": "", "2020-07-31": "", "2020-04-30": "", "2020-01-31": "", "2019-10-31": "", "2019-07-31": "", "2019-04-30": "", "2019-01-31": "", "2018-10-31": "", "2018-07-31": "", "2018-04-30": "", "2018-01-31": "", "2017-10-31": "", "2017-07-31": "", "2017-04-30": "", "2017-01-31": "", "2016-10-31": "", "2016-07-31": "", "2016-04-30": "", "2016-01-31": "", "2015-10-31": "", "2015-07-31": "", "2015-04-30": "", "2015-01-31": "", "2014-10-31": "", "2014-07-31": "", "2014-04-30": "", "2014-01-31": "", "2013-10-31": "", "2013-07-31": "", "2013-04-30": "", "2013-01-31": "", "2012-10-31": "", "2012-07-31": "", "2012-04-30": "", "2012-01-31": "", "2011-10-31": "", "2011-01-31": "", "2010-01-31": ""}, "Goodwill And Intangible Assets": {"2020-10-31": "2082.22800", "2020-07-31": "2096.10800", "2020-04-30": "2111.85300", "2020-01-31": "2127.66200", "2019-10-31": "1651.36700", "2019-07-31": "1667.30200", "2019-04-30": "1673.02200", "2019-01-31": "1692.36500", "2018-10-31": "1710.19800", "2018-07-31": "211.00000", "2018-04-30": "188.54400", "2018-01-31": "193.61000", "2017-10-31": "192.72300", "2017-07-31": "197.65000", "2017-04-30": "202.10800", "2017-01-31": "207.14100", "2016-10-31": "212.08700", "2016-07-31": "68.62300", "2016-04-30": "64.88700", "2016-01-31": "65.81600", "2015-10-31": "70.35300", "2015-07-31": "42.95300", "2015-04-30": "34.47900", "2015-01-31": "34.77900", "2014-10-31": "35.07900", "2014-07-31": "35.37900", "2014-04-30": "35.67900", "2014-01-31": "8.48800", "2013-10-31": "8.48800", "2013-07-31": "8.48800", "2013-04-30": "8.48800", "2013-01-31": "8.48800", "2012-10-31": "8.50900", "2012-07-31": "0.00000", "2012-04-30": "0.00000", "2012-01-31": "", "2011-10-31": "0.00000", "2011-01-31": "0.00000", "2010-01-31": "0.00000"}, "Other Long-Term Assets": {"2020-10-31": "179.98700", "2020-07-31": "185.07700", "2020-04-30": "203.65500", "2020-01-31": "144.60500", "2019-10-31": "141.00600", "2019-07-31": "138.89500", "2019-04-30": "140.46800", "2019-01-31": "147.36000", "2018-10-31": "132.22900", "2018-07-31": "121.07400", "2018-04-30": "110.93800", "2018-01-31": "109.71800", "2017-10-31": "70.81400", "2017-07-31": "66.76300", "2017-04-30": "54.20700", "2017-01-31": "53.57000", "2016-10-31": "48.07100", "2016-07-31": "43.48500", "2016-04-30": "55.16600", "2016-01-31": "57.73800", "2015-10-31": "65.17300", "2015-07-31": "66.91500", "2015-04-30": "52.57100", "2015-01-31": "45.79000", "2014-10-31": "52.51100", "2014-07-31": "54.15200", "2014-04-30": "47.94900", "2014-01-31": "45.65800", "2013-10-31": "22.09600", "2013-07-31": "19.12200", "2013-04-30": "5.79400", "2013-01-31": "3.13000", "2012-10-31": "3.16500", "2012-07-31": "", "2012-04-30": "", "2012-01-31": "", "2011-10-31": "", "2011-01-31": "", "2010-01-31": ""}, "Total Long-Term Assets": {"2020-10-31": "3886.78500", "2020-07-31": "3787.27000", "2020-04-30": "3777.13600", "2020-01-31": "3721.74300", "2019-10-31": "3200.22500", "2019-07-31": "3203.12400", "2019-04-30": "3159.04000", "2019-01-31": "2820.15000", "2018-10-31": "2729.02000", "2018-07-31": "1151.02200", "2018-04-30": "1047.02300", "2018-01-31": "990.44600", "2017-10-31": "870.94400", "2017-07-31": "820.90300", "2017-04-30": "774.92100", "2017-01-31": "743.83700", "2016-10-31": "627.97410", "2016-07-31": "399.71400", "2016-04-30": "404.02200", "2016-01-31": "367.78600", "2015-10-31": "354.07800", "2015-07-31": "303.35600", "2015-04-30": "261.56800", "2015-01-31": "241.70300", "2014-10-31": "222.57200", "2014-07-31": "214.08800", "2014-04-30": "192.79700", "2014-01-31": "152.60700", "2013-10-31": "122.58300", "2013-07-31": "110.57800", "2013-04-30": "87.57100", "2013-01-31": "74.77800", "2012-10-31": "68.49400", "2012-07-31": "", "2012-04-30": "", "2012-01-31": "", "2011-10-31": "", "2011-01-31": "", "2010-01-31": ""}, "Total Assets": {"2020-10-31": "7845.02700", "2020-07-31": "7501.45100", "2020-04-30": "7227.50300", "2020-01-31": "6816.36500", "2019-10-31": "6155.64500", "2019-07-31": "5992.15600", "2019-04-30": "5824.17400", "2019-01-31": "5520.74600", "2018-10-31": "5000.29900", "2018-07-31": "4765.06000", "2018-04-30": "4927.83200", "2018-01-31": "4947.42400", "2017-10-31": "4564.71600", "2017-07-31": "3407.12700", "2017-04-30": "3308.74100", "2017-01-31": "3268.28200", "2016-10-31": "2922.56900", "2016-07-31": "2829.80400", "2016-04-30": "2776.15300", "2016-01-31": "2730.09400", "2015-10-31": "2511.15300", "2015-07-31": "2443.88400", "2015-04-30": "2382.56100", "2015-01-31": "2350.09000", "2014-10-31": "2232.31800", "2014-07-31": "2194.89800", "2014-04-30": "2206.69000", "2014-01-31": "2176.26500", "2013-10-31": "1528.18500", "2013-07-31": "1505.97300", "2013-04-30": "981.25500", "2013-01-31": "959.08000", "2012-10-31": "950.14800", "2012-07-31": "0.00000", "2012-04-30": "0.00000", "2012-01-31": "0.00000", "2011-10-31": "0.00000", "2011-01-31": "0.00000", "2010-01-31": "0.00000"}, "Total Current Liabilities": {"2020-10-31": "3625.20500", "2020-07-31": "2553.11500", "2020-04-30": "2770.96300", "2020-01-31": "2969.40400", "2019-10-31": "2491.38900", "2019-07-31": "3434.26400", "2019-04-30": "2443.07900", "2019-01-31": "2430.69100", "2018-10-31": "2055.88500", "2018-07-31": "1913.94700", "2018-04-30": "2196.65400", "2018-01-31": "2058.87400", "2017-10-31": "1749.54600", "2017-07-31": "1676.57400", "2017-04-30": "1289.44400", "2017-01-31": "1285.24300", "2016-10-31": "1098.09600", "2016-07-31": "1007.55300", "2016-04-30": "970.25200", "2016-01-31": "922.67900", "2015-10-31": "751.68100", "2015-07-31": "706.27100", "2015-04-30": "666.55400", "2015-01-31": "641.26500", "2014-10-31": "537.63300", "2014-07-31": "489.46500", "2014-04-30": "487.32000", "2014-01-31": "421.89000", "2013-10-31": "361.70200", "2013-07-31": "310.72100", "2013-04-30": "309.13200", "2013-01-31": "254.77400", "2012-10-31": "214.89400", "2012-07-31": "", "2012-04-30": "", "2012-01-31": "", "2011-10-31": "", "2011-01-31": "", "2010-01-31": ""}, "Long Term Debt": {"2020-10-31": "701.17800", "2020-07-31": "1752.00400", "2020-04-30": "1508.78400", "2020-01-31": "1017.96700", "2019-10-31": "1006.35800", "2019-07-31": "", "2019-04-30": "983.50700", "2019-01-31": "972.26400", "2018-10-31": "961.13900", "2018-07-31": "950.13200", "2018-04-30": "939.24200", "2018-01-31": "1149.84500", "2017-10-31": "1136.49400", "2017-07-31": "216.03800", "2017-04-30": "541.39300", "2017-01-31": "534.42300", "2016-10-31": "527.54700", "2016-07-31": "520.76500", "2016-04-30": "514.07500", "2016-01-31": "507.47600", "2015-10-31": "507.94700", "2015-07-31": "502.04500", "2015-04-30": "496.23000", "2015-01-31": "481.95800", "2014-10-31": "484.85500", "2014-07-31": "479.96400", "2014-04-30": "475.59200", "2014-01-31": "472.00100", "2013-10-31": "468.63800", "2013-07-31": "465.53600", "2013-04-30": "10.16300", "2013-01-31": "12.97200", "2012-10-31": "17.43000", "2012-07-31": "", "2012-04-30": "", "2012-01-31": "", "2011-10-31": "", "2011-01-31": "", "2010-01-31": ""}, "Other Non-Current Liabilities": {"2020-10-31": "18.81600", "2020-07-31": "21.78200", "2020-04-30": "13.25000", "2020-01-31": "14.99300", "2019-10-31": "15.77300", "2019-07-31": "14.52500", "2019-04-30": "11.09500", "2019-01-31": "47.69700", "2018-10-31": "40.43200", "2018-07-31": "36.38100", "2018-04-30": "39.36600", "2018-01-31": "47.43400", "2017-10-31": "38.26700", "2017-07-31": "39.94000", "2017-04-30": "36.65800", "2017-01-31": "36.67700", "2016-10-31": "36.28800", "2016-07-31": "36.37100", "2016-04-30": "35.70000", "2016-01-31": "32.79400", "2015-10-31": "32.79200", "2015-07-31": "22.31200", "2015-04-30": "22.53900", "2015-01-31": "15.29900", "2014-10-31": "13.80700", "2014-07-31": "14.18100", "2014-04-30": "14.45300", "2014-01-31": "14.27400", "2013-10-31": "11.96400", "2013-07-31": "12.67700", "2013-04-30": "13.60000", "2013-01-31": "13.13100", "2012-10-31": "14.57800", "2012-07-31": "", "2012-04-30": "", "2012-01-31": "", "2011-10-31": "", "2011-01-31": "", "2010-01-31": ""}, "Total Long Term Liabilities": {"2020-10-31": "1141.76800", "2020-07-31": "2109.85800", "2020-04-30": "1854.53600", "2020-01-31": "1360.41000", "2019-10-31": "1345.07700", "2019-07-31": "347.60700", "2019-04-30": "1336.34700", "2019-01-31": "1131.61300", "2018-10-31": "1111.26500", "2018-07-31": "1075.88900", "2018-04-30": "1073.87800", "2018-01-31": "1308.18500", "2017-10-31": "1274.89600", "2017-07-31": "360.15600", "2017-04-30": "698.44000", "2017-01-31": "706.43100", "2016-10-31": "687.01400", "2016-07-31": "681.40500", "2016-04-30": "677.74510", "2016-01-31": "671.25800", "2015-10-31": "633.94500", "2015-07-31": "605.63800", "2015-04-30": "599.98000", "2015-01-31": "582.85000", "2014-10-31": "565.46900", "2014-07-31": "566.59200", "2014-04-30": "563.93400", "2014-01-31": "567.15800", "2013-10-31": "553.08100", "2013-07-31": "556.51100", "2013-04-30": "100.33800", "2013-01-31": "112.02300", "2012-10-31": "119.75000", "2012-07-31": "", "2012-04-30": "", "2012-01-31": "", "2011-10-31": "", "2011-01-31": "", "2010-01-31": ""}, "Total Liabilities": {"2020-10-31": "4766.97300", "2020-07-31": "4662.97300", "2020-04-30": "4625.49900", "2020-01-31": "4329.81400", "2019-10-31": "3836.46600", "2019-07-31": "3781.87100", "2019-04-30": "3779.42600", "2019-01-31": "3562.30400", "2018-10-31": "3167.15000", "2018-07-31": "2989.83600", "2018-04-30": "3270.53200", "2018-01-31": "3367.05900", "2017-10-31": "3024.44200", "2017-07-31": "2036.73000", "2017-04-30": "1987.88400", "2017-01-31": "1991.67400", "2016-10-31": "1785.11000", "2016-07-31": "1688.95800", "2016-04-30": "1647.99700", "2016-01-31": "1593.93700", "2015-10-31": "1385.62600", "2015-07-31": "1311.90900", "2015-04-30": "1266.53400", "2015-01-31": "1224.11500", "2014-10-31": "1103.10200", "2014-07-31": "1056.05700", "2014-04-30": "1051.25400", "2014-01-31": "989.04800", "2013-10-31": "914.78300", "2013-07-31": "867.23200", "2013-04-30": "409.47000", "2013-01-31": "366.79700", "2012-10-31": "334.64700", "2012-07-31": "0.00000", "2012-04-30": "0.00000", "2012-01-31": "", "2011-10-31": "0.00000", "2011-01-31": "0.00000", "2010-01-31": "0.00000"}, "Common Stock Net": {"2020-10-31": "0.24000", "2020-07-31": "0.23800", "2020-04-30": "0.23500", "2020-01-31": "0.23100", "2019-10-31": "0.22900", "2019-07-31": "0.22700", "2019-04-30": "0.22500", "2019-01-31": "0.22100", "2018-10-31": "0.22000", "2018-07-31": "0.21800", "2018-04-30": "0.21500", "2018-01-31": "0.21100", "2017-10-31": "0.21000", "2017-07-31": "0.20800", "2017-04-30": "0.20500", "2017-01-31": "0.20200", "2016-10-31": "0.20000", "2016-07-31": "0.19800", "2016-04-30": "0.19500", "2016-01-31": "0.19300", "2015-10-31": "0.19100", "2015-07-31": "0.19000", "2015-04-30": "0.18800", "2015-01-31": "0.18600", "2014-10-31": "0.18500", "2014-07-31": "0.18300", "2014-04-30": "0.18200", "2014-01-31": "0.18100", "2013-10-31": "0.17200", "2013-07-31": "0.17100", "2013-04-30": "0.16900", "2013-01-31": "0.16200", "2012-10-31": "0.16000", "2012-07-31": "0.00000", "2012-04-30": "0.00000", "2012-01-31": "", "2011-10-31": "0.00000", "2011-01-31": "0.00000", "2010-01-31": "0.00000"}, "Retained Earnings (Accumulated Deficit)": {"2020-10-31": "-2838.28300", "2020-07-31": "-2813.94300", "2020-04-30": "-2785.92700", "2020-01-31": "-2627.35900", "2019-10-31": "-2499.40100", "2019-07-31": "-2383.67200", "2019-04-30": "-2262.96000", "2019-01-31": "-2146.30400", "2018-10-31": "-2041.82300", "2018-07-31": "-1887.99500", "2018-04-30": "-1801.83900", "2018-01-31": "-1727.85600", "2017-10-31": "-1638.75600", "2017-07-31": "-1553.21000", "2017-04-30": "-1470.67800", "2017-01-31": "-1406.86500", "2016-10-31": "-1415.00200", "2016-07-31": "-1300.93600", "2016-04-30": "-1192.91100", "2016-01-31": "-1112.28900", "2015-10-31": "-1031.16100", "2015-07-31": "-953.35000", "2015-04-30": "-883.92900", "2015-01-31": "-822.37100", "2014-10-31": "-762.90500", "2014-07-31": "-702.99300", "2014-04-30": "-633.77800", "2014-01-31": "-574.38900", "2013-10-31": "-518.40700", "2013-07-31": "-470.87300", "2013-04-30": "-434.89500", "2013-01-31": "-401.88000", "2012-10-31": "-370.93600", "2012-07-31": "", "2012-04-30": "", "2012-01-31": "", "2011-10-31": "", "2011-01-31": "", "2010-01-31": ""}, "Comprehensive Income": {"2020-10-31": "1.11000", "2020-07-31": "0.64600", "2020-04-30": "57.52600", "2020-01-31": "23.49200", "2019-10-31": "24.61900", "2019-07-31": "32.45800", "2019-04-30": "13.11300", "2019-01-31": "-0.80900", "2018-10-31": "3.76800", "2018-07-31": "-12.43100", "2018-04-30": "-30.76600", "2018-01-31": "-46.41300", "2017-10-31": "-16.31000", "2017-07-31": "-22.19700", "2017-04-30": "-0.19000", "2017-01-31": "2.07100", "2016-10-31": "2.62200", "2016-07-31": "-2.58800", "2016-04-30": "-9.03200", "2016-01-31": "0.79900", "2015-10-31": "-0.05400", "2015-07-31": "0.32000", "2015-04-30": "-0.27900", "2015-01-31": "-0.14000", "2014-10-31": "0.06400", "2014-07-31": "-0.03700", "2014-04-30": "0.48100", "2014-01-31": "0.26900", "2013-10-31": "0.18400", "2013-07-31": "0.11100", "2013-04-30": "0.06500", "2013-01-31": "0.06800", "2012-10-31": "0.03200", "2012-07-31": "", "2012-04-30": "", "2012-01-31": "", "2011-10-31": "", "2011-01-31": "", "2010-01-31": ""}, "Other Share Holders Equity": {"2020-10-31": "", "2020-07-31": "", "2020-04-30": "", "2020-01-31": "", "2019-10-31": "", "2019-07-31": "", "2019-04-30": "", "2019-01-31": "", "2018-10-31": "", "2018-07-31": "", "2018-04-30": "", "2018-01-31": "", "2017-10-31": "", "2017-07-31": "", "2017-04-30": "", "2017-01-31": "", "2016-10-31": "", "2016-07-31": "", "2016-04-30": "", "2016-01-31": "", "2015-10-31": "", "2015-07-31": "", "2015-04-30": "", "2015-01-31": "", "2014-10-31": "", "2014-07-31": "", "2014-04-30": "", "2014-01-31": "", "2013-10-31": "", "2013-07-31": "", "2013-04-30": "", "2013-01-31": "", "2012-10-31": "", "2012-07-31": "0.00000", "2012-04-30": "0.00000", "2012-01-31": "", "2011-10-31": "0.00000", "2011-01-31": "0.00000", "2010-01-31": "0.00000"}, "Share Holder Equity": {"2020-10-31": "3078.05400", "2020-07-31": "2838.47800", "2020-04-30": "2602.00400", "2020-01-31": "2486.55100", "2019-10-31": "2319.17900", "2019-07-31": "2210.28500", "2019-04-30": "2044.74800", "2019-01-31": "1958.44200", "2018-10-31": "1833.14900", "2018-07-31": "1775.22400", "2018-04-30": "1657.30000", "2018-01-31": "1580.36500", "2017-10-31": "1540.27400", "2017-07-31": "1370.39700", "2017-04-30": "1320.85700", "2017-01-31": "1276.60800", "2016-10-31": "1137.45900", "2016-07-31": "1140.84600", "2016-04-30": "1128.15600", "2016-01-31": "1136.15700", "2015-10-31": "1125.52700", "2015-07-31": "1131.97500", "2015-04-30": "1116.02700", "2015-01-31": "1125.97500", "2014-10-31": "1129.21600", "2014-07-31": "1138.84100", "2014-04-30": "1155.43600", "2014-01-31": "1187.21700", "2013-10-31": "613.40200", "2013-07-31": "638.74100", "2013-04-30": "571.78500", "2013-01-31": "592.28300", "2012-10-31": "615.50100", "2012-07-31": "0.00000", "2012-04-30": "0.00000", "2012-01-31": "", "2011-10-31": "0.00000", "2011-01-31": "0.00000", "2010-01-31": "0.00000"}, "Total Liabilities And Share Holders Equity": {"2020-10-31": "7845.02700", "2020-07-31": "7501.45100", "2020-04-30": "7227.50300", "2020-01-31": "6816.36500", "2019-10-31": "6155.64500", "2019-07-31": "5992.15600", "2019-04-30": "5824.17400", "2019-01-31": "5520.74600", "2018-10-31": "5000.29900", "2018-07-31": "4765.06000", "2018-04-30": "4927.83200", "2018-01-31": "4947.42400", "2017-10-31": "4564.71600", "2017-07-31": "3407.12700", "2017-04-30": "3308.74100", "2017-01-31": "3268.28200", "2016-10-31": "2922.56900", "2016-07-31": "2829.80400", "2016-04-30": "2776.15300", "2016-01-31": "2730.09400", "2015-10-31": "2511.15300", "2015-07-31": "2443.88400", "2015-04-30": "2382.56100", "2015-01-31": "2350.09000", "2014-10-31": "2232.31800", "2014-07-31": "2194.89800", "2014-04-30": "2206.69000", "2014-01-31": "2176.26500", "2013-10-31": "1528.18500", "2013-07-31": "1505.97300", "2013-04-30": "981.25500", "2013-01-31": "959.08000", "2012-10-31": "950.14800", "2012-07-31": "0.00000", "2012-04-30": "0.00000", "2012-01-31": "", "2011-10-31": "0.00000", "2011-01-31": "0.00000", "2010-01-31": "0.00000"}}, "cash flow statement": {"Net Income/Loss": {"2020-01-31": "-480.67400", "2019-01-31": "-418.25800", "2018-01-31": "-321.22200", "2017-01-31": "-384.69900", "2016-01-31": "-275.04800", "2015-01-31": "-247.98200", "2014-01-31": "-172.50900", "2013-01-31": "-119.19000", "2012-01-31": "-79.62900", "2011-01-31": "-5.45000", "2010-12-31": "-56.21500", "2010-01-31": "0.00000", "2009-12-31": "-49.94200", "2009-01-31": "0.00000"}, "Total Depreciation And Amortization - Cash Flow": {"2020-01-31": "420.95300", "2019-01-31": "329.32300", "2018-01-31": "237.20100", "2017-01-31": "178.11700", "2016-01-31": "147.47300", "2015-01-31": "102.66400", "2014-01-31": "61.30900", "2013-01-31": "29.09000", "2012-01-31": "16.41800", "2011-01-31": "1.09000", "2010-12-31": "10.22200", "2010-01-31": "6.69000", "2009-12-31": "6.69900", "2009-01-31": ""}, "Other Non-Cash Items": {"2020-01-31": "891.83300", "2019-01-31": "599.27000", "2018-01-31": "470.04600", "2017-01-31": "395.28500", "2016-01-31": "247.79700", "2015-01-31": "158.97200", "2014-01-31": "62.52900", "2013-01-31": "26.63400", "2012-01-31": "4.24200", "2011-01-31": "", "2010-12-31": "2.33800", "2010-01-31": "", "2009-12-31": "-0.08500", "2009-01-31": ""}, "Total Non-Cash Items": {"2020-01-31": "1312.78600", "2019-01-31": "928.59300", "2018-01-31": "707.24690", "2017-01-31": "573.40200", "2016-01-31": "395.27000", "2015-01-31": "261.63600", "2014-01-31": "123.83800", "2013-01-31": "55.72400", "2012-01-31": "20.66000", "2011-01-31": "1.09000", "2010-12-31": "12.56000", "2010-01-31": "6.69000", "2009-12-31": "6.61400", "2009-01-31": ""}, "Change In Accounts Receivable": {"2020-01-31": "-176.14100", "2019-01-31": "-160.52700", "2018-01-31": "-114.61300", "2017-01-31": "-91.75500", "2016-01-31": "-115.77600", "2015-01-31": "-96.87600", "2014-01-31": "-25.03700", "2013-01-31": "-12.97000", "2012-01-31": "-39.02500", "2011-01-31": "", "2010-12-31": "-14.52000", "2010-01-31": "", "2009-12-31": "0.96600", "2009-01-31": ""}, "Change In Inventories": {"2020-01-31": "", "2019-01-31": "", "2018-01-31": "", "2017-01-31": "", "2016-01-31": "", "2015-01-31": "", "2014-01-31": "", "2013-01-31": "", "2012-01-31": "", "2011-01-31": "", "2010-12-31": "", "2010-01-31": "", "2009-12-31": "", "2009-01-31": ""}, "Change In Accounts Payable": {"2020-01-31": "20.29300", "2019-01-31": "5.87700", "2018-01-31": "-7.24900", "2017-01-31": "6.33600", "2016-01-31": "6.82400", "2015-01-31": "1.12000", "2014-01-31": "3.54700", "2013-01-31": "-0.06500", "2012-01-31": "2.19500", "2011-01-31": "", "2010-12-31": "0.27400", "2010-01-31": "", "2009-12-31": "-0.29500", "2009-01-31": ""}, "Change In Assets/Liabilities": {"2020-01-31": "188.11400", "2019-01-31": "196.07800", "2018-01-31": "154.04900", "2017-01-31": "223.97500", "2016-01-31": "187.64300", "2015-01-31": "180.14100", "2014-01-31": "81.35800", "2013-01-31": "70.13300", "2012-01-31": "72.76500", "2011-01-31": "", "2010-12-31": "36.72100", "2010-01-31": "", "2009-12-31": "12.48000", "2009-01-31": ""}, "Total Change In Assets/Liabilities": {"2020-01-31": "32.48600", "2019-01-31": "96.32300", "2018-01-31": "79.70200", "2017-01-31": "161.92300", "2016-01-31": "138.41500", "2015-01-31": "88.34900", "2014-01-31": "94.93400", "2013-01-31": "74.68000", "2012-01-31": "45.19500", "2011-01-31": "3.09000", "2010-12-31": "28.32000", "2010-01-31": "13.20000", "2009-12-31": "13.20000", "2009-01-31": ""}, "Cash Flow From Operating Activities": {"2020-01-31": "864.59800", "2019-01-31": "606.65800", "2018-01-31": "465.72700", "2017-01-31": "350.62600", "2016-01-31": "258.63700", "2015-01-31": "102.00300", "2014-01-31": "46.26300", "2013-01-31": "11.21400", "2012-01-31": "-13.77400", "2011-01-31": "-1.06000", "2010-12-31": "-15.33500", "2010-01-31": "19.81000", "2009-12-31": "-30.12800", "2009-01-31": ""}, "Net Change In Property, Plant, And Equipment": {"2020-01-31": "-243.69400", "2019-01-31": "-202.50700", "2018-01-31": "-141.53600", "2017-01-31": "-120.81300", "2016-01-31": "-133.66700", "2015-01-31": "-103.64600", "2014-01-31": "-60.72500", "2013-01-31": "-15.89800", "2012-01-31": "-4.99900", "2011-01-31": "-0.06000", "2010-12-31": "-3.66200", "2010-01-31": "-4.22000", "2009-12-31": "-4.22900", "2009-01-31": ""}, "Net Change In Intangible Assets": {"2020-01-31": "-0.85000", "2019-01-31": "-10.45000", "2018-01-31": "-11.00000", "2017-01-31": "0.00000", "2016-01-31": "", "2015-01-31": "", "2014-01-31": "-15.00000", "2013-01-31": "", "2012-01-31": "", "2011-01-31": "", "2010-12-31": "", "2010-01-31": "", "2009-12-31": "", "2009-01-31": ""}, "Net Acquisitions/Divestitures": {"2020-01-31": "-473.60300", "2019-01-31": "-1474.33700", "2018-01-31": "-5.74400", "2017-01-31": "-147.87900", "2016-01-31": "-31.43600", "2015-01-31": "-26.31700", "2014-01-31": "", "2013-01-31": "", "2012-01-31": "", "2011-01-31": "0.00000", "2010-12-31": "", "2010-01-31": "0.00000", "2009-12-31": "", "2009-01-31": ""}, "Net Change In Short-term Investments": {"2020-01-31": "-79.71000", "2019-01-31": "1007.77900", "2018-01-31": "-696.91500", "2017-01-31": "201.78500", "2016-01-31": "-137.82210", "2015-01-31": "-275.20390", "2014-01-31": "-605.99800", "2013-01-31": "-654.22000", "2012-01-31": "-51.19600", "2011-01-31": "", "2010-12-31": "15.82900", "2010-01-31": "", "2009-12-31": "-10.29800", "2009-01-31": ""}, "Net Change In Long-Term Investments": {"2020-01-31": "-99.05600", "2019-01-31": "-163.26900", "2018-01-31": "-123.78500", "2017-01-31": "-101.68200", "2016-01-31": "3.53800", "2015-01-31": "", "2014-01-31": "", "2013-01-31": "", "2012-01-31": "", "2011-01-31": "", "2010-12-31": "", "2010-01-31": "", "2009-12-31": "", "2009-01-31": ""}, "Net Change In Investments - Total": {"2020-01-31": "-178.76600", "2019-01-31": "844.50990", "2018-01-31": "-820.70000", "2017-01-31": "100.10300", "2016-01-31": "-134.28410", "2015-01-31": "-275.20390", "2014-01-31": "-605.99800", "2013-01-31": "-654.22000", "2012-01-31": "-51.19600", "2011-01-31": "0.75000", "2010-12-31": "15.82900", "2010-01-31": "-10.29000", "2009-12-31": "-10.29800", "2009-01-31": ""}, "Investing Activities - Other": {"2020-01-31": "-0.00900", "2019-01-31": "", "2018-01-31": "", "2017-01-31": "-0.29600", "2016-01-31": "-0.76000", "2015-01-31": "1.00000", "2014-01-31": "-0.91000", "2013-01-31": "", "2012-01-31": "", "2011-01-31": "", "2010-12-31": "", "2010-01-31": "", "2009-12-31": "", "2009-01-31": ""}, "Cash Flow From Investing Activities": {"2020-01-31": "-896.92200", "2019-01-31": "-842.78400", "2018-01-31": "-978.98000", "2017-01-31": "-168.88500", "2016-01-31": "-300.14700", "2015-01-31": "-404.16700", "2014-01-31": "-682.63300", "2013-01-31": "-670.11800", "2012-01-31": "-56.19500", "2011-01-31": "0.68000", "2010-12-31": "12.16700", "2010-01-31": "-14.51000", "2009-12-31": "-14.52700", "2009-01-31": ""}, "Net Long-Term Debt": {"2020-01-31": "-0.03000", "2019-01-31": "-350.03000", "2018-01-31": "956.57090", "2017-01-31": "", "2016-01-31": "", "2015-01-31": "-9.75900", "2014-01-31": "428.43300", "2013-01-31": "-9.45300", "2012-01-31": "-4.29600", "2011-01-31": "", "2010-12-31": "-0.95200", "2010-01-31": "", "2009-12-31": "", "2009-01-31": ""}, "Net Current Debt": {"2020-01-31": "", "2019-01-31": "", "2018-01-31": "", "2017-01-31": "", "2016-01-31": "", "2015-01-31": "", "2014-01-31": "", "2013-01-31": "", "2012-01-31": "", "2011-01-31": "0.00000", "2010-12-31": "", "2010-01-31": "0.00000", "2009-12-31": "", "2009-01-31": ""}, "Debt Issuance/Retirement Net - Total": {"2020-01-31": "-0.03000", "2019-01-31": "-350.03000", "2018-01-31": "956.57090", "2017-01-31": "", "2016-01-31": "", "2015-01-31": "-9.75900", "2014-01-31": "428.43300", "2013-01-31": "-9.45300", "2012-01-31": "-4.29600", "2011-01-31": "-0.13000", "2010-12-31": "-0.95200", "2010-01-31": "0.00000", "2009-12-31": "", "2009-01-31": ""}, "Net Common Equity Issued/Repurchased": {"2020-01-31": "125.67300", "2019-01-31": "93.56700", "2018-01-31": "149.86100", "2017-01-31": "58.07900", "2016-01-31": "45.65600", "2015-01-31": "27.94800", "2014-01-31": "704.83500", "2013-01-31": "694.99000", "2012-01-31": "6.26500", "2011-01-31": "", "2010-12-31": "0.62600", "2010-01-31": "", "2009-12-31": "1.14900", "2009-01-31": ""}, "Net Total Equity Issued/Repurchased": {"2020-01-31": "125.67300", "2019-01-31": "93.56700", "2018-01-31": "149.86100", "2017-01-31": "58.07900", "2016-01-31": "45.65600", "2015-01-31": "27.94800", "2014-01-31": "704.83500", "2013-01-31": "694.99000", "2012-01-31": "101.27400", "2011-01-31": "0.13000", "2010-12-31": "0.62600", "2010-01-31": "76.70000", "2009-12-31": "76.70400", "2009-01-31": ""}, "Total Common And Preferred Stock Dividends Paid": {"2020-01-31": "", "2019-01-31": "", "2018-01-31": "", "2017-01-31": "", "2016-01-31": "", "2015-01-31": "", "2014-01-31": "", "2013-01-31": "", "2012-01-31": "", "2011-01-31": "0.00000", "2010-12-31": "", "2010-01-31": "0.00000", "2009-12-31": "", "2009-01-31": ""}, "Financial Activities - Other": {"2020-01-31": "-0.51900", "2019-01-31": "-0.24800", "2018-01-31": "-0.17000", "2017-01-31": "1.60200", "2016-01-31": "-1.54700", "2015-01-31": "1.26600", "2014-01-31": "0.34200", "2013-01-31": "", "2012-01-31": "", "2011-01-31": "", "2010-12-31": "", "2010-01-31": "", "2009-12-31": "", "2009-01-31": ""}, "Cash Flow From Financial Activities": {"2020-01-31": "125.12400", "2019-01-31": "-256.71100", "2018-01-31": "1106.26200", "2017-01-31": "59.68100", "2016-01-31": "44.10900", "2015-01-31": "19.45500", "2014-01-31": "1133.61000", "2013-01-31": "685.53700", "2012-01-31": "96.97800", "2011-01-31": "0.00700", "2010-12-31": "-0.32600", "2010-01-31": "76.70000", "2009-12-31": "76.70400", "2009-01-31": ""}, "Net Cash Flow": {"2020-01-31": "92.51800", "2019-01-31": "-493.45100", "2018-01-31": "593.76000", "2017-01-31": "241.80700", "2016-01-31": "1.89500", "2015-01-31": "-283.13400", "2014-01-31": "497.16800", "2013-01-31": "26.62900", "2012-01-31": "27.01700", "2011-01-31": "-0.37000", "2010-12-31": "-3.48500", "2010-01-31": "82.00000", "2009-12-31": "32.04500", "2009-01-31": ""}, "Stock-Based Compensation": {"2020-01-31": "859.57100", "2019-01-31": "652.46500", "2018-01-31": "478.42500", "2017-01-31": "372.27200", "2016-01-31": "249.97000", "2015-01-31": "156.04800", "2014-01-31": "61.85100", "2013-01-31": "26.57800", "2012-01-31": "4.18200", "2011-01-31": "", "2010-12-31": "1.70200", "2010-01-31": "", "2009-12-31": "0.89600", "2009-01-31": ""}, "Common Stock Dividends Paid": {"2020-01-31": "", "2019-01-31": "", "2018-01-31": "", "2017-01-31": "", "2016-01-31": "", "2015-01-31": "", "2014-01-31": "", "2013-01-31": "", "2012-01-31": "", "2011-01-31": "", "2010-12-31": "", "2010-01-31": "", "2009-12-31": "", "2009-01-31": ""}}, "cash flow statement, quarterly": {"Net Income/Loss": {"2020-10-31": -24.34, "2020-07-31": -28.016, "2020-04-30": "-158.36800", "2020-01-31": -127.958, "2019-10-31": -115.729, "2019-07-31": -120.712, "2019-04-30": "-116.27500", "2019-01-31": -104.361, "2018-10-31": -153.331, "2018-07-31": -86.156, "2018-04-30": "-74.41000", "2018-01-31": -89.1, "2017-10-31": -85.546, "2017-07-31": -82.532, "2017-04-30": "-64.04400", "2017-01-31": -81.986, "2016-10-31": -114.066, "2016-07-31": -108.025, "2016-04-30": "-80.62200", "2016-01-31": -66.258, "2015-10-31": -77.811, "2015-07-31": -69.421, "2015-04-30": "-61.55800", "2015-01-31": -59.466, "2014-10-31": -59.912, "2014-07-31": -69.215, "2014-04-30": "-59.38900", "2014-01-31": -55.982, "2013-10-31": -47.534, "2013-07-31": -35.978, "2013-04-30": "-33.01500", "2013-01-31": -30.944, "2012-10-31": -41.31, "2012-07-31": -26.881, "2012-04-30": "-20.05500", "2012-01-31": -23.577, "2011-10-31": -50.593, "2011-01-31": 44.49, "2010-01-31": -49.94}, "Total Depreciation And Amortization - Cash Flow": {"2020-10-31": 114.694, "2020-07-31": 115.055, "2020-04-30": "112.41400", "2020-01-31": 114.504, "2019-10-31": 108.76, "2019-07-31": 104.057, "2019-04-30": "93.63200", "2019-01-31": 91.274, "2018-10-31": 88.109, "2018-07-31": 76.777, "2018-04-30": "73.16300", "2018-01-31": 69.019, "2017-10-31": 61.503, "2017-07-31": 54.295, "2017-04-30": "52.38400", "2017-01-31": 56.287, "2016-10-31": 43.742, "2016-07-31": 39.492, "2016-04-30": "38.59600", "2016-01-31": 49.999, "2015-10-31": 34.071, "2015-07-31": 33.959, "2015-04-30": "29.44400", "2015-01-31": 27.867, "2014-10-31": 27.505, "2014-07-31": 24.897, "2014-04-30": "22.39500", "2014-01-31": 20.325, "2013-10-31": 18.336, "2013-07-31": 13.597, "2013-04-30": "9.05100", "2013-01-31": 8.816, "2012-10-31": 7.211, "2012-07-31": 6.277, "2012-04-30": "6.78600", "2012-01-31": 5.065, "2011-10-31": 10.255, "2011-01-31": -5.6, "2010-01-31": 6.69}, "Other Non-Cash Items": {"2020-10-31": 273.213, "2020-07-31": 283.545, "2020-04-30": "259.41100", "2020-01-31": 226.482, "2019-10-31": 250.827, "2019-07-31": 220.313, "2019-04-30": "194.21100", "2019-01-31": 176.75, "2018-10-31": 156.981, "2018-07-31": 142.169, "2018-04-30": "123.37000", "2018-01-31": 113.204, "2017-10-31": 121.346, "2017-07-31": 123.45, "2017-04-30": "112.04600", "2017-01-31": 112.117, "2016-10-31": 100.176, "2016-07-31": 105.075, "2016-04-30": "77.91700", "2016-01-31": 71.654, "2015-10-31": 68.707, "2015-07-31": 59.425, "2015-04-30": "48.01100", "2015-01-31": 39.654, "2014-10-31": 48.816, "2014-07-31": 41.024, "2014-04-30": "29.47800", "2014-01-31": 25.391, "2013-10-31": 19.769, "2013-07-31": 9.979, "2013-04-30": "7.39000", "2013-01-31": 5.463, "2012-10-31": 17.413, "2012-07-31": 2.298, "2012-04-30": "1.46000", "2012-01-31": -2.8, "2011-10-31": 2.8, "2011-01-31": 0, "2010-01-31": 0}, "Total Non-Cash Items": {"2020-10-31": 387.9071, "2020-07-31": 398.5999, "2020-04-30": "371.82500", "2020-01-31": 340.986, "2019-10-31": 359.587, "2019-07-31": 324.37, "2019-04-30": "287.84300", "2019-01-31": 268.024, "2018-10-31": 245.09, "2018-07-31": 218.946, "2018-04-30": "196.53300", "2018-01-31": 182.2229, "2017-10-31": 182.849, "2017-07-31": 177.745, "2017-04-30": "164.43000", "2017-01-31": 168.404, "2016-10-31": 143.918, "2016-07-31": 144.567, "2016-04-30": "116.51300", "2016-01-31": 121.653, "2015-10-31": 102.778, "2015-07-31": 93.384, "2015-04-30": "77.45500", "2015-01-31": 67.521, "2014-10-31": 76.321, "2014-07-31": 65.921, "2014-04-30": "51.87300", "2014-01-31": 45.716, "2013-10-31": 38.105, "2013-07-31": 23.576, "2013-04-30": "16.44100", "2013-01-31": 14.279, "2012-10-31": 24.624, "2012-07-31": 8.575, "2012-04-30": "8.24600", "2012-01-31": 2.265, "2011-10-31": 13.055, "2011-01-31": -5.6, "2010-01-31": 6.69}, "Change In Accounts Receivable": {"2020-10-31": -53.923, "2020-07-31": -109.316, "2020-04-30": "290.90200", "2020-01-31": -262.28, "2019-10-31": 2.197, "2019-07-31": -73.437, "2019-04-30": "157.37900", "2019-01-31": -215.092, "2018-10-31": -9.379, "2018-07-31": -104.758, "2018-04-30": "168.70200", "2018-01-31": -174.076, "2017-10-31": 19.07, "2017-07-31": -71.422, "2017-04-30": "111.81500", "2017-01-31": -116.45, "2016-10-31": -20.36, "2016-07-31": -55.992, "2016-04-30": "101.04700", "2016-01-31": -133.196, "2015-10-31": -14.727, "2015-07-31": -27.57, "2015-04-30": "59.71700", "2015-01-31": -69.824, "2014-10-31": -18.598, "2014-07-31": -1.441, "2014-04-30": "-7.01300", "2014-01-31": -5.363, "2013-10-31": -19.997, "2013-07-31": -6.808, "2013-04-30": "7.13100", "2013-01-31": -6.338, "2012-10-31": 7.382, "2012-07-31": -13.543, "2012-04-30": "-0.47100", "2012-01-31": 17.251, "2011-10-31": -17.251, "2011-01-31": 0, "2010-01-31": 0}, "Change In Inventories": {"2020-10-31": 0, "2020-07-31": 0, "2020-04-30": "", "2020-01-31": 0, "2019-10-31": 0, "2019-07-31": 0, "2019-04-30": "", "2019-01-31": 0, "2018-10-31": 0, "2018-07-31": 0, "2018-04-30": "", "2018-01-31": 0, "2017-10-31": 0, "2017-07-31": 0, "2017-04-30": "", "2017-01-31": 0, "2016-10-31": 0, "2016-07-31": 0, "2016-04-30": "", "2016-01-31": 0, "2015-10-31": 0, "2015-07-31": 0, "2015-04-30": "", "2015-01-31": 0, "2014-10-31": 0, "2014-07-31": 0, "2014-04-30": "", "2014-01-31": 0, "2013-10-31": 0, "2013-07-31": 0, "2013-04-30": "", "2013-01-31": 0, "2012-10-31": 0, "2012-07-31": 0, "2012-04-30": "", "2012-01-31": 0, "2011-10-31": 0, "2011-01-31": 0, "2010-01-31": 0}, "Change In Accounts Payable": {"2020-10-31": 3.762, "2020-07-31": 9.307, "2020-04-30": "-22.38200", "2020-01-31": 15.805, "2019-10-31": 1.938, "2019-07-31": 1.047, "2019-04-30": "1.50300", "2019-01-31": 4.084, "2018-10-31": -12.148, "2018-07-31": 5.987, "2018-04-30": "7.95400", "2018-01-31": -10.079, "2017-10-31": -7.383, "2017-07-31": 10.778, "2017-04-30": "-0.56500", "2017-01-31": 4.256, "2016-10-31": 2.26, "2016-07-31": 1.542, "2016-04-30": "-1.72200", "2016-01-31": 6.363, "2015-10-31": -3.719, "2015-07-31": 1.428, "2015-04-30": "2.75200", "2015-01-31": -0.483, "2014-10-31": 4.056, "2014-07-31": -0.023, "2014-04-30": "-2.43000", "2014-01-31": -2.016, "2013-10-31": 1.891, "2013-07-31": 1.251, "2013-04-30": "2.42100", "2013-01-31": -0.138, "2012-10-31": -0.253, "2012-07-31": 0.76, "2012-04-30": "-0.43400", "2012-01-31": -0.391, "2011-10-31": 0.391, "2011-01-31": 0, "2010-01-31": 0}, "Change In Assets/Liabilities": {"2020-10-31": -14.567, "2020-07-31": -73.528, "2020-04-30": "-216.79000", "2020-01-31": 336.936, "2019-10-31": -31.707, "2019-07-31": 25.575, "2019-04-30": "-142.69000", "2019-01-31": 303.304, "2018-10-31": -19.832, "2018-07-31": 38.779, "2018-04-30": "-126.17300", "2018-01-31": 219.853, "2017-10-31": -24.13, "2017-07-31": -5.971, "2017-04-30": "-35.70300", "2017-01-31": 143.471, "2016-10-31": 29.116, "2016-07-31": 30.683, "2016-04-30": "20.70500", "2016-01-31": 146.905, "2015-10-31": 16.453, "2015-07-31": 14.777, "2015-04-30": "9.50800", "2015-01-31": 108.323, "2014-10-31": 23.904, "2014-07-31": 10.349, "2014-04-30": "37.56500", "2014-01-31": 40.092, "2013-10-31": 18.153, "2013-07-31": 14.234, "2013-04-30": "8.87900", "2013-01-31": 25.237, "2012-10-31": -3.376, "2012-07-31": 29.755, "2012-04-30": "18.51700", "2012-01-31": -44.189, "2011-10-31": 44.189, "2011-01-31": 0, "2010-01-31": 0}, "Total Change In Assets/Liabilities": {"2020-10-31": -69.765, "2020-07-31": -213.374, "2020-04-30": "50.22600", "2020-01-31": 84.086, "2019-10-31": 14.144, "2019-07-31": -103.339, "2019-04-30": "37.59500", "2019-01-31": 86.85, "2018-10-31": 22.537, "2018-07-31": -75.174, "2018-04-30": "62.11000", "2018-01-31": 33.425, "2017-10-31": 46.728, "2017-07-31": -80.087, "2017-04-30": "79.63600", "2017-01-31": 25.025, "2016-10-31": 41.607, "2016-07-31": -30.284, "2016-04-30": "125.57500", "2016-01-31": 43.096, "2015-10-31": 27.792, "2015-07-31": -8.775, "2015-04-30": "76.30200", "2015-01-31": 40.22, "2014-10-31": 24.633, "2014-07-31": -5.717, "2014-04-30": "29.21300", "2014-01-31": 45.059, "2013-10-31": 16.505, "2013-07-31": -0.514, "2013-04-30": "33.88400", "2013-01-31": 22.605, "2012-10-31": 7.328, "2012-07-31": 20.23, "2012-04-30": "24.51700", "2012-01-31": 10.424, "2011-10-31": 31.676, "2011-01-31": -10.11, "2010-01-31": 13.2}, "Cash Flow From Operating Activities": {"2020-10-31": 293.802, "2020-07-31": 157.21, "2020-04-30": "263.68300", "2020-01-31": 297.114, "2019-10-31": 258.002, "2019-07-31": 100.319, "2019-04-30": "209.16300", "2019-01-31": 250.513, "2018-10-31": 114.296, "2018-07-31": 57.616, "2018-04-30": "184.23300", "2018-01-31": 126.548, "2017-10-31": 144.031, "2017-07-31": 15.126, "2017-04-30": "180.02200", "2017-01-31": 111.443, "2016-10-31": 71.459, "2016-07-31": 6.258, "2016-04-30": "161.46600", "2016-01-31": 98.491, "2015-10-31": 52.759, "2015-07-31": 15.188, "2015-04-30": "92.19900", "2015-01-31": 48.275, "2014-10-31": 41.042, "2014-07-31": -9.011, "2014-04-30": "21.69700", "2014-01-31": 34.793, "2013-10-31": 7.076, "2013-07-31": -12.916, "2013-04-30": "17.31000", "2013-01-31": 5.94, "2012-10-31": -9.358, "2012-07-31": 1.924, "2012-04-30": "12.70800", "2012-01-31": -6.638, "2011-10-31": -6.072, "2011-01-31": 29.06, "2010-01-31": -30.12}, "Net Change In Property, Plant, And Equipment": {"2020-10-31": -78.197, "2020-07-31": -66.555, "2020-04-30": "-59.94000", "2020-01-31": -47.42, "2019-10-31": -55.163, "2019-07-31": -75.576, "2019-04-30": "-65.53500", "2019-01-31": -44.872, "2018-10-31": -55.427, "2018-07-31": -53.346, "2018-04-30": "-48.86200", "2018-01-31": -36.059, "2017-10-31": -36.356, "2017-07-31": -38.528, "2017-04-30": "-30.59300", "2017-01-31": -32.278, "2016-10-31": -27.518, "2016-07-31": -26.539, "2016-04-30": "-34.47800", "2016-01-31": -41.985, "2015-10-31": -37.893, "2015-07-31": -25.469, "2015-04-30": "-28.32000", "2015-01-31": -37.665, "2014-10-31": -27.699, "2014-07-31": -28.409, "2014-04-30": "-9.87300", "2014-01-31": -12.341, "2013-10-31": -16.757, "2013-07-31": -29.732, "2013-04-30": "-1.89500", "2013-01-31": -9.095, "2012-10-31": -0.801, "2012-07-31": -3.805, "2012-04-30": "-2.19700", "2012-01-31": -1.248, "2011-10-31": -3.682, "2011-01-31": 4.16, "2010-01-31": -4.22}, "Net Change In Intangible Assets": {"2020-10-31": 0, "2020-07-31": 0, "2020-04-30": "", "2020-01-31": -0.85, "2019-10-31": 0, "2019-07-31": 0, "2019-04-30": "", "2019-01-31": -9.45, "2018-10-31": 0, "2018-07-31": -1, "2018-04-30": "", "2018-01-31": -11, "2017-10-31": 0, "2017-07-31": 0, "2017-04-30": "", "2017-01-31": 0, "2016-10-31": 0, "2016-07-31": 0, "2016-04-30": "", "2016-01-31": 0, "2015-10-31": 0, "2015-07-31": 0, "2015-04-30": "", "2015-01-31": 0, "2014-10-31": 0, "2014-07-31": 0, "2014-04-30": "", "2014-01-31": -15, "2013-10-31": 0, "2013-07-31": 0, "2013-04-30": "", "2013-01-31": 0, "2012-10-31": 0, "2012-07-31": 0, "2012-04-30": "", "2012-01-31": 0, "2011-10-31": 0, "2011-01-31": 0, "2010-01-31": 0}, "Net Acquisitions/Divestitures": {"2020-10-31": 0, "2020-07-31": 0, "2020-04-30": "", "2020-01-31": -460.718, "2019-10-31": 0, "2019-07-31": -12.885, "2019-04-30": "", "2019-01-31": 0, "2018-10-31": -1447.6, "2018-07-31": -26.737, "2018-04-30": "", "2018-01-31": -5.744, "2017-10-31": 0, "2017-07-31": 0, "2017-04-30": "", "2017-01-31": 0, "2016-10-31": -144.209, "2016-07-31": -3.67, "2016-04-30": "", "2016-01-31": 0, "2015-10-31": -23.475, "2015-07-31": -7.961, "2015-04-30": "", "2015-01-31": 0, "2014-10-31": 0, "2014-07-31": 0, "2014-04-30": "-26.31700", "2014-01-31": 0, "2013-10-31": 0, "2013-07-31": 0, "2013-04-30": "", "2013-01-31": 0, "2012-10-31": 0, "2012-07-31": 0, "2012-04-30": "", "2012-01-31": 0, "2011-10-31": 0, "2011-01-31": 0, "2010-01-31": 0}, "Net Change In Short-term Investments": {"2020-10-31": -383.4211, "2020-07-31": -135.88, "2020-04-30": "-219.55800", "2020-01-31": -28.7, "2019-10-31": 109.302, "2019-07-31": -198.103, "2019-04-30": "37.79100", "2019-01-31": -93.147, "2018-10-31": 254.4901, "2018-07-31": 1042.9269, "2018-04-30": "-196.49100", "2018-01-31": -265.515, "2017-10-31": -530.78, "2017-07-31": 271.211, "2017-04-30": "-171.83100", "2017-01-31": 67.154, "2016-10-31": 132.312, "2016-07-31": 10.587, "2016-04-30": "-8.26800", "2016-01-31": 3.4759, "2015-10-31": -3.62, "2015-07-31": -43.51, "2015-04-30": "-94.16800", "2015-01-31": 80.6062, "2014-10-31": -85.235, "2014-07-31": 46.6009, "2014-04-30": "-317.17600", "2014-01-31": -209.617, "2013-10-31": -243.547, "2013-07-31": -271.701, "2013-04-30": "118.86700", "2013-01-31": -352.406, "2012-10-31": -268.814, "2012-07-31": 4.446, "2012-04-30": "-37.44600", "2012-01-31": 4.318, "2011-10-31": -4.318, "2011-01-31": 0, "2010-01-31": 0}, "Net Change In Long-Term Investments": {"2020-10-31": -1.048, "2020-07-31": -0.203, "2020-04-30": "2.15100", "2020-01-31": -3.693, "2019-10-31": -21.58, "2019-07-31": -34.149, "2019-04-30": "-39.63400", "2019-01-31": -54.968, "2018-10-31": -19.531, "2018-07-31": -49.537, "2018-04-30": "-39.23300", "2018-01-31": -44.66, "2017-10-31": -27.322, "2017-07-31": -31.338, "2017-04-30": "-20.46500", "2017-01-31": -16.518, "2016-10-31": -59.705, "2016-07-31": -6.473, "2016-04-30": "-18.98600", "2016-01-31": 0, "2015-10-31": 0, "2015-07-31": 3.538, "2015-04-30": "", "2015-01-31": 0, "2014-10-31": 0, "2014-07-31": 0, "2014-04-30": "", "2014-01-31": 0, "2013-10-31": 0, "2013-07-31": 0, "2013-04-30": "", "2013-01-31": 0, "2012-10-31": 0, "2012-07-31": 0, "2012-04-30": "", "2012-01-31": 0, "2011-10-31": 0, "2011-01-31": 0, "2010-01-31": 0}, "Net Change In Investments - Total": {"2020-10-31": -384.469, "2020-07-31": -136.083, "2020-04-30": "-217.40700", "2020-01-31": -32.393, "2019-10-31": 87.722, "2019-07-31": -232.252, "2019-04-30": "-1.84300", "2019-01-31": -148.1151, "2018-10-31": 234.9591, "2018-07-31": 993.3899, "2018-04-30": "-235.72400", "2018-01-31": -310.175, "2017-10-31": -558.102, "2017-07-31": 239.873, "2017-04-30": "-192.29600", "2017-01-31": 50.636, "2016-10-31": 72.607, "2016-07-31": 4.114, "2016-04-30": "-27.25400", "2016-01-31": 3.4759, "2015-10-31": -3.62, "2015-07-31": -39.972, "2015-04-30": "-94.16800", "2015-01-31": 80.6062, "2014-10-31": -85.235, "2014-07-31": 46.6009, "2014-04-30": "-317.17600", "2014-01-31": -209.617, "2013-10-31": -243.547, "2013-07-31": -271.701, "2013-04-30": "118.86700", "2013-01-31": -352.406, "2012-10-31": -268.814, "2012-07-31": 4.446, "2012-04-30": "-37.44600", "2012-01-31": -46.872, "2011-10-31": -5.068, "2011-01-31": 11.04, "2010-01-31": -10.29}, "Investing Activities - Other": {"2020-10-31": 0, "2020-07-31": 0, "2020-04-30": "", "2020-01-31": 0, "2019-10-31": 0, "2019-07-31": -0.032, "2019-04-30": "0.02300", "2019-01-31": 0.011, "2018-10-31": -0.011, "2018-07-31": 0, "2018-04-30": "", "2018-01-31": 1, "2017-10-31": -1, "2017-07-31": 0, "2017-04-30": "", "2017-01-31": 0.1, "2016-10-31": 3.9, "2016-07-31": -4.684, "2016-04-30": "0.38800", "2016-01-31": -0.76, "2015-10-31": 0, "2015-07-31": 0, "2015-04-30": "", "2015-01-31": 0, "2014-10-31": 0, "2014-07-31": 0, "2014-04-30": "1.00000", "2014-01-31": -1, "2013-10-31": 0, "2013-07-31": 0, "2013-04-30": "0.09000", "2013-01-31": 0, "2012-10-31": 0, "2012-07-31": 0, "2012-04-30": "", "2012-01-31": 0, "2011-10-31": 0, "2011-01-31": 0, "2010-01-31": 0}, "Cash Flow From Investing Activities": {"2020-10-31": -462.666, "2020-07-31": -202.638, "2020-04-30": "-277.34700", "2020-01-31": -541.381, "2019-10-31": 32.559, "2019-07-31": -320.745, "2019-04-30": "-67.35500", "2019-01-31": -202.426, "2018-10-31": -1268.079, "2018-07-31": 912.307, "2018-04-30": "-284.58600", "2018-01-31": -361.978, "2017-10-31": -595.458, "2017-07-31": 201.345, "2017-04-30": "-222.88900", "2017-01-31": 18.458, "2016-10-31": -95.22, "2016-07-31": -30.779, "2016-04-30": "-61.34400", "2016-01-31": -39.269, "2015-10-31": -64.988, "2015-07-31": -73.402, "2015-04-30": "-122.48800", "2015-01-31": 42.941, "2014-10-31": -112.934, "2014-07-31": 18.192, "2014-04-30": "-352.36600", "2014-01-31": -237.958, "2013-10-31": -260.304, "2013-07-31": -301.433, "2013-04-30": "117.06200", "2013-01-31": -361.501, "2012-10-31": -269.615, "2012-07-31": 0.641, "2012-04-30": "-39.64300", "2012-01-31": -48.13, "2011-10-31": -8.74, "2011-01-31": 15.2, "2010-01-31": -14.52}, "Net Long-Term Debt": {"2020-10-31": 738.42, "2020-07-31": -249.945, "2020-04-30": "-0.00100", "2020-01-31": 0, "2019-10-31": -0.003, "2019-07-31": -0.027, "2019-04-30": "", "2019-01-31": -0.022, "2018-10-31": -0.003, "2018-07-31": -350.005, "2018-04-30": "", "2018-01-31": 0, "2017-10-31": 956.5709, "2017-07-31": 0, "2017-04-30": "", "2017-01-31": 0, "2016-10-31": 0, "2016-07-31": 0, "2016-04-30": "", "2016-01-31": 3.127, "2015-10-31": -0.663, "2015-07-31": -1.016, "2015-04-30": "-1.44800", "2015-01-31": -1.474, "2014-10-31": -1.123, "2014-07-31": -4.418, "2014-04-30": "-2.74400", "2014-01-31": -2.624, "2013-10-31": -2.817, "2013-07-31": 437.627, "2013-04-30": "-3.75300", "2013-01-31": -3.541, "2012-10-31": -2.369, "2012-07-31": -1.777, "2012-04-30": "-1.76600", "2012-01-31": 2.95, "2011-10-31": -2.95, "2011-01-31": 0, "2010-01-31": 0}, "Net Current Debt": {"2020-10-31": -747.795, "2020-07-31": 250, "2020-04-30": "497.79500", "2020-01-31": 0, "2019-10-31": 0, "2019-07-31": 0, "2019-04-30": "", "2019-01-31": 0, "2018-10-31": 0, "2018-07-31": 0, "2018-04-30": "", "2018-01-31": 0, "2017-10-31": 0, "2017-07-31": 0, "2017-04-30": "", "2017-01-31": 0, "2016-10-31": 0, "2016-07-31": 0, "2016-04-30": "", "2016-01-31": 0, "2015-10-31": 0, "2015-07-31": 0, "2015-04-30": "", "2015-01-31": 0, "2014-10-31": 0, "2014-07-31": 0, "2014-04-30": "", "2014-01-31": 0, "2013-10-31": 0, "2013-07-31": 0, "2013-04-30": "", "2013-01-31": 0, "2012-10-31": 0, "2012-07-31": 0, "2012-04-30": "", "2012-01-31": 0, "2011-10-31": 0, "2011-01-31": 0, "2010-01-31": 0}, "Debt Issuance/Retirement Net - Total": {"2020-10-31": -9.375, "2020-07-31": 0.055, "2020-04-30": "497.79400", "2020-01-31": 0, "2019-10-31": -0.003, "2019-07-31": -0.027, "2019-04-30": "", "2019-01-31": -0.022, "2018-10-31": -0.003, "2018-07-31": -350.005, "2018-04-30": "", "2018-01-31": 0, "2017-10-31": 956.5709, "2017-07-31": 0, "2017-04-30": "", "2017-01-31": 0, "2016-10-31": 0, "2016-07-31": 0, "2016-04-30": "", "2016-01-31": 3.127, "2015-10-31": -0.663, "2015-07-31": -1.016, "2015-04-30": "-1.44800", "2015-01-31": -1.474, "2014-10-31": -1.123, "2014-07-31": -4.418, "2014-04-30": "-2.74400", "2014-01-31": -2.624, "2013-10-31": -2.817, "2013-07-31": 437.627, "2013-04-30": "-3.75300", "2013-01-31": -3.541, "2012-10-31": -2.369, "2012-07-31": -1.777, "2012-04-30": "-1.76600", "2012-01-31": -1.34, "2011-10-31": -2.82, "2011-01-31": -0.13, "2010-01-31": 0}, "Net Common Equity Issued/Repurchased": {"2020-10-31": 3.65, "2020-07-31": 70.94, "2020-04-30": "3.57700", "2020-01-31": 62.353, "2019-10-31": 1.78, "2019-07-31": 58.085, "2019-04-30": "3.45500", "2019-01-31": 49.503, "2018-10-31": 2.767, "2018-07-31": 38.686, "2018-04-30": "2.61100", "2018-01-31": 32.555, "2017-10-31": 82.779, "2017-07-31": 32.274, "2017-04-30": "2.25300", "2017-01-31": 24.812, "2016-10-31": 4.491, "2016-07-31": 25.395, "2016-04-30": "3.38100", "2016-01-31": 20.56, "2015-10-31": 2.36, "2015-07-31": 19.172, "2015-04-30": "3.56400", "2015-01-31": 15.459, "2014-10-31": 2.615, "2014-07-31": 11.885, "2014-04-30": "-2.01100", "2014-01-31": 603.452, "2013-10-31": 2, "2013-07-31": 94.818, "2013-04-30": "4.56500", "2013-01-31": 0.285, "2012-10-31": 687.575, "2012-07-31": 6.425, "2012-04-30": "0.70500", "2012-01-31": -4.198, "2011-10-31": 4.198, "2011-01-31": 0, "2010-01-31": 0}, "Net Total Equity Issued/Repurchased": {"2020-10-31": 3.65, "2020-07-31": 70.94, "2020-04-30": "3.57700", "2020-01-31": 62.353, "2019-10-31": 1.78, "2019-07-31": 58.085, "2019-04-30": "3.45500", "2019-01-31": 49.503, "2018-10-31": 2.767, "2018-07-31": 38.686, "2018-04-30": "2.61100", "2018-01-31": 32.555, "2017-10-31": 82.779, "2017-07-31": 32.274, "2017-04-30": "2.25300", "2017-01-31": 24.812, "2016-10-31": 4.491, "2016-07-31": 25.395, "2016-04-30": "3.38100", "2016-01-31": 20.56, "2015-10-31": 2.36, "2015-07-31": 19.172, "2015-04-30": "3.56400", "2015-01-31": 15.459, "2014-10-31": 2.615, "2014-07-31": 11.885, "2014-04-30": "-2.01100", "2014-01-31": 603.452, "2013-10-31": 2, "2013-07-31": 94.818, "2013-04-30": "4.56500", "2013-01-31": 0.285, "2012-10-31": 687.575, "2012-07-31": 6.425, "2012-04-30": "0.70500", "2012-01-31": 15.599, "2011-10-31": 85.541, "2011-01-31": -76.57, "2010-01-31": 76.7}, "Total Common And Preferred Stock Dividends Paid": {"2020-10-31": 0, "2020-07-31": 0, "2020-04-30": "", "2020-01-31": 0, "2019-10-31": 0, "2019-07-31": 0, "2019-04-30": "", "2019-01-31": 0, "2018-10-31": 0, "2018-07-31": 0, "2018-04-30": "", "2018-01-31": 0, "2017-10-31": 0, "2017-07-31": 0, "2017-04-30": "", "2017-01-31": 0, "2016-10-31": 0, "2016-07-31": 0, "2016-04-30": "", "2016-01-31": 0, "2015-10-31": 0, "2015-07-31": 0, "2015-04-30": "", "2015-01-31": 0, "2014-10-31": 0, "2014-07-31": 0, "2014-04-30": "", "2014-01-31": 0, "2013-10-31": 0, "2013-07-31": 0, "2013-04-30": "", "2013-01-31": 0, "2012-10-31": 0, "2012-07-31": 0, "2012-04-30": "", "2012-01-31": 0, "2011-10-31": 0, "2011-01-31": 0, "2010-01-31": 0}, "Financial Activities - Other": {"2020-10-31": -0.181, "2020-07-31": -0.215, "2020-04-30": "-2.04000", "2020-01-31": -0.144, "2019-10-31": -0.175, "2019-07-31": -0.107, "2019-04-30": "-0.09300", "2019-01-31": -0.072, "2018-10-31": -0.06, "2018-07-31": -0.059, "2018-04-30": "-0.05700", "2018-01-31": -0.058, "2017-10-31": -0.036, "2017-07-31": -0.032, "2017-04-30": "-0.04400", "2017-01-31": 0.596, "2016-10-31": 0.435, "2016-07-31": 0.195, "2016-04-30": "0.37600", "2016-01-31": -2.572, "2015-10-31": 0.246, "2015-07-31": 0.362, "2015-04-30": "0.41700", "2015-01-31": 1.115, "2014-10-31": 0.091, "2014-07-31": 0, "2014-04-30": "0.06000", "2014-01-31": 0.221, "2013-10-31": 0.041, "2013-07-31": 0.072, "2013-04-30": "0.00800", "2013-01-31": 0, "2012-10-31": 0, "2012-07-31": 0, "2012-04-30": "", "2012-01-31": 0, "2011-10-31": 0, "2011-01-31": 0, "2010-01-31": 0}, "Cash Flow From Financial Activities": {"2020-10-31": -5.906, "2020-07-31": 70.78, "2020-04-30": "499.33100", "2020-01-31": 62.209, "2019-10-31": 1.602, "2019-07-31": 57.951, "2019-04-30": "3.36200", "2019-01-31": 49.409, "2018-10-31": 2.704, "2018-07-31": -311.378, "2018-04-30": "2.55400", "2018-01-31": 32.497, "2017-10-31": 1039.314, "2017-07-31": 32.242, "2017-04-30": "2.20900", "2017-01-31": 25.408, "2016-10-31": 4.926, "2016-07-31": 25.59, "2016-04-30": "3.75700", "2016-01-31": 21.115, "2015-10-31": 1.943, "2015-07-31": 18.518, "2015-04-30": "2.53300", "2015-01-31": 15.1, "2014-10-31": 1.583, "2014-07-31": 7.467, "2014-04-30": "-4.69500", "2014-01-31": 601.049, "2013-10-31": -0.776, "2013-07-31": 532.517, "2013-04-30": "0.82000", "2013-01-31": -3.256, "2012-10-31": 685.206, "2012-07-31": 4.648, "2012-04-30": "-1.06100", "2012-01-31": 14.247, "2011-10-31": 82.716, "2011-01-31": -76.693, "2010-01-31": 76.7}, "Net Cash Flow": {"2020-10-31": -174.73, "2020-07-31": 26.123, "2020-04-30": "485.40200", "2020-01-31": -182.136, "2019-10-31": 292.211, "2019-07-31": -162.4, "2019-04-30": "144.84300", "2019-01-31": 97.677, "2018-10-31": -1151.292, "2018-07-31": 658.383, "2018-04-30": "-98.21900", "2018-01-31": -202.443, "2017-10-31": 587.565, "2017-07-31": 249.428, "2017-04-30": "-40.79000", "2017-01-31": 155.337, "2016-10-31": -18.972, "2016-07-31": 0.925, "2016-04-30": "104.51700", "2016-01-31": 80.194, "2015-10-31": -10.685, "2015-07-31": -39.906, "2015-04-30": "-27.70800", "2015-01-31": 106.05, "2014-10-31": -70.492, "2014-07-31": 16.633, "2014-04-30": "-335.32500", "2014-01-31": 397.866, "2013-10-31": -253.972, "2013-07-31": 218.168, "2013-04-30": "135.10600", "2013-01-31": -358.822, "2012-10-31": 406.239, "2012-07-31": 7.2, "2012-04-30": "-27.98800", "2012-01-31": -40.529, "2011-10-31": 67.909, "2011-01-31": -32.41, "2010-01-31": 32.04}, "Stock-Based Compensation": {"2020-10-31": 259.832, "2020-07-31": 251.236, "2020-04-30": "236.67200", "2020-01-31": 234.422, "2019-10-31": 231.002, "2019-07-31": 208.912, "2019-04-30": "185.23500", "2019-01-31": 184.772, "2018-10-31": 187.971, "2018-07-31": 147.063, "2018-04-30": "132.65900", "2018-01-31": 126.635, "2017-10-31": 122.479, "2017-07-31": 121.523, "2017-04-30": "107.78800", "2017-01-31": 105.717, "2016-10-31": 100.098, "2016-07-31": 88.222, "2016-04-30": "78.23500", "2016-01-31": 69.273, "2015-10-31": 68.659, "2015-07-31": 64.764, "2015-04-30": "47.27400", "2015-01-31": 39.384, "2014-10-31": 47.008, "2014-07-31": 40.782, "2014-04-30": "28.87400", "2014-01-31": 24.969, "2013-10-31": 19.683, "2013-07-31": 9.783, "2013-04-30": "7.41600", "2013-01-31": 5.448, "2012-10-31": 17.402, "2012-07-31": 2.283, "2012-04-30": "1.44500", "2012-01-31": -2.755, "2011-10-31": 2.755, "2011-01-31": 0, "2010-01-31": 0}, "Common Stock Dividends Paid": {"2020-10-31": 0, "2020-07-31": 0, "2020-04-30": "", "2020-01-31": 0, "2019-10-31": 0, "2019-07-31": 0, "2019-04-30": "", "2019-01-31": 0, "2018-10-31": 0, "2018-07-31": 0, "2018-04-30": "", "2018-01-31": 0, "2017-10-31": 0, "2017-07-31": 0, "2017-04-30": "", "2017-01-31": 0, "2016-10-31": 0, "2016-07-31": 0, "2016-04-30": "", "2016-01-31": 0, "2015-10-31": 0, "2015-07-31": 0, "2015-04-30": "", "2015-01-31": 0, "2014-10-31": 0, "2014-07-31": 0, "2014-04-30": "", "2014-01-31": 0, "2013-10-31": 0, "2013-07-31": 0, "2013-04-30": "", "2013-01-31": 0, "2012-10-31": 0, "2012-07-31": 0, "2012-04-30": "", "2012-01-31": 0, "2011-10-31": 0, "2011-01-31": 0, "2010-01-31": 0}}, "financial ratios": {"Current Ratio": {"2020-01-31": "1.04220", "2019-01-31": "1.11100", "2018-01-31": "1.92190", "2017-01-31": "1.96420", "2016-01-31": "2.56030", "2015-01-31": "3.28790", "2014-01-31": "4.79660", "2013-01-31": "3.47090", "2012-01-31": "1.26120", "2011-01-31": "", "2010-12-31": "0.94300", "2010-01-31": "", "2009-12-31": "", "2009-01-31": ""}, "Long-term Debt / Capital": {"2020-01-31": "0.29050", "2019-01-31": "0.33180", "2018-01-31": "0.42120", "2017-01-31": "0.29510", "2016-01-31": "0.30880", "2015-01-31": "0.29970", "2014-01-31": "0.28450", "2013-01-31": "0.02140", "2012-01-31": "2.16780", "2011-01-31": "", "2010-12-31": "-0.12740", "2010-01-31": "", "2009-12-31": "", "2009-01-31": ""}, "Debt/Equity Ratio": {"2020-01-31": "0.50760", "2019-01-31": "0.61520", "2018-01-31": "0.94370", "2017-01-31": "0.41860", "2016-01-31": "0.44670", "2015-01-31": "0.43090", "2014-01-31": "0.40550", "2013-01-31": "0.04220", "2012-01-31": "-3.37620", "2011-01-31": "", "2010-12-31": "-0.18840", "2010-01-31": "", "2009-12-31": "", "2009-01-31": ""}, "Gross Margin": {"2020-01-31": "70.63150", "2019-01-31": "70.41470", "2018-01-31": "70.63000", "2017-01-31": "69.28780", "2016-01-31": "67.62940", "2015-01-31": "66.38960", "2014-01-31": "62.29570", "2013-01-31": "57.41570", "2012-01-31": "51.37290", "2011-01-31": "46.29120", "2010-12-31": "41.42390", "2010-01-31": "", "2009-12-31": "18.77600", "2009-01-31": ""}, "Operating Margin": {"2020-01-31": "-13.84620", "2019-01-31": "-16.41580", "2018-01-31": "-14.14910", "2017-01-31": "-22.42620", "2016-01-31": "-21.59520", "2015-01-31": "-27.37820", "2014-01-31": "-32.68710", "2013-01-31": "-43.06960", "2012-01-31": "-58.35440", "2011-01-31": "-74.45060", "2010-12-31": "-82.37600", "2010-01-31": "", "2009-12-31": "-203.58480", "2009-01-31": ""}, "EBIT Margin": {"2020-01-31": "-13.84620", "2019-01-31": "-16.41580", "2018-01-31": "-14.14910", "2017-01-31": "-22.42620", "2016-01-31": "-21.59520", "2015-01-31": "-27.37820", "2014-01-31": "-32.68710", "2013-01-31": "-43.06960", "2012-01-31": "-58.35440", "2011-01-31": "-74.45060", "2010-12-31": "-82.37600", "2010-01-31": "", "2009-12-31": "-203.58480", "2009-01-31": ""}, "EBITDA Margin": {"2020-01-31": "-2.24080", "2019-01-31": "-4.74670", "2018-01-31": "-3.08070", "2017-01-31": "-11.11310", "2016-01-31": "-8.84560", "2015-01-31": "-14.34750", "2014-01-31": "-19.61300", "2013-01-31": "-32.43950", "2012-01-31": "-46.14100", "2011-01-31": "-59.47800", "2010-12-31": "-67.35580", "2010-01-31": "", "2009-12-31": "-177.04890", "2009-01-31": ""}, "Pre-Tax Profit Margin": {"2020-01-31": "-13.30080", "2019-01-31": "-15.01510", "2018-01-31": "-14.68870", "2017-01-31": "-24.48570", "2016-01-31": "-23.69100", "2015-01-31": "-31.22030", "2014-01-31": "-36.42930", "2013-01-31": "-43.50920", "2012-01-31": "-59.11160", "2011-01-31": "-74.72530", "2010-12-31": "-82.45980", "2010-01-31": "", "2009-12-31": "-197.46880", "2009-01-31": ""}, "Net Profit Margin": {"2020-01-31": "-13.25190", "2019-01-31": "-14.82040", "2018-01-31": "-14.98900", "2017-01-31": "-24.43400", "2016-01-31": "-23.77890", "2015-01-31": "-31.47540", "2014-01-31": "-36.78720", "2013-01-31": "-43.76210", "2012-01-31": "-59.49030", "2011-01-31": "-74.86260", "2010-12-31": "-82.60230", "2010-01-31": "", "2009-12-31": "-197.82930", "2009-01-31": ""}, "Asset Turnover": {"2020-01-31": "0.53210", "2019-01-31": "0.51120", "2018-01-31": "0.43320", "2017-01-31": "0.48170", "2016-01-31": "0.42370", "2015-01-31": "0.33520", "2014-01-31": "0.21550", "2013-01-31": "0.28530", "2012-01-31": "0.57780", "2011-01-31": "", "2010-12-31": "0.67650", "2010-01-31": "", "2009-12-31": "", "2009-01-31": ""}, "Inventory Turnover Ratio": {"2020-01-31": "", "2019-01-31": "", "2018-01-31": "", "2017-01-31": "", "2016-01-31": "", "2015-01-31": "", "2014-01-31": "", "2013-01-31": "", "2012-01-31": "", "2011-01-31": "", "2010-12-31": "", "2010-01-31": "", "2009-12-31": "", "2009-01-31": ""}, "Receiveable Turnover": {"2020-01-31": "4.13320", "2019-01-31": "4.00490", "2018-01-31": "4.05720", "2017-01-31": "3.84220", "2016-01-31": "3.94230", "2015-01-31": "4.18280", "2014-01-31": "5.08700", "2013-01-31": "4.05800", "2012-01-31": "2.46800", "2011-01-31": "", "2010-12-31": "3.18550", "2010-01-31": "", "2009-12-31": "", "2009-01-31": ""}, "Days Sales In Receivables": {"2020-01-31": "88.30930", "2019-01-31": "91.13810", "2018-01-31": "89.96330", "2017-01-31": "94.99870", "2016-01-31": "92.58620", "2015-01-31": "87.26210", "2014-01-31": "71.75180", "2013-01-31": "89.94660", "2012-01-31": "147.89030", "2011-01-31": "", "2010-12-31": "114.58170", "2010-01-31": "", "2009-12-31": "", "2009-01-31": ""}, "ROE - Return On Equity": {"2020-01-31": "-19.33100", "2019-01-31": "-21.35670", "2018-01-31": "-20.32580", "2017-01-31": "-30.13450", "2016-01-31": "-24.20860", "2015-01-31": "-22.02380", "2014-01-31": "-14.53050", "2013-01-31": "-20.12380", "2012-01-31": "45.33930", "2011-01-31": "", "2010-12-31": "57.53430", "2010-01-31": "", "2009-12-31": "", "2009-01-31": ""}, "Return On Tangible Equity": {"2020-01-31": "-133.93380", "2019-01-31": "-157.19430", "2018-01-31": "-23.16360", "2017-01-31": "-35.97110", "2016-01-31": "-25.69720", "2015-01-31": "-22.72570", "2014-01-31": "-14.63520", "2013-01-31": "-20.41640", "2012-01-31": "601.74570", "2011-01-31": "", "2010-12-31": "182.75360", "2010-01-31": "-210.99510", "2009-12-31": "", "2009-01-31": ""}, "ROA - Return On Assets": {"2020-01-31": "-7.05180", "2019-01-31": "-7.57610", "2018-01-31": "-6.49270", "2017-01-31": "-11.77070", "2016-01-31": "-10.07470", "2015-01-31": "-10.55200", "2014-01-31": "-7.92680", "2013-01-31": "-12.42750", "2012-01-31": "-34.22870", "2011-01-31": "", "2010-12-31": "-55.87690", "2010-01-31": "-210.99510", "2009-12-31": "", "2009-01-31": ""}, "ROI - Return On Investment": {"2020-01-31": "-13.71580", "2019-01-31": "-14.27160", "2018-01-31": "-11.76550", "2017-01-31": "-21.24200", "2016-01-31": "-16.73420", "2015-01-31": "-15.42240", "2014-01-31": "-10.39700", "2013-01-31": "-19.69250", "2012-01-31": "-1997.71700", "2011-01-31": "", "2010-12-31": "286.97230", "2010-01-31": "-59.60750", "2009-12-31": "", "2009-01-31": ""}, "Book Value Per Share": {"2020-01-31": "10.71790", "2019-01-31": "8.82180", "2018-01-31": "7.45460", "2017-01-31": "6.28870", "2016-01-31": "5.82640", "2015-01-31": "5.98920", "2014-01-31": "6.48750", "2013-01-31": "3.56800", "2012-01-31": "-0.12930", "2011-01-31": "", "2010-12-31": "-0.80140", "2010-01-31": "", "2009-12-31": "", "2009-01-31": ""}, "Operating Cash Flow Per Share": {"2020-01-31": 1.0073, "2019-01-31": 0.5569, "2018-01-31": 0.4726, "2017-01-31": 0.4078, "2016-01-31": 0.8058, "2015-01-31": 0.2852, "2014-01-31": 0.1186, "2013-01-31": 0.6188, "2012-01-31": -0.4673, "2011-01-31": 0.6045, "2010-12-31": -0.6045, "2010-01-31": 1.3743, "2009-12-31": -1.3743, "2009-01-31": 0}, "Free Cash Flow Per Share": {"2020-01-31": 0.8687, "2019-01-31": 0.304, "2018-01-31": 0.4009, "2017-01-31": 0.5017, "2016-01-31": 0.6666, "2015-01-31": 0.0755, "2014-01-31": -0.0211, "2013-01-31": 0.5735, "2012-01-31": -0.6368, "2011-01-31": 0.7489, "2010-12-31": -0.7489, "2010-01-31": 1.5672, "2009-12-31": -1.5672, "2009-01-31": 0}}, "financial ratios, quarterly": {"Current Ratio": {"2020-10-31": "1.09190", "2020-07-31": "1.45480", "2020-04-30": "1.24520", "2020-01-31": "1.04220", "2019-10-31": "1.18630", "2019-07-31": "0.81210", "2019-04-30": "1.09090", "2019-01-31": "1.11100", "2018-10-31": "1.10480", "2018-07-31": "1.88830", "2018-04-30": "1.76670", "2018-01-31": "1.92190", "2017-10-31": "2.11130", "2017-07-31": "1.54260", "2017-04-30": "1.96500", "2017-01-31": "1.96420", "2016-10-31": "2.08960", "2016-07-31": "2.41190", "2016-04-30": "2.44490", "2016-01-31": "2.56030", "2015-10-31": "2.86970", "2015-07-31": "3.03070", "2015-04-30": "3.18200", "2015-01-31": "3.28790", "2014-10-31": "3.73810", "2014-07-31": "4.04690", "2014-04-30": "4.13260", "2014-01-31": "4.79660", "2013-10-31": "3.88610", "2013-07-31": "4.49080", "2013-04-30": "2.89090", "2013-01-31": "3.47090", "2012-10-31": "4.10270", "2012-07-31": "", "2012-04-30": "", "2012-01-31": "", "2011-10-31": "", "2011-01-31": "", "2010-01-31": ""}, "Long-term Debt / Capital": {"2020-10-31": "0.18550", "2020-07-31": "0.38170", "2020-04-30": "0.36700", "2020-01-31": "0.29050", "2019-10-31": "0.30260", "2019-07-31": "", "2019-04-30": "0.32480", "2019-01-31": "0.33180", "2018-10-31": "0.34400", "2018-07-31": "0.34860", "2018-04-30": "0.36170", "2018-01-31": "0.42120", "2017-10-31": "0.42460", "2017-07-31": "0.13620", "2017-04-30": "0.29070", "2017-01-31": "0.29510", "2016-10-31": "0.31680", "2016-07-31": "0.31340", "2016-04-30": "0.31300", "2016-01-31": "0.30880", "2015-10-31": "0.31100", "2015-07-31": "0.30720", "2015-04-30": "0.30780", "2015-01-31": "0.29970", "2014-10-31": "0.30040", "2014-07-31": "0.29650", "2014-04-30": "0.29160", "2014-01-31": "0.28450", "2013-10-31": "0.43310", "2013-07-31": "0.42160", "2013-04-30": "0.01750", "2013-01-31": "0.02140", "2012-10-31": "0.02750", "2012-07-31": "", "2012-04-30": "", "2012-01-31": "", "2011-10-31": "", "2011-01-31": "", "2010-01-31": ""}, "Debt/Equity Ratio": {"2020-10-31": "0.58230", "2020-07-31": "0.63040", "2020-04-30": "0.68210", "2020-01-31": "0.50760", "2019-10-31": "0.53800", "2019-07-31": "0.55790", "2019-04-30": "0.59610", "2019-01-31": "0.61520", "2018-10-31": "0.64960", "2018-07-31": "0.66300", "2018-04-30": "0.91080", "2018-01-31": "0.94370", "2017-10-31": "0.95660", "2017-07-31": "0.40020", "2017-04-30": "0.40990", "2017-01-31": "0.41860", "2016-10-31": "0.46380", "2016-07-31": "0.45650", "2016-04-30": "0.45570", "2016-01-31": "0.44670", "2015-10-31": "0.45140", "2015-07-31": "0.44420", "2015-04-30": "0.44620", "2015-01-31": "0.43090", "2014-10-31": "0.43350", "2014-07-31": "0.42600", "2014-04-30": "0.41890", "2014-01-31": "0.40550", "2013-10-31": "0.78040", "2013-07-31": "0.74560", "2013-04-30": "0.03730", "2013-01-31": "0.04220", "2012-10-31": "0.04390", "2012-07-31": "", "2012-04-30": "", "2012-01-31": "", "2011-10-31": "", "2011-01-31": "", "2010-01-31": ""}, "Gross Margin": {"2020-10-31": "73.31000", "2020-07-31": "73.23110", "2020-04-30": "69.98880", "2020-01-31": "70.83120", "2019-10-31": "71.11930", "2019-07-31": "69.99910", "2019-04-30": "70.52090", "2019-01-31": "70.36020", "2018-10-31": "69.99400", "2018-07-31": "70.19150", "2018-04-30": "71.23200", "2018-01-31": "70.65100", "2017-10-31": "70.55130", "2017-07-31": "69.88600", "2017-04-30": "71.51030", "2017-01-31": "70.52760", "2016-10-31": "69.02090", "2016-07-31": "68.79940", "2016-04-30": "68.55310", "2016-01-31": "67.68740", "2015-10-31": "66.66710", "2015-07-31": "67.42830", "2015-04-30": "68.95330", "2015-01-31": "69.08380", "2014-10-31": "66.62060", "2014-07-31": "64.85710", "2014-04-30": "64.05400", "2014-01-31": "64.21550", "2013-10-31": "62.00030", "2013-07-31": "62.10870", "2013-04-30": "59.95530", "2013-01-31": "59.53580", "2012-10-31": "58.42080", "2012-07-31": "54.92170", "2012-04-30": "55.84150", "2012-01-31": "", "2011-10-31": "51.49790", "2011-01-31": "", "2010-01-31": ""}, "Operating Margin": {"2020-10-31": "-1.27280", "2020-07-31": "-1.57760", "2020-04-30": "-14.18490", "2020-01-31": "-14.96440", "2019-10-31": "-11.75250", "2019-07-31": "-13.79860", "2019-04-30": "-14.95490", "2019-01-31": "-15.25220", "2018-10-31": "-24.59070", "2018-07-31": "-13.24690", "2018-04-30": "-11.51940", "2018-01-31": "-13.96360", "2017-10-31": "-14.41500", "2017-07-31": "-15.53890", "2017-04-30": "-12.54530", "2017-01-31": "-18.71300", "2016-10-31": "-26.82830", "2016-07-31": "-23.00550", "2016-04-30": "-21.32100", "2016-01-31": "-18.43190", "2015-10-31": "-22.98780", "2015-07-31": "-23.92680", "2015-04-30": "-21.28010", "2015-01-31": "-22.26690", "2014-10-31": "-23.92990", "2014-07-31": "-33.07050", "2014-04-30": "-32.60550", "2014-01-31": "-33.81780", "2013-10-31": "-31.59330", "2013-07-31": "-30.01530", "2013-04-30": "-35.59820", "2013-01-31": "-37.63300", "2012-10-31": "-56.27810", "2012-07-31": "-42.04010", "2012-04-30": "-35.12440", "2012-01-31": "", "2011-10-31": "-53.33880", "2011-01-31": "", "2010-01-31": ""}, "EBIT Margin": {"2020-10-31": "-1.27280", "2020-07-31": "-1.57760", "2020-04-30": "-14.18490", "2020-01-31": "-14.96440", "2019-10-31": "-11.75250", "2019-07-31": "-13.79860", "2019-04-30": "-14.95490", "2019-01-31": "-15.25220", "2018-10-31": "-24.59070", "2018-07-31": "-13.24690", "2018-04-30": "-11.51940", "2018-01-31": "-13.96360", "2017-10-31": "-14.41500", "2017-07-31": "-15.53890", "2017-04-30": "-12.54530", "2017-01-31": "-18.71300", "2016-10-31": "-26.82830", "2016-07-31": "-23.00550", "2016-04-30": "-21.32100", "2016-01-31": "-18.43190", "2015-10-31": "-22.98780", "2015-07-31": "-23.92680", "2015-04-30": "-21.28010", "2015-01-31": "-22.26690", "2014-10-31": "-23.92990", "2014-07-31": "-33.07050", "2014-04-30": "-32.60550", "2014-01-31": "-33.81780", "2013-10-31": "-31.59330", "2013-07-31": "-30.01530", "2013-04-30": "-35.59820", "2013-01-31": "-37.63290", "2012-10-31": "-56.27810", "2012-07-31": "-42.04010", "2012-04-30": "-35.12440", "2012-01-31": "", "2011-10-31": "-53.33880", "2011-01-31": "", "2010-01-31": ""}, "EBITDA Margin": {"2020-10-31": "", "2020-07-31": "", "2020-04-30": "", "2020-01-31": "", "2019-10-31": "", "2019-07-31": "", "2019-04-30": "", "2019-01-31": "", "2018-10-31": "", "2018-07-31": "", "2018-04-30": "", "2018-01-31": "", "2017-10-31": "", "2017-07-31": "", "2017-04-30": "", "2017-01-31": "", "2016-10-31": "", "2016-07-31": "", "2016-04-30": "", "2016-01-31": "", "2015-10-31": "", "2015-07-31": "", "2015-04-30": "", "2015-01-31": "", "2014-10-31": "", "2014-07-31": "", "2014-04-30": "", "2014-01-31": "", "2013-10-31": "", "2013-07-31": "", "2013-04-30": "", "2013-01-31": "", "2012-10-31": "", "2012-07-31": "", "2012-04-30": "", "2012-01-31": "", "2011-10-31": "", "2011-01-31": "", "2010-01-31": ""}, "Pre-Tax Profit Margin": {"2020-10-31": "-2.07270", "2020-07-31": "-2.65610", "2020-04-30": "-15.26240", "2020-01-31": "-13.23500", "2019-10-31": "-12.19340", "2019-07-31": "-13.81050", "2019-04-30": "-14.08940", "2019-01-31": "-13.33110", "2018-10-31": "-21.00920", "2018-07-31": "-13.00680", "2018-04-30": "-12.14140", "2018-01-31": "-15.18180", "2017-10-31": "-15.08870", "2017-07-31": "-15.36040", "2017-04-30": "-12.89190", "2017-01-31": "-19.23160", "2016-10-31": "-27.58640", "2016-07-31": "-28.61620", "2016-04-30": "-23.01100", "2016-01-31": "-20.47890", "2015-10-31": "-25.18980", "2015-07-31": "-25.26350", "2015-04-30": "-24.16350", "2015-01-31": "-25.92220", "2014-10-31": "-27.67150", "2014-07-31": "-36.79300", "2014-04-30": "-36.98710", "2014-01-31": "-38.69640", "2013-10-31": "-36.98390", "2013-07-31": "-33.25000", "2013-04-30": "-35.87760", "2013-01-31": "-37.83780", "2012-10-31": "-56.77930", "2012-07-31": "-43.05610", "2012-04-30": "-35.18600", "2012-01-31": "", "2011-10-31": "-54.00550", "2011-01-31": "", "2010-01-31": ""}, "Net Profit Margin": {"2020-10-31": "-2.20080", "2020-07-31": "-2.63810", "2020-04-30": "-15.55090", "2020-01-31": "-13.10640", "2019-10-31": "-12.33650", "2019-07-31": "-13.59750", "2019-04-30": "-14.09300", "2019-01-31": "-13.23320", "2018-10-31": "-20.63150", "2018-07-31": "-12.82620", "2018-04-30": "-12.02790", "2018-01-31": "-15.29670", "2017-10-31": "-15.40290", "2017-07-31": "-15.71080", "2017-04-30": "-13.34640", "2017-01-31": "-18.56130", "2016-10-31": "-27.84940", "2016-07-31": "-28.59900", "2016-04-30": "-23.33960", "2016-01-31": "-20.85090", "2015-10-31": "-25.48960", "2015-07-31": "-24.55680", "2015-04-30": "-24.52930", "2015-01-31": "-26.28070", "2014-10-31": "-27.85700", "2014-07-31": "-37.05700", "2014-04-30": "-37.17920", "2014-01-31": "-39.46120", "2013-10-31": "-37.17310", "2013-07-31": "-33.45080", "2013-04-30": "-36.02490", "2013-01-31": "-37.95920", "2012-10-31": "-57.10840", "2012-07-31": "-43.19960", "2012-04-30": "-35.65070", "2012-01-31": "", "2011-10-31": "-54.32920", "2011-01-31": "", "2010-01-31": ""}, "Asset Turnover": {"2020-10-31": "0.14100", "2020-07-31": "0.14160", "2020-04-30": "0.14090", "2020-01-31": "0.14320", "2019-10-31": "0.15240", "2019-07-31": "0.14820", "2019-04-30": "0.14170", "2019-01-31": "0.14280", "2018-10-31": "0.14860", "2018-07-31": "0.14100", "2018-04-30": "0.12550", "2018-01-31": "0.11770", "2017-10-31": "0.12170", "2017-07-31": "0.15420", "2017-04-30": "0.14500", "2017-01-31": "0.13510", "2016-10-31": "0.14010", "2016-07-31": "0.13350", "2016-04-30": "0.12440", "2016-01-31": "0.11640", "2015-10-31": "0.12160", "2015-07-31": "0.11570", "2015-04-30": "0.10530", "2015-01-31": "0.09630", "2014-10-31": "0.09630", "2014-07-31": "0.08510", "2014-04-30": "0.07240", "2014-01-31": "0.06520", "2013-10-31": "0.08370", "2013-07-31": "0.07140", "2013-04-30": "0.09340", "2013-01-31": "0.08500", "2012-10-31": "0.07640", "2012-07-31": "", "2012-04-30": "", "2012-01-31": "", "2011-10-31": "", "2011-01-31": "", "2010-01-31": ""}, "Inventory Turnover Ratio": {"2020-10-31": "", "2020-07-31": "", "2020-04-30": "", "2020-01-31": "", "2019-10-31": "", "2019-07-31": "", "2019-04-30": "", "2019-01-31": "", "2018-10-31": "", "2018-07-31": "", "2018-04-30": "", "2018-01-31": "", "2017-10-31": "", "2017-07-31": "", "2017-04-30": "", "2017-01-31": "", "2016-10-31": "", "2016-07-31": "", "2016-04-30": "", "2016-01-31": "", "2015-10-31": "", "2015-07-31": "", "2015-04-30": "", "2015-01-31": "", "2014-10-31": "", "2014-07-31": "", "2014-04-30": "", "2014-01-31": "", "2013-10-31": "", "2013-07-31": "", "2013-04-30": "", "2013-01-31": "", "2012-10-31": "", "2012-07-31": "", "2012-04-30": "", "2012-01-31": "", "2011-10-31": "", "2011-01-31": "", "2010-01-31": ""}, "Receiveable Turnover": {"2020-10-31": "1.48900", "2020-07-31": "1.52960", "2020-04-30": "1.74320", "2020-01-31": "1.11250", "2019-10-31": "1.52410", "2019-07-31": "1.44720", "2019-04-30": "1.51990", "2019-01-31": "1.11910", "2018-10-31": "1.52910", "2018-07-31": "1.46830", "2018-04-30": "1.74650", "2018-01-31": "1.10270", "2017-10-31": "1.59000", "2017-07-31": "1.41770", "2017-04-30": "1.61080", "2017-01-31": "1.07790", "2016-10-31": "1.52290", "2016-07-31": "1.51900", "2016-04-30": "1.78890", "2016-01-31": "1.08300", "2015-10-31": "1.78670", "2015-07-31": "1.80890", "2015-04-30": "1.95310", "2015-01-31": "1.20130", "2014-10-31": "1.80820", "2014-07-31": "1.85790", "2014-04-30": "1.61130", "2014-01-31": "1.53890", "2013-10-31": "1.47050", "2013-07-31": "1.60600", "2013-04-30": "1.51870", "2013-01-31": "1.20880", "2012-10-31": "1.18850", "2012-07-31": "", "2012-04-30": "", "2012-01-31": "", "2011-10-31": "", "2011-01-31": "", "2010-01-31": ""}, "Days Sales In Receivables": {"2020-10-31": "60.44250", "2020-07-31": "58.83990", "2020-04-30": "51.63050", "2020-01-31": "80.89940", "2019-10-31": "59.05100", "2019-07-31": "62.18880", "2019-04-30": "59.21530", "2019-01-31": "80.41970", "2018-10-31": "58.85980", "2018-07-31": "61.29730", "2018-04-30": "51.53020", "2018-01-31": "81.61430", "2017-10-31": "56.60500", "2017-07-31": "63.48540", "2017-04-30": "55.87130", "2017-01-31": "83.49510", "2016-10-31": "59.09700", "2016-07-31": "59.24770", "2016-04-30": "50.31120", "2016-01-31": "83.09960", "2015-10-31": "50.37110", "2015-07-31": "49.75440", "2015-04-30": "46.08110", "2015-01-31": "74.91890", "2014-10-31": "49.77390", "2014-07-31": "48.44230", "2014-04-30": "55.85580", "2014-01-31": "58.48170", "2013-10-31": "61.20570", "2013-07-31": "56.04090", "2013-04-30": "59.26180", "2013-01-31": "74.45290", "2012-10-31": "75.72380", "2012-07-31": "", "2012-04-30": "", "2012-01-31": "", "2011-10-31": "", "2011-01-31": "", "2010-01-31": ""}, "ROE - Return On Equity": {"2020-10-31": "-0.79080", "2020-07-31": "-0.98700", "2020-04-30": "-6.08640", "2020-01-31": "-5.14600", "2019-10-31": "-4.99010", "2019-07-31": "-5.46140", "2019-04-30": "-5.68650", "2019-01-31": "-5.32880", "2018-10-31": "-8.36440", "2018-07-31": "-4.85320", "2018-04-30": "-4.48980", "2018-01-31": "-5.63790", "2017-10-31": "-5.55390", "2017-07-31": "-6.02250", "2017-04-30": "-4.84870", "2017-01-31": "-6.42220", "2016-10-31": "-10.02810", "2016-07-31": "-9.46880", "2016-04-30": "-7.14640", "2016-01-31": "-5.83180", "2015-10-31": "-6.91330", "2015-07-31": "-6.13270", "2015-04-30": "-5.51580", "2015-01-31": "-5.28130", "2014-10-31": "-5.30560", "2014-07-31": "-6.07770", "2014-04-30": "-5.14000", "2014-01-31": "-4.71540", "2013-10-31": "-7.74920", "2013-07-31": "-5.63260", "2013-04-30": "-5.77400", "2013-01-31": "-5.22450", "2012-10-31": "-6.71160", "2012-07-31": "", "2012-04-30": "", "2012-01-31": "", "2011-10-31": "", "2011-01-31": "", "2010-01-31": ""}, "Return On Tangible Equity": {"2020-10-31": "-2.44420", "2020-07-31": "-3.77390", "2020-04-30": "-32.31010", "2020-01-31": "-35.65390", "2019-10-31": "-17.32960", "2019-07-31": "-22.23130", "2019-04-30": "-31.27980", "2019-01-31": "-39.22210", "2018-10-31": "-124.70910", "2018-07-31": "-5.50790", "2018-04-30": "-5.06620", "2018-01-31": "-6.42510", "2017-10-31": "-6.34830", "2017-07-31": "-7.03750", "2017-04-30": "-5.72460", "2017-01-31": "-7.66610", "2016-10-31": "-12.32650", "2016-07-31": "-10.07490", "2016-04-30": "-7.58250", "2016-01-31": "-6.19040", "2015-10-31": "-7.37420", "2015-07-31": "-6.37460", "2015-04-30": "-5.69170", "2015-01-31": "-5.44960", "2014-10-31": "-5.47570", "2014-07-31": "-6.27250", "2014-04-30": "-5.30370", "2014-01-31": "-4.74940", "2013-10-31": "-7.85800", "2013-07-31": "-5.70850", "2013-04-30": "-5.86100", "2013-01-31": "-5.30050", "2012-10-31": "-6.80570", "2012-07-31": "", "2012-04-30": "", "2012-01-31": "", "2011-10-31": "", "2011-01-31": "", "2010-01-31": ""}, "ROA - Return On Assets": {"2020-10-31": "-0.31030", "2020-07-31": "-0.37350", "2020-04-30": "-2.19120", "2020-01-31": "-1.87720", "2019-10-31": "-1.88000", "2019-07-31": "-2.01450", "2019-04-30": "-1.99640", "2019-01-31": "-1.89030", "2018-10-31": "-3.06640", "2018-07-31": "-1.80810", "2018-04-30": "-1.51000", "2018-01-31": "-1.80090", "2017-10-31": "-1.87410", "2017-07-31": "-2.42230", "2017-04-30": "-1.93560", "2017-01-31": "-2.50850", "2016-10-31": "-3.90290", "2016-07-31": "-3.81740", "2016-04-30": "-2.90410", "2016-01-31": "-2.42700", "2015-10-31": "-3.09860", "2015-07-31": "-2.84060", "2015-04-30": "-2.58370", "2015-01-31": "-2.53040", "2014-10-31": "-2.68380", "2014-07-31": "-3.15340", "2014-04-30": "-2.69130", "2014-01-31": "-2.57240", "2013-10-31": "-3.11050", "2013-07-31": "-2.38900", "2013-04-30": "-3.36460", "2013-01-31": "-3.22640", "2012-10-31": "-4.34770", "2012-07-31": "", "2012-04-30": "", "2012-01-31": "", "2011-10-31": "", "2011-01-31": "", "2010-01-31": ""}, "ROI - Return On Investment": {"2020-10-31": "-0.64400", "2020-07-31": "-0.61030", "2020-04-30": "-3.85250", "2020-01-31": "-3.65120", "2019-10-31": "-3.48000", "2019-07-31": "-5.46140", "2019-04-30": "-3.83970", "2019-01-31": "-3.56100", "2018-10-31": "-5.48730", "2018-07-31": "-3.16130", "2018-04-30": "-2.86570", "2018-01-31": "-3.26350", "2017-10-31": "-3.19590", "2017-07-31": "-5.20240", "2017-04-30": "-3.43910", "2017-01-31": "-4.52700", "2016-10-31": "-6.85080", "2016-07-31": "-6.50120", "2016-04-30": "-4.90930", "2016-01-31": "-4.03120", "2015-10-31": "-4.76350", "2015-07-31": "-4.24850", "2015-04-30": "-3.81810", "2015-01-31": "-3.69830", "2014-10-31": "-3.71190", "2014-07-31": "-4.27570", "2014-04-30": "-3.64120", "2014-01-31": "-3.37400", "2013-10-31": "-4.39300", "2013-07-31": "-3.25810", "2013-04-30": "-5.67320", "2013-01-31": "-5.11260", "2012-10-31": "-6.52680", "2012-07-31": "", "2012-04-30": "", "2012-01-31": "", "2011-10-31": "", "2011-01-31": "", "2010-01-31": ""}, "Book Value Per Share": {"2020-10-31": "12.82520", "2020-07-31": "11.97670", "2020-04-30": "11.07240", "2020-01-31": "10.71790", "2019-10-31": "10.08340", "2019-07-31": "9.69420", "2019-04-30": "9.04760", "2019-01-31": "8.82180", "2018-10-31": "8.40890", "2018-07-31": "8.18080", "2018-04-30": "7.70840", "2018-01-31": "7.45460", "2017-10-31": "7.33460", "2017-07-31": "6.58840", "2017-04-30": "6.41190", "2017-01-31": "6.28870", "2016-10-31": "5.65900", "2016-07-31": "5.73290", "2016-04-30": "5.72670", "2016-01-31": "5.82640", "2015-10-31": "5.86210", "2015-07-31": "5.89570", "2015-04-30": "5.84310", "2015-01-31": "5.98920", "2014-10-31": "6.03860", "2014-07-31": "6.12940", "2014-04-30": "6.26250", "2014-01-31": "6.48750", "2013-10-31": "3.50920", "2013-07-31": "3.65410", "2013-04-30": "3.31660", "2013-01-31": "3.56800", "2012-10-31": "3.70780", "2012-07-31": "", "2012-04-30": "", "2012-01-31": "", "2011-10-31": "", "2011-01-31": "", "2010-01-31": ""}, "Operating Cash Flow Per Share": {"2020-10-31": 1.2188, "2020-07-31": 0.6514, "2020-04-30": "1.13200", "2020-01-31": 1.3218, "2019-10-31": 1.1169, "2019-07-31": 0.4303, "2019-04-30": "0.93670", "2019-01-31": 1.1624, "2018-10-31": 0.516, "2018-07-31": 0.2553, "2018-04-30": "0.86470", "2018-01-31": 0.6201, "2017-10-31": 0.6788, "2017-07-31": 0.0594, "2017-04-30": "0.88320", "2017-01-31": 0.5699, "2016-10-31": 0.3486, "2016-07-31": 0.0204, "2016-04-30": "0.83000", "2016-01-31": 0.5214, "2015-10-31": 0.2726, "2015-07-31": 0.0751, "2015-04-30": "0.49200", "2015-01-31": 0.2638, "2014-10-31": 0.2227, "2014-07-31": -0.0497, "2014-04-30": "0.11850", "2014-01-31": 0.2043, "2013-10-31": 0.0405, "2013-07-31": -0.0777, "2013-04-30": "0.10300", "2013-01-31": 0.0664, "2012-10-31": -0.3362, "2012-07-31": 0.0363, "2012-04-30": "0.38500", "2012-01-31": 0.2395, "2011-10-31": -0.2395, "2011-01-31": 0, "2010-01-31": 0}, "Free Cash Flow Per Share": {"2020-10-31": 0.8949, "2020-07-31": 0.3727, "2020-04-30": "0.87470", "2020-01-31": 1.1082, "2019-10-31": 0.8811, "2019-07-31": 0.1005, "2019-04-30": "0.64320", "2019-01-31": 0.9524, "2018-10-31": 0.2652, "2018-07-31": 0.0113, "2018-04-30": "0.63540", "2018-01-31": 0.4431, "2017-10-31": 0.5085, "2017-07-31": -0.1244, "2017-04-30": "0.73310", "2017-01-31": 0.4042, "2016-10-31": 0.2142, "2016-07-31": -0.1118, "2016-04-30": "0.65280", "2016-01-31": 0.2987, "2015-10-31": 0.076, "2015-07-31": -0.0579, "2015-04-30": "0.34090", "2015-01-31": 0.0576, "2014-10-31": 0.0724, "2014-07-31": -0.2035, "2014-04-30": "0.06460", "2014-01-31": 0.1273, "2013-10-31": -0.0546, "2013-07-31": -0.2488, "2013-04-30": "0.09170", "2013-01-31": -0.0386, "2012-10-31": -0.2732, "2012-07-31": -0.0699, "2012-04-30": "0.31840", "2012-01-31": 0.3652, "2011-10-31": -0.3652, "2011-01-31": 0, "2010-01-31": 0}}, "revenue": {"Workday Annual Revenue (Millions of US $)": {"2020": "$3,627", "2019": "$2,822", "2018": "$2,143", "2017": "$1,574", "2016": "$1,157", "2015": "$788", "2014": "$469", "2013": "$274", "2012": "$134", "2011": "$7", "2010": "$", "2009": "$"}, "Workday Quarterly Revenue (Millions of US $)": {"2020-10-31": "$1,106", "2020-07-31": "$1,062", "2020-04-30": "$1,018", "2020-01-31": "$976", "2019-10-31": "$938", "2019-07-31": "$888", "2019-04-30": "$825", "2019-01-31": "$789", "2018-10-31": "$743", "2018-07-31": "$672", "2018-04-30": "$619", "2018-01-31": "$582", "2017-10-31": "$555", "2017-07-31": "$525", "2017-04-30": "$480", "2017-01-31": "$442", "2016-10-31": "$410", "2016-07-31": "$378", "2016-04-30": "$345", "2016-01-31": "$318", "2015-10-31": "$305", "2015-07-31": "$283", "2015-04-30": "$251", "2015-01-31": "$226", "2014-10-31": "$215", "2014-07-31": "$187", "2014-04-30": "$160", "2014-01-31": "$142", "2013-10-31": "$128", "2013-07-31": "$108", "2013-04-30": "$92", "2013-01-31": "$82", "2012-10-31": "$73", "2012-07-31": "$63", "2012-04-30": "$57", "2012-01-31": "", "2011-10-31": "$36", "2011-01-31": "", "2010-01-31": ""}}, "gross-profit": {"Workday Annual Gross Profit (Millions of US $)": {"2020": "$2,562", "2019": "$1,987", "2018": "$1,514", "2017": "$1,091", "2016": "$782", "2015": "$523", "2014": "$292", "2013": "$157", "2012": "$69", "2011": "$3", "2010": "$", "2009": "$"}, "Workday Quarterly Gross Profit (Millions of US $)": {"2020-10-31": "$811", "2020-07-31": "$778", "2020-04-30": "$713", "2020-01-31": "$692", "2019-10-31": "$667", "2019-07-31": "$621", "2019-04-30": "$582", "2019-01-31": "$555", "2018-10-31": "$520", "2018-07-31": "$471", "2018-04-30": "$441", "2018-01-31": "$412", "2017-10-31": "$392", "2017-07-31": "$367", "2017-04-30": "$343", "2017-01-31": "$312", "2016-10-31": "$283", "2016-07-31": "$260", "2016-04-30": "$237", "2016-01-31": "$215", "2015-10-31": "$204", "2015-07-31": "$191", "2015-04-30": "$173", "2015-01-31": "$156", "2014-10-31": "$143", "2014-07-31": "$121", "2014-04-30": "$102", "2014-01-31": "$91", "2013-10-31": "$79", "2013-07-31": "$67", "2013-04-30": "$55", "2013-01-31": "$49", "2012-10-31": "$42", "2012-07-31": "$34", "2012-04-30": "$32", "2012-01-31": "", "2011-10-31": "$19", "2011-01-31": "", "2010-01-31": ""}}, "operating-income": {"Workday Annual Operating Income (Millions of US $)": {"2020": "$-502", "2019": "$-463", "2018": "$-303", "2017": "$-353", "2016": "$-250", "2015": "$-216", "2014": "$-153", "2013": "$-118", "2012": "$-78", "2011": "$-5", "2010": "$-45", "2009": "$-26"}, "Workday Quarterly Operating Income (Millions of US $)": {"2020-10-31": "$-14", "2020-07-31": "$-17", "2020-04-30": "$-144", "2020-01-31": "$-146", "2019-10-31": "$-110", "2019-07-31": "$-122", "2019-04-30": "$-123", "2019-01-31": "$-120", "2018-10-31": "$-183", "2018-07-31": "$-89", "2018-04-30": "$-71", "2018-01-31": "$-81", "2017-10-31": "$-80", "2017-07-31": "$-82", "2017-04-30": "$-60", "2017-01-31": "$-83", "2016-10-31": "$-110", "2016-07-31": "$-87", "2016-04-30": "$-74", "2016-01-31": "$-59", "2015-10-31": "$-70", "2015-07-31": "$-68", "2015-04-30": "$-53", "2015-01-31": "$-50", "2014-10-31": "$-51", "2014-07-31": "$-62", "2014-04-30": "$-52", "2014-01-31": "$-48", "2013-10-31": "$-40", "2013-07-31": "$-32", "2013-04-30": "$-33", "2013-01-31": "$-31", "2012-10-31": "$-41", "2012-07-31": "$-26", "2012-04-30": "$-20", "2012-01-31": "", "2011-10-31": "$-19", "2011-01-31": "", "2010-01-31": ""}}, "ebitda": {"Workday Annual EBITDA (Millions of US $)": {"2020": "$-81", "2019": "$-134", "2018": "$-66", "2017": "$-175", "2016": "$-102", "2015": "$-113", "2014": "$-92", "2013": "$-89", "2012": "$-62", "2011": "$-4", "2010": "$-38", "2009": "$-26"}, "Workday Quarterly EBITDA (Millions of US $)": {"2020-10-31": "$101", "2020-07-31": "$98", "2020-04-30": "$-32", "2020-01-31": "$-32", "2019-10-31": "$-1", "2019-07-31": "$-18", "2019-04-30": "$-30", "2019-01-31": "$-29", "2018-10-31": "$-95", "2018-07-31": "$-12", "2018-04-30": "$2", "2018-01-31": "$-12", "2017-10-31": "$-19", "2017-07-31": "$-27", "2017-04-30": "$-8", "2017-01-31": "$-26", "2016-10-31": "$-66", "2016-07-31": "$-47", "2016-04-30": "$-35", "2016-01-31": "$-9", "2015-10-31": "$-36", "2015-07-31": "$-34", "2015-04-30": "$-24", "2015-01-31": "$-23", "2014-10-31": "$-24", "2014-07-31": "$-37", "2014-04-30": "$-30", "2014-01-31": "$-28", "2013-10-31": "$-22", "2013-07-31": "$-19", "2013-04-30": "$-24", "2013-01-31": "$-22", "2012-10-31": "$-34", "2012-07-31": "$-20", "2012-04-30": "$-13", "2012-01-31": "", "2011-10-31": "$-19", "2011-01-31": "", "2010-01-31": ""}}, "net-income": {"Workday Annual Net Income (Millions of US $)": {"2020": "$-481", "2019": "$-418", "2018": "$-321", "2017": "$-385", "2016": "$-275", "2015": "$-248", "2014": "$-173", "2013": "$-120", "2012": "$-80", "2011": "$-5", "2010": "$-56", "2009": "$-50"}, "Workday Quarterly Net Income (Millions of US $)": {"2020-10-31": "$-24", "2020-07-31": "$-28", "2020-04-30": "$-158", "2020-01-31": "$-128", "2019-10-31": "$-116", "2019-07-31": "$-121", "2019-04-30": "$-116", "2019-01-31": "$-104", "2018-10-31": "$-153", "2018-07-31": "$-86", "2018-04-30": "$-74", "2018-01-31": "$-89", "2017-10-31": "$-86", "2017-07-31": "$-83", "2017-04-30": "$-64", "2017-01-31": "$-82", "2016-10-31": "$-114", "2016-07-31": "$-108", "2016-04-30": "$-81", "2016-01-31": "$-66", "2015-10-31": "$-78", "2015-07-31": "$-69", "2015-04-30": "$-62", "2015-01-31": "$-59", "2014-10-31": "$-60", "2014-07-31": "$-69", "2014-04-30": "$-59", "2014-01-31": "$-56", "2013-10-31": "$-48", "2013-07-31": "$-36", "2013-04-30": "$-33", "2013-01-31": "$-31", "2012-10-31": "$-41", "2012-07-31": "$-27", "2012-04-30": "$-20", "2012-01-31": "", "2011-10-31": "$-20", "2011-01-31": "", "2010-01-31": ""}}, "eps-earnings-per-share-diluted": {"Workday Annual EPS": {"2020": "$-2.12", "2019": "$-1.93", "2018": "$-1.55", "2017": "$-1.94", "2016": "$-1.45", "2015": "$-1.35", "2014": "$-1.01", "2013": "$-1.62", "2012": "$-2.71", "2011": "$0.00", "2010": "$0.00", "2009": "$0.00"}, "Workday Quarterly EPS": {"2020-10-31": "$-0.10", "2020-07-31": "$-0.12", "2020-04-30": "$-0.68", "2020-01-31": "$-0.56", "2019-10-31": "$-0.51", "2019-07-31": "$-0.53", "2019-04-30": "$-0.52", "2019-01-31": "$-0.48", "2018-10-31": "$-0.70", "2018-07-31": "$-0.40", "2018-04-30": "$-0.35", "2018-01-31": "$-0.43", "2017-10-31": "$-0.41", "2017-07-31": "$-0.40", "2017-04-30": "$-0.31", "2017-01-31": "$-0.41", "2016-10-31": "$-0.57", "2016-07-31": "$-0.55", "2016-04-30": "$-0.41", "2016-01-31": "$-0.34", "2015-10-31": "$-0.41", "2015-07-31": "$-0.37", "2015-04-30": "$-0.33", "2015-01-31": "$-0.32", "2014-10-31": "$-0.33", "2014-07-31": "$-0.38", "2014-04-30": "$-0.32", "2014-01-31": "$-0.33", "2013-10-31": "$-0.27", "2013-07-31": "$-0.21", "2013-04-30": "$-0.20", "2013-01-31": "$0.44", "2012-10-31": "$-0.67", "2012-07-31": "$-0.78", "2012-04-30": "$-0.61", "2012-01-31": "$0.00", "2011-10-31": "$-0.66", "2011-01-31": "$0.00", "2010-01-31": "$0.00"}}, "shares-outstanding": {"Workday Annual Shares Outstanding (Millions of Shares)": {"2020": "227", "2019": "217", "2018": "208", "2017": "198", "2016": "190", "2015": "184", "2014": "171", "2013": "74", "2012": "29", "2011": "", "2010": "", "2009": ""}, "Workday Quarterly Shares Outstanding (Millions of Shares)": {"2020-10-31": "238", "2020-07-31": "236", "2020-04-30": "233", "2020-01-31": "227", "2019-10-31": "228", "2019-07-31": "226", "2019-04-30": "223", "2019-01-31": "217", "2018-10-31": "218", "2018-07-31": "216", "2018-04-30": "213", "2018-01-31": "208", "2017-10-31": "209", "2017-07-31": "207", "2017-04-30": "204", "2017-01-31": "198", "2016-10-31": "199", "2016-07-31": "197", "2016-04-30": "195", "2016-01-31": "190", "2015-10-31": "191", "2015-07-31": "189", "2015-04-30": "187", "2015-01-31": "184", "2014-10-31": "184", "2014-07-31": "184", "2014-04-30": "183", "2014-01-31": "171", "2013-10-31": "174", "2013-07-31": "173", "2013-04-30": "168", "2013-01-31": "74", "2012-10-31": "62", "2012-07-31": "35", "2012-04-30": "33", "2012-01-31": "", "2011-10-31": "30", "2011-01-31": "", "2010-01-31": ""}}, "total-assets": {"Workday Annual Total Assets (Millions of US $)": {"2020": "$6,816", "2019": "$5,521", "2018": "$4,947", "2017": "$3,268", "2016": "$2,730", "2015": "$2,350", "2014": "$2,176", "2013": "$959", "2012": "$233", "2011": "$0", "2010": "$21", "2009": "$0"}, "Workday Quarterly Total Assets (Millions of US $)": {"2020-10-31": "$7,845", "2020-07-31": "$7,501", "2020-04-30": "$7,228", "2020-01-31": "$6,816", "2019-10-31": "$6,156", "2019-07-31": "$5,992", "2019-04-30": "$5,824", "2019-01-31": "$5,521", "2018-10-31": "$5,000", "2018-07-31": "$4,765", "2018-04-30": "$4,928", "2018-01-31": "$4,947", "2017-10-31": "$4,565", "2017-07-31": "$3,407", "2017-04-30": "$3,309", "2017-01-31": "$3,268", "2016-10-31": "$2,923", "2016-07-31": "$2,830", "2016-04-30": "$2,776", "2016-01-31": "$2,730", "2015-10-31": "$2,511", "2015-07-31": "$2,444", "2015-04-30": "$2,383", "2015-01-31": "$2,350", "2014-10-31": "$2,232", "2014-07-31": "$2,195", "2014-04-30": "$2,207", "2014-01-31": "$2,176", "2013-10-31": "$1,528", "2013-07-31": "$1,506", "2013-04-30": "$981", "2013-01-31": "$959", "2012-10-31": "$950", "2012-07-31": "$0", "2012-04-30": "$0", "2012-01-31": "$0", "2011-10-31": "$0", "2011-01-31": "$0", "2010-01-31": "$0"}}, "cash-on-hand": {"Workday Annual Cash on Hand (Millions of US $)": {"2020": "$1,945", "2019": "$1,778", "2018": "$3,268", "2017": "$1,997", "2016": "$1,969", "2015": "$1,858", "2014": "$1,887", "2013": "$790", "2012": "$111", "2011": "$", "2010": "$", "2009": "$"}, "Workday Quarterly Cash on Hand (Millions of US $)": {"2020-10-31": "$2,948", "2020-07-31": "$2,754", "2020-04-30": "$2,599", "2020-01-31": "$1,945", "2019-10-31": "$2,105", "2019-07-31": "$1,927", "2019-04-30": "$1,892", "2019-01-31": "$1,778", "2018-10-31": "$1,582", "2018-07-31": "$2,985", "2018-04-30": "$3,366", "2018-01-31": "$3,268", "2017-10-31": "$3,211", "2017-07-31": "$2,098", "2017-04-30": "$2,116", "2017-01-31": "$1,997", "2016-10-31": "$1,914", "2016-07-31": "$2,068", "2016-04-30": "$2,080", "2016-01-31": "$1,969", "2015-10-31": "$1,896", "2015-07-31": "$1,907", "2015-04-30": "$1,922", "2015-01-31": "$1,858", "2014-10-31": "$1,835", "2014-07-31": "$1,822", "2014-04-30": "$1,866", "2014-01-31": "$1,887", "2013-10-31": "$1,283", "2013-07-31": "$1,295", "2013-04-30": "$806", "2013-01-31": "$790", "2012-10-31": "$797", "2012-07-31": "", "2012-04-30": "", "2012-01-31": "", "2011-10-31": "", "2011-01-31": "", "2010-01-31": ""}}, "long-term-debt": {"Workday Annual Long Term Debt (Millions of US $)": {"2020": "$1,018", "2019": "$972", "2018": "$1,150", "2017": "$534", "2016": "$507", "2015": "$482", "2014": "$472", "2013": "$13", "2012": "$9", "2011": "$", "2010": "$", "2009": "$"}, "Workday Quarterly Long Term Debt (Millions of US $)": {"2020-10-31": "$701", "2020-07-31": "$1,752", "2020-04-30": "$1,509", "2020-01-31": "$1,018", "2019-10-31": "$1,006", "2019-07-31": "", "2019-04-30": "$984", "2019-01-31": "$972", "2018-10-31": "$961", "2018-07-31": "$950", "2018-04-30": "$939", "2018-01-31": "$1,150", "2017-10-31": "$1,136", "2017-07-31": "$216", "2017-04-30": "$541", "2017-01-31": "$534", "2016-10-31": "$528", "2016-07-31": "$521", "2016-04-30": "$514", "2016-01-31": "$507", "2015-10-31": "$508", "2015-07-31": "$502", "2015-04-30": "$496", "2015-01-31": "$482", "2014-10-31": "$485", "2014-07-31": "$480", "2014-04-30": "$476", "2014-01-31": "$472", "2013-10-31": "$469", "2013-07-31": "$466", "2013-04-30": "$10", "2013-01-31": "$13", "2012-10-31": "$17", "2012-07-31": "", "2012-04-30": "", "2012-01-31": "", "2011-10-31": "", "2011-01-31": "", "2010-01-31": ""}}, "total-liabilities": {"Workday Annual Total Liabilities (Millions of US $)": {"2020": "$4,330", "2019": "$3,562", "2018": "$3,367", "2017": "$1,992", "2016": "$1,594", "2015": "$1,224", "2014": "$989", "2013": "$367", "2012": "$237", "2011": "$0", "2010": "$", "2009": "$"}, "Workday Quarterly Total Liabilities (Millions of US $)": {"2020-10-31": "$4,767", "2020-07-31": "$4,663", "2020-04-30": "$4,625", "2020-01-31": "$4,330", "2019-10-31": "$3,836", "2019-07-31": "$3,782", "2019-04-30": "$3,779", "2019-01-31": "$3,562", "2018-10-31": "$3,167", "2018-07-31": "$2,990", "2018-04-30": "$3,271", "2018-01-31": "$3,367", "2017-10-31": "$3,024", "2017-07-31": "$2,037", "2017-04-30": "$1,988", "2017-01-31": "$1,992", "2016-10-31": "$1,785", "2016-07-31": "$1,689", "2016-04-30": "$1,648", "2016-01-31": "$1,594", "2015-10-31": "$1,386", "2015-07-31": "$1,312", "2015-04-30": "$1,267", "2015-01-31": "$1,224", "2014-10-31": "$1,103", "2014-07-31": "$1,056", "2014-04-30": "$1,051", "2014-01-31": "$989", "2013-10-31": "$915", "2013-07-31": "$867", "2013-04-30": "$409", "2013-01-31": "$367", "2012-10-31": "$335", "2012-07-31": "$0", "2012-04-30": "$0", "2012-01-31": "", "2011-10-31": "$0", "2011-01-31": "$0", "2010-01-31": "$0"}}, "total-share-holder-equity": {"Workday Annual Share Holder Equity (Millions of US $)": {"2020": "$2,487", "2019": "$1,958", "2018": "$1,580", "2017": "$1,277", "2016": "$1,136", "2015": "$1,126", "2014": "$1,187", "2013": "$592", "2012": "$-5", "2011": "$0", "2010": "$76", "2009": "$"}, "Workday Quarterly Share Holder Equity (Millions of US $)": {"2020-10-31": "$3,078", "2020-07-31": "$2,838", "2020-04-30": "$2,602", "2020-01-31": "$2,487", "2019-10-31": "$2,319", "2019-07-31": "$2,210", "2019-04-30": "$2,045", "2019-01-31": "$1,958", "2018-10-31": "$1,833", "2018-07-31": "$1,775", "2018-04-30": "$1,657", "2018-01-31": "$1,580", "2017-10-31": "$1,540", "2017-07-31": "$1,370", "2017-04-30": "$1,321", "2017-01-31": "$1,277", "2016-10-31": "$1,137", "2016-07-31": "$1,141", "2016-04-30": "$1,128", "2016-01-31": "$1,136", "2015-10-31": "$1,126", "2015-07-31": "$1,132", "2015-04-30": "$1,116", "2015-01-31": "$1,126", "2014-10-31": "$1,129", "2014-07-31": "$1,139", "2014-04-30": "$1,155", "2014-01-31": "$1,187", "2013-10-31": "$613", "2013-07-31": "$639", "2013-04-30": "$572", "2013-01-31": "$592", "2012-10-31": "$616", "2012-07-31": "$0", "2012-04-30": "$0", "2012-01-31": "", "2011-10-31": "$0", "2011-01-31": "$0", "2010-01-31": "$0"}}, "profit-margins": {"current": "-8.14%"}, "gross margin": {"2020-10-31": "71.94%", "2020-07-31": "71.36%", "2020-04-30": "70.50%", "2020-01-31": "70.64%", "2019-10-31": "70.49%", "2019-07-31": "70.20%", "2019-04-30": "70.25%", "2019-01-31": "70.39%", "2018-10-31": "70.49%", "2018-07-31": "70.68%", "2018-04-30": "70.67%", "2018-01-31": "70.68%", "2017-10-31": "70.63%", "2017-07-31": "70.27%", "2017-04-30": "70.06%", "2017-01-31": "69.33%", "2016-10-31": "68.57%", "2016-07-31": "68.05%", "2016-04-30": "67.71%", "2016-01-31": "67.68%", "2015-10-31": "67.98%", "2015-07-31": "68.00%", "2015-04-30": "67.46%", "2015-01-31": "66.24%", "2014-10-31": "64.91%", "2014-07-31": "63.70%", "2014-04-30": "63.01%", "2014-01-31": "62.13%", "2013-10-31": "60.98%", "2013-07-31": "60.00%", "2013-04-30": "58.06%", "2013-01-31": "57.09%", "2012-07-31": "54.49%"}, "operating margin": {"2020-10-31": "-7.71%", "2020-07-31": "-10.44%", "2020-04-30": "-13.66%", "2020-01-31": "-13.81%", "2019-10-31": "-13.81%", "2019-07-31": "-16.89%", "2019-04-30": "-17.00%", "2019-01-31": "-16.40%", "2018-10-31": "-16.21%", "2018-07-31": "-13.22%", "2018-04-30": "-13.77%", "2018-01-31": "-14.15%", "2017-10-31": "-15.23%", "2017-07-31": "-18.04%", "2017-04-30": "-19.88%", "2017-01-31": "-22.48%", "2016-10-31": "-22.74%", "2016-07-31": "-21.55%", "2016-04-30": "-21.66%", "2016-01-31": "-21.61%", "2015-10-31": "-22.63%", "2015-07-31": "-22.77%", "2015-04-30": "-24.57%", "2015-01-31": "-27.28%", "2014-10-31": "-30.26%", "2014-07-31": "-32.74%", "2014-04-30": "-31.97%", "2014-01-31": "-32.55%", "2013-10-31": "-33.17%", "2013-07-31": "-38.59%", "2013-04-30": "-42.26%", "2013-01-31": "-42.91%", "2012-07-31": "-41.67%"}, "ebitda margin": {"2020-10-31": "3.24%", "2020-07-31": "0.83%", "2020-04-30": "-2.17%", "2020-01-31": "-2.23%", "2019-10-31": "-2.27%", "2019-07-31": "-5.30%", "2019-04-30": "-5.48%", "2019-01-31": "-4.75%", "2018-10-31": "-4.47%", "2018-07-31": "-1.69%", "2018-04-30": "-2.46%", "2018-01-31": "-3.08%", "2017-10-31": "-4.00%", "2017-07-31": "-6.84%", "2017-04-30": "-8.60%", "2017-01-31": "-11.05%", "2016-10-31": "-10.82%", "2016-07-31": "-9.44%", "2016-04-30": "-9.11%", "2016-01-31": "-8.90%", "2015-10-31": "-10.99%", "2015-07-31": "-10.77%", "2015-04-30": "-12.29%", "2015-01-31": "-14.47%", "2014-10-31": "-16.90%", "2014-07-31": "-18.96%", "2014-04-30": "-18.40%", "2014-01-31": "-19.79%", "2013-10-31": "-21.22%", "2013-07-31": "-27.89%", "2013-04-30": "-32.26%", "2013-01-31": "-32.36%", "2012-07-31": "-33.33%"}, "pre tax profit margin": {"2020-10-31": "-8.05%", "2020-07-31": "-10.67%", "2020-04-30": "-13.64%", "2020-01-31": "-13.29%", "2019-10-31": "-13.31%", "2019-07-31": "-15.41%", "2019-04-30": "-15.32%", "2019-01-31": "-14.98%", "2018-10-31": "-15.52%", "2018-07-31": "-13.76%", "2018-04-30": "-14.38%", "2018-01-31": "-14.71%", "2017-10-31": "-15.58%", "2017-07-31": "-18.36%", "2017-04-30": "-21.52%", "2017-01-31": "-24.44%", "2016-10-31": "-25.16%", "2016-07-31": "-24.44%", "2016-04-30": "-23.34%", "2016-01-31": "-23.68%", "2015-10-31": "-25.16%", "2015-07-31": "-25.74%", "2015-04-30": "-28.33%", "2015-01-31": "-31.35%", "2014-10-31": "-34.52%", "2014-07-31": "-37.28%", "2014-04-30": "-36.62%", "2014-01-31": "-36.38%", "2013-10-31": "-35.85%", "2013-07-31": "-39.72%", "2013-04-30": "-42.58%", "2013-01-31": "-43.27%", "2012-07-31": "-42.95%"}, "net profit margin": {"2020-10-31": "-8.12%", "2020-07-31": "-10.77%", "2020-04-30": "-13.69%", "2020-01-31": "-13.26%", "2019-10-31": "-13.28%", "2019-07-31": "-15.22%", "2019-04-30": "-15.15%", "2019-01-31": "-14.77%", "2018-10-31": "-15.37%", "2018-07-31": "-13.80%", "2018-04-30": "-14.56%", "2018-01-31": "-15.03%", "2017-10-31": "-15.73%", "2017-07-31": "-18.47%", "2017-04-30": "-21.52%", "2017-01-31": "-24.44%", "2016-10-31": "-25.43%", "2016-07-31": "-24.74%", "2016-04-30": "-23.50%", "2016-01-31": "-23.77%", "2015-10-31": "-25.16%", "2015-07-31": "-25.64%", "2015-04-30": "-28.44%", "2015-01-31": "-31.35%", "2014-10-31": "-34.66%", "2014-07-31": "-37.60%", "2014-04-30": "-36.99%", "2014-01-31": "-36.81%", "2013-10-31": "-36.10%", "2013-07-31": "-39.72%", "2013-04-30": "-42.58%", "2013-01-31": "-43.27%", "2012-07-31": "-42.95%"}, "pe ratio": {"current": "0.00", "2021-02-05": "0.00", "2020-10-31": "0.00", "2020-07-31": "0.00", "2020-04-30": "0.00", "2020-01-31": "0.00", "2019-10-31": "0.00", "2019-07-31": "0.00", "2019-04-30": "0.00", "2019-01-31": "0.00", "2018-10-31": "0.00", "2018-07-31": "0.00", "2018-04-30": "0.00", "2018-01-31": "0.00", "2017-10-31": "0.00", "2017-07-31": "0.00", "2017-04-30": "0.00", "2017-01-31": "0.00", "2016-10-31": "0.00", "2016-07-31": "0.00", "2016-04-30": "0.00", "2016-01-31": "0.00", "2015-10-31": "0.00", "2015-07-31": "0.00", "2015-04-30": "0.00", "2015-01-31": "0.00", "2014-10-31": "0.00", "2014-07-31": "0.00", "2014-04-30": "0.00", "2014-01-31": "0.00", "2013-10-31": "0.00", "2013-07-31": "0.00"}, "price sales": {"2021-02-05": "14.82", "2020-10-31": "11.79", "2020-07-31": "10.47", "2020-04-30": "9.22", "2020-01-31": "11.53", "2019-10-31": "10.56", "2019-07-31": "13.63", "2019-04-30": "14.84", "2019-01-31": "13.89", "2018-10-31": "10.87", "2018-07-31": "10.81", "2018-04-30": "11.45", "2018-01-31": "11.58", "2017-10-31": "11.35", "2017-07-31": "11.13", "2017-04-30": "10.22", "2017-01-31": "10.42", "2016-10-31": "11.69", "2016-07-31": "11.97", "2016-04-30": "11.46", "2016-01-31": "10.32", "2015-10-31": "13.94", "2015-07-31": "16.12", "2015-04-30": "19.20", "2015-01-31": "18.55", "2014-10-31": "24.60", "2014-07-31": "24.32", "2014-04-30": "23.92", "2014-01-31": "32.83", "2013-10-31": "24.95", "2013-07-31": "19.86"}, "price book": {"current": "20.58", "2021-02-05": "20.58", "2020-10-31": "16.38", "2020-07-31": "15.11", "2020-04-30": "13.90", "2020-01-31": "17.23", "2019-10-31": "16.08", "2019-07-31": "20.63", "2019-04-30": "22.73", "2019-01-31": "20.58", "2018-10-31": "15.82", "2018-07-31": "15.16", "2018-04-30": "16.20", "2018-01-31": "16.08", "2017-10-31": "15.13", "2017-07-31": "15.50", "2017-04-30": "13.63", "2017-01-31": "13.21", "2016-10-31": "15.32", "2016-07-31": "14.54", "2016-04-30": "13.09", "2016-01-31": "10.81", "2015-10-31": "13.47", "2015-07-31": "14.30", "2015-04-30": "15.61", "2015-01-31": "13.27", "2014-10-31": "15.81", "2014-07-31": "13.68", "2014-04-30": "11.67", "2014-01-31": "13.80", "2013-10-31": "21.34", "2013-07-31": "18.69", "2013-04-30": "18.89", "2013-01-31": "14.97", "2012-10-31": "13.08"}, "price fcf": {"2021-02-05": "", "2020-10-31": "$3.25", "2020-07-31": "$3.24", "2020-04-30": "$2.96", "2020-01-31": "$2.73", "2019-10-31": "$2.58", "2019-07-31": "$1.96", "2019-04-30": "$1.87", "2019-01-31": "$1.86", "2018-10-31": "$1.36", "2018-07-31": "$1.60", "2018-04-30": "$1.46", "2018-01-31": "$1.56", "2017-10-31": "$1.52", "2017-07-31": "$1.23", "2017-04-30": "$1.24", "2017-01-31": "$1.16", "2016-10-31": "$1.05", "2016-07-31": "$0.92", "2016-04-30": "$0.97", "2016-01-31": "$0.66", "2015-10-31": "$0.42", "2015-07-31": "$0.41", "2015-04-30": "$0.27", "2015-01-31": "$-0.01", "2014-10-31": "$0.06", "2014-07-31": "$-0.07", "2014-04-30": "$-0.11", "2014-01-31": "$-0.08", "2013-10-31": "$-0.25", "2013-07-31": "$-0.22"}, "net worth": {"value": "$63.35B"}, "current ratio": {"current": "1.09", "2020-10-31": "1.09", "2020-07-31": "1.46", "2020-04-30": "1.25", "2020-01-31": "1.04", "2019-10-31": "1.19", "2019-07-31": "0.81", "2019-04-30": "1.09", "2019-01-31": "1.11", "2018-10-31": "1.11", "2018-07-31": "1.89", "2018-04-30": "1.77", "2018-01-31": "1.92", "2017-10-31": "2.11", "2017-07-31": "1.54", "2017-04-30": "1.97", "2017-01-31": "1.96", "2016-10-31": "2.09", "2016-07-31": "2.41", "2016-04-30": "2.45", "2016-01-31": "2.56", "2015-10-31": "2.87", "2015-07-31": "3.03", "2015-04-30": "3.18", "2015-01-31": "3.29", "2014-10-31": "3.74", "2014-07-31": "4.05", "2014-04-30": "4.13", "2014-01-31": "4.80", "2013-10-31": "3.89", "2013-07-31": "4.49", "2013-04-30": "2.89", "2013-01-31": "3.47", "2012-10-31": "4.10", "2012-07-31": "0.00", "2012-04-30": "0.00", "2012-01-31": "0.00", "2011-10-31": "0.00", "2011-01-31": "0.00", "2010-01-31": "0.00"}, "quick ratio": {"2020-10-31": "0.00", "2020-07-31": "0.00", "2020-04-30": "0.00", "2020-01-31": "0.00", "2019-10-31": "0.00", "2019-07-31": "0.00", "2019-04-30": "0.00", "2019-01-31": "0.00", "2018-10-31": "0.00", "2018-07-31": "0.00", "2018-04-30": "0.00", "2018-01-31": "0.00", "2017-10-31": "0.00", "2017-07-31": "0.00", "2017-04-30": "0.00", "2017-01-31": "0.00", "2016-10-31": "0.00", "2016-07-31": "0.00", "2016-04-30": "0.00", "2016-01-31": "0.00", "2015-10-31": "0.00", "2015-07-31": "0.00", "2015-04-30": "0.00", "2015-01-31": "0.00", "2014-10-31": "0.00", "2014-07-31": "0.00", "2014-04-30": "0.00", "2014-01-31": "0.00", "2013-10-31": "0.00", "2013-07-31": "0.00", "2013-04-30": "0.00", "2013-01-31": "0.00", "2012-10-31": "0.00", "2012-07-31": "0.00", "2012-04-30": "0.00", "2012-01-31": "0.00", "2011-10-31": "0.00", "2011-01-31": "0.00", "2010-01-31": "0.00"}, "debt equity ratio": {"current": "0.23", "2020-10-31": "1.55", "2020-07-31": "1.64", "2020-04-30": "1.78", "2020-01-31": "1.74", "2019-10-31": "1.65", "2019-07-31": "1.71", "2019-04-30": "1.85", "2019-01-31": "1.82", "2018-10-31": "1.73", "2018-07-31": "1.68", "2018-04-30": "1.97", "2018-01-31": "2.13", "2017-10-31": "1.96", "2017-07-31": "1.49", "2017-04-30": "1.51", "2017-01-31": "1.56", "2016-10-31": "1.57", "2016-07-31": "1.48", "2016-04-30": "1.46", "2016-01-31": "1.40", "2015-10-31": "1.23", "2015-07-31": "1.16", "2015-04-30": "1.14", "2015-01-31": "1.09", "2014-10-31": "0.98", "2014-07-31": "0.93", "2014-04-30": "0.91", "2014-01-31": "0.83", "2013-10-31": "1.49", "2013-07-31": "1.36", "2013-04-30": "0.72", "2013-01-31": "0.62", "2012-10-31": "0.54", "2012-07-31": "0.00", "2012-04-30": "0.00", "2012-01-31": "0.00", "2011-10-31": "0.00", "2011-01-31": "0.00", "2010-01-31": "0.00"}, "return on equity": {"2020-10-31": "-12.29%", "2020-07-31": "-16.79%", "2020-04-30": "-21.75%", "2020-01-31": "-21.23%", "2019-10-31": "-21.43%", "2019-07-31": "-24.56%", "2019-04-30": "-24.12%", "2019-01-31": "-23.09%", "2018-10-31": "-23.49%", "2018-07-31": "-20.45%", "2018-04-30": "-21.60%", "2018-01-31": "-22.16%", "2017-10-31": "-22.88%", "2017-07-31": "-26.88%", "2017-04-30": "-30.19%", "2017-01-31": "-32.88%", "2016-10-31": "-32.50%", "2016-07-31": "-29.40%", "2016-04-30": "-26.01%", "2016-01-31": "-24.39%", "2015-10-31": "-23.82%", "2015-07-31": "-22.21%", "2015-04-30": "-22.17%", "2015-01-31": "-21.72%", "2014-10-31": "-21.17%", "2014-07-31": "-22.67%", "2014-04-30": "-22.15%", "2014-01-31": "-22.98%", "2013-10-31": "-24.50%", "2013-07-31": "-23.32%", "2013-04-30": "-29.66%", "2013-01-31": "-39.40%", "2012-07-31": "inf%"}, "return on assets": {"2020-10-31": "-4.60%", "2020-07-31": "-6.21%", "2020-04-30": "-7.99%", "2020-01-31": "-7.76%", "2019-10-31": "-7.78%", "2019-07-31": "-8.85%", "2019-04-30": "-8.70%", "2019-01-31": "-8.25%", "2018-10-31": "-8.19%", "2018-07-31": "-6.98%", "2018-04-30": "-7.44%", "2018-01-31": "-7.94%", "2017-10-31": "-8.66%", "2017-07-31": "-10.63%", "2017-04-30": "-11.94%", "2017-01-31": "-13.05%", "2016-10-31": "-13.11%", "2016-07-31": "-12.28%", "2016-04-30": "-11.24%", "2016-01-31": "-10.93%", "2015-10-31": "-11.07%", "2015-07-31": "-10.63%", "2015-04-30": "-10.92%", "2015-01-31": "-11.00%", "2014-10-31": "-11.08%", "2014-07-31": "-11.45%", "2014-04-30": "-10.73%", "2014-01-31": "-11.18%", "2013-10-31": "-11.90%", "2013-07-31": "-12.83%", "2013-04-30": "-18.27%", "2013-01-31": "-24.93%", "2012-07-31": "inf%"}, "return on investments": {"2020-10-31": "-8.03%", "2020-07-31": "-10.74%", "2020-04-30": "-19.08%", "2020-01-31": "-20.33%", "2019-10-31": "-20.46%", "2019-07-31": "-25.04%", "2019-04-30": "-17.95%", "2019-01-31": "-16.76%", "2018-10-31": "-15.64%", "2018-07-31": "-11.97%", "2018-04-30": "-13.10%", "2018-01-31": "-13.69%", "2017-10-31": "-15.37%", "2017-07-31": "-19.35%", "2017-04-30": "-19.43%", "2017-01-31": "-20.88%", "2016-10-31": "-19.96%", "2016-07-31": "-17.63%", "2016-04-30": "-16.54%", "2016-01-31": "-15.33%", "2015-10-31": "-14.86%", "2015-07-31": "-13.73%", "2015-04-30": "-13.39%", "2015-01-31": "-13.29%", "2014-10-31": "-13.06%", "2014-07-31": "-13.49%", "2014-04-30": "-12.56%", "2014-01-31": "-13.82%", "2013-10-31": "-16.13%", "2013-07-31": "-18.74%", "2013-04-30": "-28.79%", "2013-01-31": "-38.13%", "2012-07-31": "inf%"}, "return on tangible equity": {"2020-10-31": "-52.26%", "2020-07-31": "-76.14%", "2020-04-30": "-101.55%", "2020-01-31": "-99.07%", "2019-10-31": "-98.86%", "2019-07-31": "-151.53%", "2019-04-30": "-78.97%", "2019-01-31": "-48.74%", "2018-10-31": "-35.40%", "2018-07-31": "-23.23%", "2018-04-30": "-24.70%", "2018-01-31": "-25.62%", "2017-10-31": "-26.76%", "2017-07-31": "-32.01%", "2017-04-30": "-35.17%", "2017-01-31": "-37.30%", "2016-10-31": "-35.74%", "2016-07-31": "-31.27%", "2016-04-30": "-27.50%", "2016-01-31": "-25.61%", "2015-10-31": "-24.83%", "2015-07-31": "-22.96%", "2015-04-30": "-22.88%", "2015-01-31": "-22.41%", "2014-10-31": "-21.71%", "2014-07-31": "-23.16%", "2014-04-30": "-22.52%", "2014-01-31": "-23.24%", "2013-10-31": "-24.85%", "2013-07-31": "-23.66%", "2013-04-30": "-30.10%", "2013-01-31": "-39.97%", "2012-07-31": "inf%"}, "dividend yield history": {"last payout": "$0.00", "last yield": "0.00%"}}