{"ticker": "WRB", "price": {"title": "W.R Berkley Historical Annual Stock Price Data", "value": 68.56, "historical": {"2021": {"Average Stock Price": "65.5025", "Year Open": "64.9400", "Year High": "68.5600", "Year Low": "61.6400", "Year Close": "68.5600", "Annual % Change": "3.22%"}, "2020": {"Average Stock Price": "62.1811", "Year Open": "68.9600", "Year High": "79.4800", "Year Low": "43.3600", "Year Close": "66.4200", "Annual % Change": "-3.88%"}, "2019": {"Average Stock Price": "63.7200", "Year Open": "48.2800", "Year High": "73.0200", "Year Low": "47.4800", "Year Close": "69.1000", "Annual % Change": "40.24%"}, "2018": {"Average Stock Price": "49.6784", "Year Open": "46.6933", "Year High": "53.6200", "Year Low": "45.1733", "Year Close": "49.2733", "Annual % Change": "3.15%"}, "2017": {"Average Stock Price": "45.7137", "Year Open": "44.4600", "Year High": "48.6533", "Year Low": "41.6933", "Year Close": "47.7667", "Annual % Change": "7.73%"}, "2016": {"Average Stock Price": "37.8630", "Year Open": "35.5333", "Year High": "44.5000", "Year Low": "31.9667", "Year Close": "44.3400", "Annual % Change": "21.48%"}, "2015": {"Average Stock Price": "35.1698", "Year Open": "33.7667", "Year High": "38.9400", "Year Low": "32.2667", "Year Close": "36.5000", "Annual % Change": "6.81%"}, "2014": {"Average Stock Price": "30.4158", "Year Open": "28.5533", "Year High": "35.9733", "Year Low": "25.2867", "Year Close": "34.1733", "Annual % Change": "18.14%"}, "2013": {"Average Stock Price": "28.2714", "Year Open": "25.7467", "Year High": "30.2600", "Year Low": "25.7467", "Year Close": "28.9267", "Annual % Change": "14.97%"}, "2012": {"Average Stock Price": "24.9747", "Year Open": "22.8200", "Year High": "26.8067", "Year Low": "22.5667", "Year Close": "25.1600", "Annual % Change": "9.74%"}, "2011": {"Average Stock Price": "20.7769", "Year Open": "18.4533", "Year High": "23.7867", "Year Low": "17.8067", "Year Close": "22.9267", "Annual % Change": "25.60%"}, "2010": {"Average Stock Price": "17.7461", "Year Open": "16.3400", "Year High": "19.0333", "Year Low": "16.0733", "Year Close": "18.2533", "Annual % Change": "11.12%"}, "2009": {"Average Stock Price": "15.9949", "Year Open": "20.3867", "Year High": "20.4133", "Year Low": "12.5733", "Year Close": "16.4267", "Annual % Change": "-20.52%"}, "2008": {"Average Stock Price": "17.5569", "Year Open": "19.3867", "Year High": "20.6667", "Year Low": "12.2000", "Year Close": "20.6667", "Annual % Change": "3.99%"}, "2007": {"Average Stock Price": "20.9884", "Year Open": "23.0400", "Year High": "23.1200", "Year Low": "17.5733", "Year Close": "19.8733", "Annual % Change": "-13.62%"}, "2006": {"Average Stock Price": "23.6775", "Year Open": "21.5822", "Year High": "27.2000", "Year Low": "20.6067", "Year Close": "23.0067", "Annual % Change": "8.70%"}, "2005": {"Average Stock Price": "16.4660", "Year Open": "13.8519", "Year High": "21.6356", "Year Low": "13.7748", "Year Close": "21.1644", "Annual % Change": "51.43%"}, "2004": {"Average Stock Price": "12.3202", "Year Open": "10.5007", "Year High": "13.9763", "Year Low": "10.4444", "Year Close": "13.9763", "Annual % Change": "34.96%"}, "2003": {"Average Stock Price": "9.4052", "Year Open": "7.8222", "Year High": "10.8059", "Year Low": "7.3580", "Year Close": "10.3556", "Annual % Change": "32.35%"}, "2002": {"Average Stock Price": "7.1745", "Year Open": "6.9570", "Year High": "8.0026", "Year Low": "6.1314", "Year Close": "7.8242", "Annual % Change": "10.64%"}, "2001": {"Average Stock Price": "5.8362", "Year Open": "6.1314", "Year High": "7.6642", "Year Low": "4.6091", "Year Close": "7.0716", "Annual % Change": "13.80%"}, "2000": {"Average Stock Price": "3.3192", "Year Open": "2.6746", "Year High": "6.2222", "Year Low": "1.9266", "Year Close": "6.2143", "Annual % Change": "126.01%"}, "1999": {"Average Stock Price": "3.2742", "Year Open": "4.3707", "Year High": "4.5024", "Year Low": "2.6337", "Year Close": "2.7496", "Annual % Change": "-38.70%"}, "1998": {"Average Stock Price": "5.1701", "Year Open": "5.6467", "Year High": "6.4527", "Year Low": "3.6214", "Year Close": "4.4853", "Annual % Change": "-22.38%"}, "1997": {"Average Stock Price": "4.8994", "Year Open": "4.4554", "Year High": "5.9259", "Year Low": "3.9287", "Year Close": "5.7784", "Annual % Change": "29.69%"}, "1996": {"Average Stock Price": "4.1001", "Year Open": "4.6749", "Year High": "4.6749", "Year Low": "3.5336", "Year Close": "4.4554", "Annual % Change": "-5.58%"}, "1995": {"Average Stock Price": "3.5069", "Year Open": "3.2922", "Year High": "4.7627", "Year Low": "3.0288", "Year Close": "4.7188", "Annual % Change": "43.33%"}, "1994": {"Average Stock Price": "3.2014", "Year Open": "3.0508", "Year High": "3.6109", "Year Low": "2.8646", "Year Close": "3.2922", "Annual % Change": "7.14%"}, "1993": {"Average Stock Price": "3.6741", "Year Open": "3.7636", "Year High": "4.3896", "Year Low": "2.8532", "Year Close": "3.0727", "Annual % Change": "-18.60%"}, "1992": {"Average Stock Price": "3.2191", "Year Open": "2.7435", "Year High": "4.1481", "Year Low": "2.7435", "Year Close": "3.7750", "Annual % Change": "40.98%"}, "1991": {"Average Stock Price": "2.4550", "Year Open": "2.1802", "Year High": "2.8313", "Year Low": "2.0485", "Year Close": "2.6776", "Annual % Change": "22.00%"}, "1990": {"Average Stock Price": "2.2063", "Year Open": "2.4359", "Year High": "2.6191", "Year Low": "1.7851", "Year Close": "2.1948", "Annual % Change": "-6.83%"}, "1989": {"Average Stock Price": "2.0849", "Year Open": "1.7336", "Year High": "2.7069", "Year Low": "1.7119", "Year Close": "2.3557", "Annual % Change": "36.44%"}, "1988": {"Average Stock Price": "1.5608", "Year Open": "1.4486", "Year High": "1.7705", "Year Low": "1.3754", "Year Close": "1.7266", "Annual % Change": "22.92%"}, "1987": {"Average Stock Price": "1.5873", "Year Open": "1.5949", "Year High": "2.1216", "Year Low": "1.1413", "Year Close": "1.4047", "Annual % Change": "-8.57%"}, "1986": {"Average Stock Price": "1.8132", "Year Open": "1.3169", "Year High": "2.3411", "Year Low": "1.3169", "Year Close": "1.5364", "Annual % Change": "14.14%"}, "1985": {"Average Stock Price": "0.7270", "Year Open": "0.5755", "Year High": "1.3461", "Year Low": "0.5170", "Year Close": "1.3461", "Annual % Change": "133.90%"}}}, "market cap": {"value": "$11.97B"}, "income statement": {"Revenue": {"2020-12-31": "8098.92500", "2019-12-31": "7902.19600", "2018-12-31": "7691.65100", "2017-12-31": "7684.76400", "2016-12-31": "7654.18400", "2015-12-31": "7206.45700", "2014-12-31": "7128.92800", "2013-12-31": "6408.53400", "2012-12-31": "5823.55400", "2011-12-31": "5155.98400", "2010-12-31": "4724.06900", "2009-12-31": "4431.17800", "2008-12-31": "4708.80800", "2007-12-31": "5588.39700", "2006-12-31": "5394.83100", "2005-12-31": "4996.83900"}, "Cost Of Goods Sold": {"2020-12-31": "4468.70600", "2019-12-31": "4131.11600", "2018-12-31": "3974.70200", "2017-12-31": "4002.34800", "2016-12-31": "3845.80000", "2015-12-31": "3656.27000", "2014-12-31": "3490.56700", "2013-12-31": "3197.02400", "2012-12-31": "2948.47900", "2011-12-31": "2658.36500", "2010-12-31": "2309.86700", "2009-12-31": "2336.70700", "2008-12-31": "2688.66100", "2007-12-31": "2779.57800", "2006-12-31": "2864.49800", "2005-12-31": "2781.80200"}, "Gross Profit": {"2020-12-31": "3630.21900", "2019-12-31": "3771.08000", "2018-12-31": "3716.94900", "2017-12-31": "3682.41600", "2016-12-31": "3808.38400", "2015-12-31": "3550.18700", "2014-12-31": "3638.36100", "2013-12-31": "3211.51000", "2012-12-31": "2875.07500", "2011-12-31": "2497.61900", "2010-12-31": "2414.20200", "2009-12-31": "2094.47100", "2008-12-31": "2020.14700", "2007-12-31": "2808.81900", "2006-12-31": "2530.33300", "2005-12-31": "2215.03700"}, "Research And Development Expenses": {"2020-12-31": "", "2019-12-31": "", "2018-12-31": "", "2017-12-31": "", "2016-12-31": "", "2015-12-31": "", "2014-12-31": "", "2013-12-31": "", "2012-12-31": "", "2011-12-31": "", "2010-12-31": "", "2009-12-31": "", "2008-12-31": "", "2007-12-31": "", "2006-12-31": "", "2005-12-31": ""}, "SG&A Expenses": {"2020-12-31": "", "2019-12-31": "", "2018-12-31": "", "2017-12-31": "", "2016-12-31": "", "2015-12-31": "", "2014-12-31": "", "2013-12-31": "", "2012-12-31": "", "2011-12-31": "", "2010-12-31": "", "2009-12-31": "", "2008-12-31": "", "2007-12-31": "", "2006-12-31": "", "2005-12-31": ""}, "Other Operating Income Or Expenses": {"2020-12-31": "-2774.88000", "2019-12-31": "-2764.75100", "2018-12-31": "-2747.67000", "2017-12-31": "-2762.34900", "2016-12-31": "-2771.05000", "2015-12-31": "-2687.21100", "2014-12-31": "-2557.99100", "2013-12-31": "-2389.44500", "2012-12-31": "-2046.84500", "2011-12-31": "-1872.02100", "2010-12-31": "-1708.32300", "2009-12-31": "-1624.25200", "2008-12-31": "-1609.20200", "2007-12-31": "-1627.43100", "2006-12-31": "-1449.16600", "2005-12-31": "-1358.57400"}, "Operating Expenses": {"2020-12-31": "7243.58600", "2019-12-31": "6895.86700", "2018-12-31": "6722.37200", "2017-12-31": "6764.69700", "2016-12-31": "6616.85000", "2015-12-31": "6343.48100", "2014-12-31": "6048.55800", "2013-12-31": "5586.46900", "2012-12-31": "4995.32400", "2011-12-31": "4530.38600", "2010-12-31": "4018.19000", "2009-12-31": "3960.95900", "2008-12-31": "4297.86300", "2007-12-31": "4407.00900", "2006-12-31": "4313.66400", "2005-12-31": "4140.37600"}, "Operating Income": {"2020-12-31": "855.33890", "2019-12-31": "1006.32900", "2018-12-31": "969.27880", "2017-12-31": "920.06690", "2016-12-31": "1037.33400", "2015-12-31": "862.97610", "2014-12-31": "1080.37100", "2013-12-31": "822.06540", "2012-12-31": "828.23000", "2011-12-31": "625.59810", "2010-12-31": "705.87890", "2009-12-31": "470.21920", "2008-12-31": "410.94530", "2007-12-31": "1181.38800", "2006-12-31": "1081.16700", "2005-12-31": "856.46290"}, "Total Non-Operating Income/Expense": {"2020-12-31": "-150.53700", "2019-12-31": "-153.40900", "2018-12-31": "-157.18500", "2017-12-31": "-147.29700", "2016-12-31": "-140.89600", "2015-12-31": "-130.94600", "2014-12-31": "-128.17400", "2013-12-31": "-123.17700", "2012-12-31": "-126.30200", "2011-12-31": "-112.51200", "2010-12-31": "-106.96900", "2009-12-31": "-87.98900", "2008-12-31": "-84.62300", "2007-12-31": "-88.99600", "2006-12-31": "-92.52200", "2005-12-31": "-85.92600"}, "Pre-Tax Income": {"2020-12-31": "704.80200", "2019-12-31": "852.92000", "2018-12-31": "812.09400", "2017-12-31": "772.77000", "2016-12-31": "896.43800", "2015-12-31": "732.03000", "2014-12-31": "952.19600", "2013-12-31": "698.88800", "2012-12-31": "701.92800", "2011-12-31": "513.08600", "2010-12-31": "598.91000", "2009-12-31": "382.23000", "2008-12-31": "326.32200", "2007-12-31": "1092.39200", "2006-12-31": "988.64500", "2005-12-31": "770.53700"}, "Income Taxes": {"2020-12-31": "171.81700", "2019-12-31": "168.93500", "2018-12-31": "163.02800", "2017-12-31": "219.43300", "2016-12-31": "292.95300", "2015-12-31": "227.92300", "2014-12-31": "302.59300", "2013-12-31": "193.58700", "2012-12-31": "191.28500", "2011-12-31": "121.94500", "2010-12-31": "152.22600", "2009-12-31": "73.15000", "2008-12-31": "44.91900", "2007-12-31": "323.07000", "2006-12-31": "286.39800", "2005-12-31": "222.52100"}, "Income After Taxes": {"2020-12-31": "532.98500", "2019-12-31": "683.98500", "2018-12-31": "649.06600", "2017-12-31": "553.33700", "2016-12-31": "603.48500", "2015-12-31": "504.10700", "2014-12-31": "649.60300", "2013-12-31": "505.30100", "2012-12-31": "510.64300", "2011-12-31": "391.14100", "2010-12-31": "446.68400", "2009-12-31": "309.08000", "2008-12-31": "281.40300", "2007-12-31": "769.32200", "2006-12-31": "702.24700", "2005-12-31": "548.01600"}, "Other Income": {"2020-12-31": "", "2019-12-31": "", "2018-12-31": "", "2017-12-31": "", "2016-12-31": "", "2015-12-31": "", "2014-12-31": "", "2013-12-31": "", "2012-12-31": "", "2011-12-31": "", "2010-12-31": "", "2009-12-31": "", "2008-12-31": "", "2007-12-31": "", "2006-12-31": "", "2005-12-31": ""}, "Income From Continuous Operations": {"2020-12-31": "532.98500", "2019-12-31": "683.98500", "2018-12-31": "649.06600", "2017-12-31": "553.33700", "2016-12-31": "603.48500", "2015-12-31": "504.10700", "2014-12-31": "649.60300", "2013-12-31": "505.30100", "2012-12-31": "510.64300", "2011-12-31": "391.14100", "2010-12-31": "446.68400", "2009-12-31": "309.08000", "2008-12-31": "281.40300", "2007-12-31": "766.23900", "2006-12-31": "699.51800", "2005-12-31": "544.89200"}, "Income From Discontinued Operations": {"2020-12-31": "", "2019-12-31": "", "2018-12-31": "", "2017-12-31": "", "2016-12-31": "", "2015-12-31": "", "2014-12-31": "", "2013-12-31": "", "2012-12-31": "", "2011-12-31": "", "2010-12-31": "", "2009-12-31": "", "2008-12-31": "", "2007-12-31": "", "2006-12-31": "", "2005-12-31": ""}, "Net Income": {"2020-12-31": "530.67000", "2019-12-31": "681.94400", "2018-12-31": "640.74900", "2017-12-31": "549.09400", "2016-12-31": "601.91600", "2015-12-31": "503.69400", "2014-12-31": "648.88400", "2013-12-31": "499.92500", "2012-12-31": "510.59200", "2011-12-31": "391.21100", "2010-12-31": "446.40500", "2009-12-31": "309.05700", "2008-12-31": "281.14100", "2007-12-31": "766.23900", "2006-12-31": "699.51800", "2005-12-31": "544.89200"}, "EBITDA": {"2020-12-31": "855.33890", "2019-12-31": "1119.71600", "2018-12-31": "1100.38700", "2017-12-31": "1033.02300", "2016-12-31": "1123.38500", "2015-12-31": "948.11510", "2014-12-31": "1169.20700", "2013-12-31": "925.15540", "2012-12-31": "931.64900", "2011-12-31": "713.61020", "2010-12-31": "788.74590", "2009-12-31": "549.09420", "2008-12-31": "494.89830", "2007-12-31": "1255.08500", "2006-12-31": "1146.84100", "2005-12-31": "919.51490"}, "EBIT": {"2020-12-31": "855.33890", "2019-12-31": "1006.32900", "2018-12-31": "969.27880", "2017-12-31": "920.06690", "2016-12-31": "1037.33400", "2015-12-31": "862.97610", "2014-12-31": "1080.37100", "2013-12-31": "822.06540", "2012-12-31": "828.23000", "2011-12-31": "625.59810", "2010-12-31": "705.87890", "2009-12-31": "470.21920", "2008-12-31": "410.94530", "2007-12-31": "1181.38800", "2006-12-31": "1081.16700", "2005-12-31": "856.46290"}, "Basic Shares Outstanding": {"2020-12-31": "186.92400", "2019-12-31": "191.00000", "2018-12-31": "190.00000", "2017-12-31": "187.00000", "2016-12-31": "183.97650", "2015-12-31": "186.06000", "2014-12-31": "191.81100", "2013-12-31": "202.95750", "2012-12-31": "205.64550", "2011-12-31": "209.53200", "2010-12-31": "223.12800", "2009-12-31": "240.53550", "2008-12-31": "250.43400", "2007-12-31": "283.47150", "2006-12-31": "287.71350", "2005-12-31": "285.79950"}, "Shares Outstanding": {"2020-12-31": "188.76300", "2019-12-31": "194.00000", "2018-12-31": "192.00000", "2017-12-31": "194.00000", "2016-12-31": "192.82950", "2015-12-31": "195.28350", "2014-12-31": "200.47800", "2013-12-31": "211.11450", "2012-12-31": "214.97250", "2011-12-31": "218.50800", "2010-12-31": "232.62150", "2009-12-31": "249.86100", "2008-12-31": "260.18100", "2007-12-31": "295.04700", "2006-12-31": "302.94150", "2005-12-31": "300.63900"}, "Basic EPS": {"2020-12-31": "2.84000", "2019-12-31": "3.58000", "2018-12-31": "3.37000", "2017-12-31": "2.93000", "2016-12-31": "3.27330", "2015-12-31": "2.70670", "2014-12-31": "3.38000", "2013-12-31": "2.46000", "2012-12-31": "2.48000", "2011-12-31": "1.86670", "2010-12-31": "2.00000", "2009-12-31": "1.28670", "2008-12-31": "1.12000", "2007-12-31": "2.70000", "2006-12-31": "2.43330", "2005-12-31": "1.90670"}, "EPS - Earnings Per Share": {"2020-12-31": "2.81000", "2019-12-31": "3.52000", "2018-12-31": "3.33000", "2017-12-31": "2.84000", "2016-12-31": "3.12000", "2015-12-31": "2.58000", "2014-12-31": "3.24000", "2013-12-31": "2.36670", "2012-12-31": "2.37330", "2011-12-31": "1.79330", "2010-12-31": "1.92000", "2009-12-31": "1.24000", "2008-12-31": "1.08000", "2007-12-31": "2.60000", "2006-12-31": "2.30670", "2005-12-31": "1.81330"}}, "income statement, quarterly": {"Revenue": {"2020-12-31": "2312.47100", "2020-09-30": "2039.81900", "2020-06-30": "1936.02600", "2020-03-31": "1810.61000", "2019-12-31": "1976.07400", "2019-09-30": "1965.71600", "2019-06-30": "2023.38400", "2019-03-31": "1937.02200", "2018-12-31": "1951.58600", "2018-09-30": "1937.90200", "2018-06-30": "1910.91600", "2018-03-31": "1891.24700", "2017-12-31": "1934.95500", "2017-09-30": "2031.34200", "2017-06-30": "1848.04900", "2017-03-31": "1870.41800", "2016-12-31": "1971.33200", "2016-09-30": "2019.72700", "2016-06-30": "1855.91400", "2016-03-31": "1807.21100", "2015-12-31": "1811.05600", "2015-09-30": "1860.95700", "2015-06-30": "1789.76500", "2015-03-31": "1744.67900", "2014-12-31": "1784.42800", "2014-09-30": "1840.60500", "2014-06-30": "1796.98900", "2014-03-31": "1706.90600", "2013-12-31": "1696.67900", "2013-09-30": "1634.12400", "2013-06-30": "1570.96200", "2013-03-31": "1506.76900", "2012-12-31": "1608.60100", "2012-09-30": "1420.50100", "2012-06-30": "1415.74700", "2012-03-31": "1378.70500", "2011-12-31": "1370.95300", "2011-09-30": "1279.73100", "2011-06-30": "1270.94900", "2011-03-31": "1234.35100", "2010-12-31": "1231.34200", "2010-09-30": "1176.11200", "2010-06-30": "1163.06800", "2010-03-31": "1153.54700", "2009-12-31": "1176.15000", "2009-09-30": "1136.30900", "2009-06-30": "1155.09800", "2009-03-31": "963.62100", "2008-12-31": "1078.83500", "2008-09-30": "1055.63000", "2008-06-30": "1199.13900", "2008-03-31": "1375.20400", "2007-12-31": "1434.76100", "2007-09-30": "1408.03200", "2007-06-30": "1386.58300", "2007-03-31": "1359.02100", "2006-12-31": "1360.44300", "2006-09-30": "1368.50800", "2006-06-30": "1358.34600", "2006-03-31": "1307.53400", "2005-12-31": "1343.89000", "2005-09-30": "1272.17700", "2005-06-30": "1220.78400", "2005-03-31": "1159.98800"}, "Cost Of Goods Sold": {"2020-12-31": "1111.69500", "2020-09-30": "1114.63200", "2020-06-30": "1135.12600", "2020-03-31": "1107.25300", "2019-12-31": "1072.16500", "2019-09-30": "1041.47100", "2019-06-30": "1028.83000", "2019-03-31": "988.65000", "2018-12-31": "1020.12700", "2018-09-30": "1017.72000", "2018-06-30": "973.63600", "2018-03-31": "963.21900", "2017-12-31": "976.87280", "2017-09-30": "1081.17400", "2017-06-30": "964.69800", "2017-03-31": "979.60300", "2016-12-31": "993.46110", "2016-09-30": "965.85600", "2016-06-30": "964.16200", "2016-03-31": "922.32100", "2015-12-31": "922.97200", "2015-09-30": "926.35500", "2015-06-30": "906.23500", "2015-03-31": "900.70800", "2014-12-31": "913.57080", "2014-09-30": "887.12300", "2014-06-30": "867.77800", "2014-03-31": "822.09500", "2013-12-31": "848.59910", "2013-09-30": "798.27600", "2013-06-30": "805.47000", "2013-03-31": "744.67900", "2012-12-31": "801.17290", "2012-09-30": "736.63200", "2012-06-30": "731.20200", "2012-03-31": "679.47200", "2011-12-31": "693.01400", "2011-09-30": "683.98000", "2011-06-30": "674.27600", "2011-03-31": "607.09500", "2010-12-31": "591.51200", "2010-09-30": "597.90700", "2010-06-30": "570.47500", "2010-03-31": "549.97300", "2009-12-31": "543.03110", "2009-09-30": "585.96400", "2009-06-30": "597.26700", "2009-03-31": "610.44500", "2008-12-31": "631.66280", "2008-09-30": "694.25400", "2008-06-30": "679.70300", "2008-03-31": "683.04100", "2007-12-31": "684.38790", "2007-09-30": "706.37400", "2007-06-30": "703.66900", "2007-03-31": "685.14700", "2006-12-31": "689.24910", "2006-09-30": "731.94100", "2006-06-30": "742.11000", "2006-03-31": "701.19800", "2005-12-31": "723.08810", "2005-09-30": "742.24200", "2005-06-30": "675.32600", "2005-03-31": "641.14600"}, "Gross Profit": {"2020-12-31": "1200.77600", "2020-09-30": "925.18700", "2020-06-30": "800.90000", "2020-03-31": "703.35690", "2019-12-31": "903.90860", "2019-09-30": "924.24500", "2019-06-30": "994.55410", "2019-03-31": "948.37190", "2018-12-31": "931.45910", "2018-09-30": "920.18200", "2018-06-30": "937.28000", "2018-03-31": "928.02800", "2017-12-31": "958.08230", "2017-09-30": "950.16810", "2017-06-30": "883.35100", "2017-03-31": "890.81490", "2016-12-31": "977.87080", "2016-09-30": "1053.87100", "2016-06-30": "891.75200", "2016-03-31": "884.89010", "2015-12-31": "888.08390", "2015-09-30": "934.60210", "2015-06-30": "883.53000", "2015-03-31": "843.97090", "2014-12-31": "870.85740", "2014-09-30": "953.48200", "2014-06-30": "929.21100", "2014-03-31": "884.81100", "2013-12-31": "848.08010", "2013-09-30": "835.84800", "2013-06-30": "765.49210", "2013-03-31": "762.09000", "2012-12-31": "807.42830", "2012-09-30": "683.86900", "2012-06-30": "684.54490", "2012-03-31": "699.23300", "2011-12-31": "677.93900", "2011-09-30": "595.75100", "2011-06-30": "596.67300", "2011-03-31": "627.25600", "2010-12-31": "639.82970", "2010-09-30": "578.20510", "2010-06-30": "592.59300", "2010-03-31": "603.57400", "2009-12-31": "633.11900", "2009-09-30": "550.34500", "2009-06-30": "557.83100", "2009-03-31": "353.17600", "2008-12-31": "447.17220", "2008-09-30": "361.37600", "2008-06-30": "519.43600", "2008-03-31": "692.16300", "2007-12-31": "750.37330", "2007-09-30": "701.65800", "2007-06-30": "682.91400", "2007-03-31": "673.87400", "2006-12-31": "671.19380", "2006-09-30": "636.56710", "2006-06-30": "616.23600", "2006-03-31": "606.33610", "2005-12-31": "620.80180", "2005-09-30": "529.93500", "2005-06-30": "545.45810", "2005-03-31": "518.84200"}, "Research And Development Expenses": {"2020-12-31": "", "2020-09-30": "", "2020-06-30": "", "2020-03-31": "", "2019-12-31": "", "2019-09-30": "", "2019-06-30": "", "2019-03-31": "", "2018-12-31": "", "2018-09-30": "", "2018-06-30": "", "2018-03-31": "", "2017-12-31": "", "2017-09-30": "", "2017-06-30": "", "2017-03-31": "", "2016-12-31": "", "2016-09-30": "", "2016-06-30": "", "2016-03-31": "", "2015-12-31": "", "2015-09-30": "", "2015-06-30": "", "2015-03-31": "", "2014-12-31": "", "2014-09-30": "", "2014-06-30": "", "2014-03-31": "", "2013-12-31": "", "2013-09-30": "", "2013-06-30": "", "2013-03-31": "", "2012-12-31": "", "2012-09-30": "", "2012-06-30": "", "2012-03-31": "", "2011-12-31": "", "2011-09-30": "", "2011-06-30": "", "2011-03-31": "", "2010-12-31": "", "2010-09-30": "", "2010-06-30": "", "2010-03-31": "", "2009-12-31": "", "2009-09-30": "", "2009-06-30": "", "2009-03-31": "", "2008-12-31": "", "2008-09-30": "", "2008-06-30": "", "2008-03-31": "", "2007-12-31": "", "2007-09-30": "", "2007-06-30": "", "2007-03-31": "", "2006-12-31": "", "2006-09-30": "", "2006-06-30": "", "2006-03-31": "", "2005-12-31": "", "2005-09-30": "", "2005-06-30": "", "2005-03-31": ""}, "SG&A Expenses": {"2020-12-31": "", "2020-09-30": "", "2020-06-30": "", "2020-03-31": "", "2019-12-31": "", "2019-09-30": "", "2019-06-30": "", "2019-03-31": "", "2018-12-31": "", "2018-09-30": "", "2018-06-30": "", "2018-03-31": "", "2017-12-31": "", "2017-09-30": "", "2017-06-30": "", "2017-03-31": "", "2016-12-31": "", "2016-09-30": "", "2016-06-30": "", "2016-03-31": "", "2015-12-31": "", "2015-09-30": "", "2015-06-30": "", "2015-03-31": "", "2014-12-31": "", "2014-09-30": "", "2014-06-30": "", "2014-03-31": "", "2013-12-31": "", "2013-09-30": "", "2013-06-30": "", "2013-03-31": "", "2012-12-31": "", "2012-09-30": "", "2012-06-30": "", "2012-03-31": "", "2011-12-31": "", "2011-09-30": "", "2011-06-30": "", "2011-03-31": "", "2010-12-31": "", "2010-09-30": "", "2010-06-30": "", "2010-03-31": "", "2009-12-31": "", "2009-09-30": "", "2009-06-30": "", "2009-03-31": "", "2008-12-31": "", "2008-09-30": "", "2008-06-30": "", "2008-03-31": "", "2007-12-31": "", "2007-09-30": "", "2007-06-30": "", "2007-03-31": "", "2006-12-31": "", "2006-09-30": "", "2006-06-30": "", "2006-03-31": "", "2005-12-31": "", "2005-09-30": "", "2005-06-30": "", "2005-03-31": ""}, "Other Operating Income Or Expenses": {"2020-12-31": "-765.70700", "2020-09-30": "-679.00500", "2020-06-30": "-657.07800", "2020-03-31": "-673.09100", "2019-12-31": "-723.65090", "2019-09-30": "-682.78800", "2019-06-30": "-680.10000", "2019-03-31": "-678.21200", "2018-12-31": "-728.24370", "2018-09-30": "-671.11100", "2018-06-30": "-668.33300", "2018-03-31": "-679.98210", "2017-12-31": "-719.80520", "2017-09-30": "-687.23400", "2017-06-30": "-685.59100", "2017-03-31": "-669.71900", "2016-12-31": "-709.16090", "2016-09-30": "-685.21300", "2016-06-30": "-698.68600", "2016-03-31": "-677.99000", "2015-12-31": "-700.14190", "2015-09-30": "-674.04100", "2015-06-30": "-672.31200", "2015-03-31": "-640.71600", "2014-12-31": "-673.54910", "2014-09-30": "-642.10000", "2014-06-30": "-635.44600", "2014-03-31": "-606.89600", "2013-12-31": "-635.84410", "2013-09-30": "-607.26600", "2013-06-30": "-575.57900", "2013-03-31": "-570.75600", "2012-12-31": "-542.38290", "2012-09-30": "-517.66400", "2012-06-30": "-503.68900", "2012-03-31": "-483.10900", "2011-12-31": "-501.02600", "2011-09-30": "-471.53700", "2011-06-30": "-459.51300", "2011-03-31": "-439.94500", "2010-12-31": "-440.44500", "2010-09-30": "-430.18000", "2010-06-30": "-420.75700", "2010-03-31": "-416.94100", "2009-12-31": "-421.67500", "2009-09-30": "-402.97100", "2009-06-30": "-412.30500", "2009-03-31": "-387.30100", "2008-12-31": "-403.58510", "2008-09-30": "-397.91700", "2008-06-30": "-402.59200", "2008-03-31": "-405.10800", "2007-12-31": "-431.16110", "2007-09-30": "-421.24800", "2007-06-30": "-389.79100", "2007-03-31": "-385.23100", "2006-12-31": "-366.27500", "2006-09-30": "-368.31100", "2006-06-30": "-358.92600", "2006-03-31": "-355.65400", "2005-12-31": "-358.20700", "2005-09-30": "-338.96200", "2005-06-30": "-334.60000", "2005-03-31": "-326.80500"}, "Operating Expenses": {"2020-12-31": "1877.40200", "2020-09-30": "1793.63700", "2020-06-30": "1792.20400", "2020-03-31": "1780.34400", "2019-12-31": "1795.81600", "2019-09-30": "1724.25900", "2019-06-30": "1708.93000", "2019-03-31": "1666.86200", "2018-12-31": "1748.37100", "2018-09-30": "1688.83100", "2018-06-30": "1641.96900", "2018-03-31": "1643.20100", "2017-12-31": "1696.67800", "2017-09-30": "1768.40800", "2017-06-30": "1650.28900", "2017-03-31": "1649.32200", "2016-12-31": "1702.62100", "2016-09-30": "1651.06900", "2016-06-30": "1662.84800", "2016-03-31": "1600.31100", "2015-12-31": "1623.11400", "2015-09-30": "1600.39600", "2015-06-30": "1578.54700", "2015-03-31": "1541.42400", "2014-12-31": "1587.12000", "2014-09-30": "1529.22300", "2014-06-30": "1503.22400", "2014-03-31": "1428.99100", "2013-12-31": "1484.44300", "2013-09-30": "1405.54200", "2013-06-30": "1381.04900", "2013-03-31": "1315.43500", "2012-12-31": "1343.55600", "2012-09-30": "1254.29600", "2012-06-30": "1234.89100", "2012-03-31": "1162.58100", "2011-12-31": "1194.04000", "2011-09-30": "1155.51700", "2011-06-30": "1133.78900", "2011-03-31": "1047.04000", "2010-12-31": "1031.95700", "2010-09-30": "1028.08700", "2010-06-30": "991.23190", "2010-03-31": "966.91410", "2009-12-31": "964.70590", "2009-09-30": "988.93500", "2009-06-30": "1009.57200", "2009-03-31": "997.74600", "2008-12-31": "1035.24800", "2008-09-30": "1092.17100", "2008-06-30": "1082.29500", "2008-03-31": "1088.14900", "2007-12-31": "1115.54900", "2007-09-30": "1127.62200", "2007-06-30": "1093.46000", "2007-03-31": "1070.37800", "2006-12-31": "1055.52400", "2006-09-30": "1100.25200", "2006-06-30": "1101.03600", "2006-03-31": "1056.85200", "2005-12-31": "1081.29500", "2005-09-30": "1081.20400", "2005-06-30": "1009.92600", "2005-03-31": "967.95100"}, "Operating Income": {"2020-12-31": "435.06910", "2020-09-30": "246.18200", "2020-06-30": "143.82200", "2020-03-31": "30.26600", "2019-12-31": "180.25760", "2019-09-30": "241.45690", "2019-06-30": "314.45410", "2019-03-31": "270.15990", "2018-12-31": "203.21520", "2018-09-30": "249.07090", "2018-06-30": "268.94700", "2018-03-31": "248.04580", "2017-12-31": "238.27710", "2017-09-30": "262.93410", "2017-06-30": "197.75990", "2017-03-31": "221.09590", "2016-12-31": "268.71060", "2016-09-30": "368.65800", "2016-06-30": "193.06600", "2016-03-31": "206.90000", "2015-12-31": "187.94190", "2015-09-30": "260.56100", "2015-06-30": "211.21800", "2015-03-31": "203.25490", "2014-12-31": "197.30830", "2014-09-30": "311.38210", "2014-06-30": "293.76500", "2014-03-31": "277.91500", "2013-12-31": "212.23630", "2013-09-30": "228.58200", "2013-06-30": "189.91310", "2013-03-31": "191.33400", "2012-12-31": "265.04490", "2012-09-30": "166.20500", "2012-06-30": "180.85600", "2012-03-31": "216.12400", "2011-12-31": "176.91350", "2011-09-30": "124.21400", "2011-06-30": "137.15990", "2011-03-31": "187.31090", "2010-12-31": "199.38460", "2010-09-30": "148.02500", "2010-06-30": "171.83610", "2010-03-31": "186.63290", "2009-12-31": "211.44410", "2009-09-30": "147.37400", "2009-06-30": "145.52600", "2009-03-31": "-34.12500", "2008-12-31": "43.58720", "2008-09-30": "-36.54100", "2008-06-30": "116.84410", "2008-03-31": "287.05490", "2007-12-31": "319.21240", "2007-09-30": "280.40990", "2007-06-30": "293.12300", "2007-03-31": "288.64310", "2006-12-31": "304.91910", "2006-09-30": "268.25610", "2006-06-30": "257.30990", "2006-03-31": "250.68200", "2005-12-31": "262.59500", "2005-09-30": "190.97300", "2005-06-30": "210.85800", "2005-03-31": "192.03700"}, "Total Non-Operating Income/Expense": {"2020-12-31": "-35.66300", "2020-09-30": "-39.76800", "2020-06-30": "-38.37300", "2020-03-31": "-36.73400", "2019-12-31": "-33.49500", "2019-09-30": "-38.47500", "2019-06-30": "-40.71800", "2019-03-31": "-40.72100", "2018-12-31": "-40.57600", "2018-09-30": "-39.84800", "2018-06-30": "-39.70500", "2018-03-31": "-37.05600", "2017-12-31": "-36.87800", "2017-09-30": "-36.82100", "2017-06-30": "-36.79900", "2017-03-31": "-36.79900", "2016-12-31": "-36.87700", "2016-09-30": "-37.04300", "2016-06-30": "-34.75200", "2016-03-31": "-32.22400", "2015-12-31": "-31.73600", "2015-09-30": "-31.64100", "2015-06-30": "-33.03100", "2015-03-31": "-34.53800", "2014-12-31": "-34.60400", "2014-09-30": "-32.92900", "2014-06-30": "-30.31100", "2014-03-31": "-30.33000", "2013-12-31": "-30.51000", "2013-09-30": "-30.34900", "2013-06-30": "-31.20700", "2013-03-31": "-31.11100", "2012-12-31": "-32.55200", "2012-09-30": "-32.51200", "2012-06-30": "-32.41700", "2012-03-31": "-28.82100", "2011-12-31": "-28.19500", "2011-09-30": "-28.06800", "2011-06-30": "-28.13200", "2011-03-31": "-28.11700", "2010-12-31": "-28.18900", "2010-09-30": "-26.72500", "2010-06-30": "-26.01400", "2010-03-31": "-26.04100", "2009-12-31": "-25.95300", "2009-09-30": "-21.59900", "2009-06-30": "-20.21300", "2009-03-31": "-20.22400", "2008-12-31": "-20.23200", "2008-09-30": "-20.25100", "2008-06-30": "-21.39600", "2008-03-31": "-22.74400", "2007-12-31": "-22.88900", "2007-09-30": "-22.70700", "2007-06-30": "-22.70000", "2007-03-31": "-20.70000", "2006-12-31": "-22.48800", "2006-09-30": "-23.29300", "2006-06-30": "-23.27200", "2006-03-31": "-23.46900", "2005-12-31": "-24.95200", "2005-09-30": "-23.63200", "2005-06-30": "-19.21700", "2005-03-31": "-18.12500"}, "Pre-Tax Income": {"2020-12-31": "399.40600", "2020-09-30": "206.41400", "2020-06-30": "105.44900", "2020-03-31": "-6.46800", "2019-12-31": "146.76300", "2019-09-30": "202.98200", "2019-06-30": "273.73600", "2019-03-31": "229.43900", "2018-12-31": "162.63900", "2018-09-30": "209.22300", "2018-06-30": "229.24200", "2018-03-31": "210.99000", "2017-12-31": "201.39900", "2017-09-30": "226.11300", "2017-06-30": "160.96100", "2017-03-31": "184.29700", "2016-12-31": "231.83300", "2016-09-30": "331.61500", "2016-06-30": "158.31400", "2016-03-31": "174.67600", "2015-12-31": "156.20600", "2015-09-30": "228.92000", "2015-06-30": "178.18700", "2015-03-31": "168.71700", "2014-12-31": "162.70400", "2014-09-30": "278.45300", "2014-06-30": "263.45400", "2014-03-31": "247.58500", "2013-12-31": "181.72600", "2013-09-30": "198.23300", "2013-06-30": "158.70600", "2013-03-31": "160.22300", "2012-12-31": "232.49300", "2012-09-30": "133.69300", "2012-06-30": "148.43900", "2012-03-31": "187.30300", "2011-12-31": "148.71800", "2011-09-30": "96.14600", "2011-06-30": "109.02800", "2011-03-31": "159.19400", "2010-12-31": "171.19600", "2010-09-30": "121.30000", "2010-06-30": "145.82200", "2010-03-31": "160.59200", "2009-12-31": "185.49100", "2009-09-30": "125.77500", "2009-06-30": "125.31300", "2009-03-31": "-54.34900", "2008-12-31": "23.35500", "2008-09-30": "-56.79200", "2008-06-30": "95.44800", "2008-03-31": "264.31100", "2007-12-31": "296.32300", "2007-09-30": "257.70300", "2007-06-30": "270.42300", "2007-03-31": "267.94300", "2006-12-31": "282.43100", "2006-09-30": "244.96300", "2006-06-30": "234.03800", "2006-03-31": "227.21300", "2005-12-31": "237.64300", "2005-09-30": "167.34100", "2005-06-30": "191.64100", "2005-03-31": "173.91200"}, "Income Taxes": {"2020-12-31": "86.91700", "2020-09-30": "54.04800", "2020-06-30": "33.79300", "2020-03-31": "-2.94200", "2019-12-31": "26.97000", "2019-09-30": "37.83100", "2019-06-30": "56.30900", "2019-03-31": "47.82500", "2018-12-31": "26.36700", "2018-09-30": "44.78000", "2018-06-30": "48.46400", "2018-03-31": "43.41700", "2017-12-31": "45.12700", "2017-09-30": "63.29500", "2017-06-30": "51.38800", "2017-03-31": "59.62300", "2016-12-31": "78.16500", "2016-09-30": "110.95200", "2016-06-30": "49.40800", "2016-03-31": "54.42800", "2015-12-31": "46.32800", "2015-09-30": "76.18400", "2015-06-30": "55.13800", "2015-03-31": "50.27300", "2014-12-31": "51.75300", "2014-09-30": "89.66200", "2014-06-30": "83.27700", "2014-03-31": "77.90100", "2013-12-31": "46.33800", "2013-09-30": "60.04500", "2013-06-30": "43.57900", "2013-03-31": "43.62500", "2012-12-31": "66.99400", "2012-09-30": "32.68500", "2012-06-30": "39.53500", "2012-03-31": "52.07100", "2011-12-31": "31.66300", "2011-09-30": "19.77500", "2011-06-30": "26.90800", "2011-03-31": "43.59900", "2010-12-31": "47.18600", "2010-09-30": "27.63100", "2010-06-30": "35.59800", "2010-03-31": "41.81100", "2009-12-31": "51.34700", "2009-09-30": "27.98700", "2009-06-30": "27.88100", "2009-03-31": "-34.06500", "2008-12-31": "-16.99600", "2008-09-30": "-28.96400", "2008-06-30": "15.17300", "2008-03-31": "75.70600", "2007-12-31": "88.21500", "2007-09-30": "76.34400", "2007-06-30": "79.37600", "2007-03-31": "79.13500", "2006-12-31": "83.14700", "2006-09-30": "70.44500", "2006-06-30": "67.88300", "2006-03-31": "64.92300", "2005-12-31": "69.15700", "2005-09-30": "44.54000", "2005-06-30": "56.09500", "2005-03-31": "52.72900"}, "Income After Taxes": {"2020-12-31": "312.48900", "2020-09-30": "152.36600", "2020-06-30": "71.65600", "2020-03-31": "-3.52600", "2019-12-31": "119.79300", "2019-09-30": "165.15100", "2019-06-30": "217.42700", "2019-03-31": "181.61400", "2018-12-31": "136.27200", "2018-09-30": "164.44300", "2018-06-30": "180.77800", "2018-03-31": "167.57300", "2017-12-31": "156.27200", "2017-09-30": "162.81800", "2017-06-30": "109.57300", "2017-03-31": "124.67400", "2016-12-31": "153.66800", "2016-09-30": "220.66300", "2016-06-30": "108.90600", "2016-03-31": "120.24800", "2015-12-31": "109.87800", "2015-09-30": "152.73600", "2015-06-30": "123.04900", "2015-03-31": "118.44400", "2014-12-31": "110.95100", "2014-09-30": "188.79100", "2014-06-30": "180.17700", "2014-03-31": "169.68400", "2013-12-31": "135.38800", "2013-09-30": "138.18800", "2013-06-30": "115.12700", "2013-03-31": "116.59800", "2012-12-31": "165.49900", "2012-09-30": "101.00800", "2012-06-30": "108.90400", "2012-03-31": "135.23200", "2011-12-31": "117.05500", "2011-09-30": "76.37100", "2011-06-30": "82.12000", "2011-03-31": "115.59500", "2010-12-31": "124.01000", "2010-09-30": "93.66900", "2010-06-30": "110.22400", "2010-03-31": "118.78100", "2009-12-31": "134.14400", "2009-09-30": "97.78800", "2009-06-30": "97.43200", "2009-03-31": "-20.28400", "2008-12-31": "40.35100", "2008-09-30": "-27.82800", "2008-06-30": "80.27500", "2008-03-31": "188.60500", "2007-12-31": "208.10800", "2007-09-30": "181.35900", "2007-06-30": "191.04700", "2007-03-31": "188.80800", "2006-12-31": "199.28400", "2006-09-30": "174.51800", "2006-06-30": "166.15500", "2006-03-31": "162.29000", "2005-12-31": "168.48600", "2005-09-30": "122.80100", "2005-06-30": "135.54600", "2005-03-31": "121.18300"}, "Other Income": {"2020-12-31": "", "2020-09-30": "", "2020-06-30": "", "2020-03-31": "", "2019-12-31": "", "2019-09-30": "", "2019-06-30": "", "2019-03-31": "", "2018-12-31": "", "2018-09-30": "", "2018-06-30": "", "2018-03-31": "", "2017-12-31": "", "2017-09-30": "", "2017-06-30": "", "2017-03-31": "", "2016-12-31": "", "2016-09-30": "", "2016-06-30": "", "2016-03-31": "", "2015-12-31": "", "2015-09-30": "", "2015-06-30": "", "2015-03-31": "", "2014-12-31": "", "2014-09-30": "", "2014-06-30": "", "2014-03-31": "", "2013-12-31": "", "2013-09-30": "", "2013-06-30": "", "2013-03-31": "", "2012-12-31": "", "2012-09-30": "", "2012-06-30": "", "2012-03-31": "", "2011-12-31": "", "2011-09-30": "", "2011-06-30": "", "2011-03-31": "", "2010-12-31": "", "2010-09-30": "", "2010-06-30": "", "2010-03-31": "", "2009-12-31": "", "2009-09-30": "", "2009-06-30": "", "2009-03-31": "", "2008-12-31": "", "2008-09-30": "", "2008-06-30": "", "2008-03-31": "", "2007-12-31": "", "2007-09-30": "", "2007-06-30": "", "2007-03-31": "", "2006-12-31": "", "2006-09-30": "", "2006-06-30": "", "2006-03-31": "", "2005-12-31": "", "2005-09-30": "", "2005-06-30": "", "2005-03-31": ""}, "Income From Continuous Operations": {"2020-12-31": "312.48900", "2020-09-30": "152.36600", "2020-06-30": "71.65600", "2020-03-31": "-3.52600", "2019-12-31": "119.79300", "2019-09-30": "165.15100", "2019-06-30": "217.42700", "2019-03-31": "181.61400", "2018-12-31": "136.27200", "2018-09-30": "164.44300", "2018-06-30": "180.77800", "2018-03-31": "167.57300", "2017-12-31": "156.27200", "2017-09-30": "162.81800", "2017-06-30": "109.57300", "2017-03-31": "124.67400", "2016-12-31": "153.66800", "2016-09-30": "220.66300", "2016-06-30": "108.90600", "2016-03-31": "120.24800", "2015-12-31": "109.87800", "2015-09-30": "152.73600", "2015-06-30": "123.04900", "2015-03-31": "118.44400", "2014-12-31": "110.95100", "2014-09-30": "188.79100", "2014-06-30": "180.17700", "2014-03-31": "169.68400", "2013-12-31": "135.38800", "2013-09-30": "138.18800", "2013-06-30": "115.12700", "2013-03-31": "116.59800", "2012-12-31": "165.49900", "2012-09-30": "101.00800", "2012-06-30": "108.90400", "2012-03-31": "135.23200", "2011-12-31": "117.05500", "2011-09-30": "76.37100", "2011-06-30": "82.12000", "2011-03-31": "115.59500", "2010-12-31": "124.01000", "2010-09-30": "93.66900", "2010-06-30": "110.22400", "2010-03-31": "118.78100", "2009-12-31": "134.14400", "2009-09-30": "97.78800", "2009-06-30": "97.43200", "2009-03-31": "-20.28400", "2008-12-31": "40.40300", "2008-09-30": "-27.88000", "2008-06-30": "80.27500", "2008-03-31": "188.60500", "2007-12-31": "206.71700", "2007-09-30": "180.46300", "2007-06-30": "190.63300", "2007-03-31": "188.42600", "2006-12-31": "198.05600", "2006-09-30": "174.30800", "2006-06-30": "165.45200", "2006-03-31": "161.70200", "2005-12-31": "167.42400", "2005-09-30": "122.51800", "2005-06-30": "134.07900", "2005-03-31": "120.87100"}, "Income From Discontinued Operations": {"2020-12-31": "", "2020-09-30": "", "2020-06-30": "", "2020-03-31": "", "2019-12-31": "", "2019-09-30": "", "2019-06-30": "", "2019-03-31": "", "2018-12-31": "", "2018-09-30": "", "2018-06-30": "", "2018-03-31": "", "2017-12-31": "", "2017-09-30": "", "2017-06-30": "", "2017-03-31": "", "2016-12-31": "", "2016-09-30": "", "2016-06-30": "", "2016-03-31": "", "2015-12-31": "", "2015-09-30": "", "2015-06-30": "", "2015-03-31": "", "2014-12-31": "", "2014-09-30": "", "2014-06-30": "", "2014-03-31": "", "2013-12-31": "", "2013-09-30": "", "2013-06-30": "", "2013-03-31": "", "2012-12-31": "", "2012-09-30": "", "2012-06-30": "", "2012-03-31": "", "2011-12-31": "", "2011-09-30": "", "2011-06-30": "", "2011-03-31": "", "2010-12-31": "", "2010-09-30": "", "2010-06-30": "", "2010-03-31": "", "2009-12-31": "", "2009-09-30": "", "2009-06-30": "", "2009-03-31": "", "2008-12-31": "", "2008-09-30": "", "2008-06-30": "", "2008-03-31": "", "2007-12-31": "", "2007-09-30": "", "2007-06-30": "", "2007-03-31": "", "2006-12-31": "", "2006-09-30": "", "2006-06-30": "", "2006-03-31": "", "2005-12-31": "", "2005-09-30": "", "2005-06-30": "", "2005-03-31": ""}, "Net Income": {"2020-12-31": "312.15000", "2020-09-30": "151.67800", "2020-06-30": "71.26000", "2020-03-31": "-4.41800", "2019-12-31": "119.30500", "2019-09-30": "165.20800", "2019-06-30": "216.70900", "2019-03-31": "180.72200", "2018-12-31": "132.35800", "2018-09-30": "161.92000", "2018-06-30": "180.07500", "2018-03-31": "166.39600", "2017-12-31": "154.58900", "2017-09-30": "162.05400", "2017-06-30": "109.00400", "2017-03-31": "123.44700", "2016-12-31": "152.78800", "2016-09-30": "220.65000", "2016-06-30": "108.96700", "2016-03-31": "119.51100", "2015-12-31": "109.74500", "2015-09-30": "152.60700", "2015-06-30": "123.03500", "2015-03-31": "118.30700", "2014-12-31": "110.71100", "2014-09-30": "188.53900", "2014-06-30": "179.96100", "2014-03-31": "169.67300", "2013-12-31": "130.37900", "2013-09-30": "136.97400", "2013-06-30": "115.95700", "2013-03-31": "116.61500", "2012-12-31": "165.48900", "2012-09-30": "100.94700", "2012-06-30": "108.83800", "2012-03-31": "135.31800", "2011-12-31": "117.02700", "2011-09-30": "76.41000", "2011-06-30": "82.18400", "2011-03-31": "115.59000", "2010-12-31": "123.96900", "2010-09-30": "93.61900", "2010-06-30": "110.20700", "2010-03-31": "118.61000", "2009-12-31": "134.29400", "2009-09-30": "97.72200", "2009-06-30": "97.38700", "2009-03-31": "-20.34600", "2008-12-31": "40.32600", "2008-09-30": "-27.88000", "2008-06-30": "80.25700", "2008-03-31": "188.43800", "2007-12-31": "206.71700", "2007-09-30": "180.46300", "2007-06-30": "190.63300", "2007-03-31": "188.42600", "2006-12-31": "198.05600", "2006-09-30": "174.30800", "2006-06-30": "165.45200", "2006-03-31": "161.70200", "2005-12-31": "167.42400", "2005-09-30": "122.51800", "2005-06-30": "134.07900", "2005-03-31": "120.87100"}, "EBITDA": {"2020-12-31": "", "2020-09-30": "278.31200", "2020-06-30": "182.82400", "2020-03-31": "55.32900", "2019-12-31": "251.63760", "2019-09-30": "232.17490", "2019-06-30": "338.31910", "2019-03-31": "297.58390", "2018-12-31": "257.78220", "2018-09-30": "269.23990", "2018-06-30": "296.29200", "2018-03-31": "277.07280", "2017-12-31": "273.09610", "2017-09-30": "296.39210", "2017-06-30": "224.30590", "2017-03-31": "239.22890", "2016-12-31": "285.60860", "2016-09-30": "390.93800", "2016-06-30": "209.69400", "2016-03-31": "237.14500", "2015-12-31": "207.69690", "2015-09-30": "283.67800", "2015-06-30": "234.28200", "2015-03-31": "222.45790", "2014-12-31": "222.72930", "2014-09-30": "323.96510", "2014-06-30": "319.36100", "2014-03-31": "303.15100", "2013-12-31": "235.27730", "2013-09-30": "258.01400", "2013-06-30": "219.62010", "2013-03-31": "212.24400", "2012-12-31": "303.37490", "2012-09-30": "184.14700", "2012-06-30": "205.79100", "2012-03-31": "238.33600", "2011-12-31": "207.59340", "2011-09-30": "148.36700", "2011-06-30": "148.25990", "2011-03-31": "209.38990", "2010-12-31": "218.18860", "2010-09-30": "169.62000", "2010-06-30": "193.77610", "2010-03-31": "207.16090", "2009-12-31": "234.15210", "2009-09-30": "155.71400", "2009-06-30": "170.09400", "2009-03-31": "-10.86600", "2008-12-31": "67.18120", "2008-09-30": "-17.65600", "2008-06-30": "121.25310", "2008-03-31": "324.11990", "2007-12-31": "331.06140", "2007-09-30": "300.47590", "2007-06-30": "314.13900", "2007-03-31": "309.40910", "2006-12-31": "320.11210", "2006-09-30": "285.03610", "2006-06-30": "272.95590", "2006-03-31": "268.73700", "2005-12-31": "285.39900", "2005-09-30": "200.38900", "2005-06-30": "226.65600", "2005-03-31": "207.07100"}, "EBIT": {"2020-12-31": "435.06910", "2020-09-30": "246.18200", "2020-06-30": "143.82200", "2020-03-31": "30.26600", "2019-12-31": "180.25770", "2019-09-30": "241.45690", "2019-06-30": "314.45410", "2019-03-31": "270.15990", "2018-12-31": "203.21510", "2018-09-30": "249.07090", "2018-06-30": "268.94700", "2018-03-31": "248.04580", "2017-12-31": "238.27700", "2017-09-30": "262.93410", "2017-06-30": "197.75990", "2017-03-31": "221.09590", "2016-12-31": "268.71040", "2016-09-30": "368.65800", "2016-06-30": "193.06600", "2016-03-31": "206.90000", "2015-12-31": "187.94210", "2015-09-30": "260.56100", "2015-06-30": "211.21800", "2015-03-31": "203.25490", "2014-12-31": "197.30850", "2014-09-30": "311.38210", "2014-06-30": "293.76500", "2014-03-31": "277.91500", "2013-12-31": "212.23630", "2013-09-30": "228.58200", "2013-06-30": "189.91310", "2013-03-31": "191.33400", "2012-12-31": "265.04500", "2012-09-30": "166.20500", "2012-06-30": "180.85600", "2012-03-31": "216.12400", "2011-12-31": "176.91330", "2011-09-30": "124.21400", "2011-06-30": "137.15990", "2011-03-31": "187.31090", "2010-12-31": "199.38490", "2010-09-30": "148.02500", "2010-06-30": "171.83610", "2010-03-31": "186.63290", "2009-12-31": "211.44430", "2009-09-30": "147.37400", "2009-06-30": "145.52600", "2009-03-31": "-34.12500", "2008-12-31": "43.58730", "2008-09-30": "-36.54100", "2008-06-30": "116.84410", "2008-03-31": "287.05490", "2007-12-31": "319.21220", "2007-09-30": "280.40990", "2007-06-30": "293.12300", "2007-03-31": "288.64310", "2006-12-31": "304.91890", "2006-09-30": "268.25610", "2006-06-30": "257.30990", "2006-03-31": "250.68200", "2005-12-31": "262.59480", "2005-09-30": "190.97300", "2005-06-30": "210.85800", "2005-03-31": "192.03700"}, "Basic Shares Outstanding": {"2020-12-31": "185.69300", "2020-09-30": "185.76500", "2020-06-30": "185.97900", "2020-03-31": "190.28700", "2019-12-31": "191.00000", "2019-09-30": "190.86200", "2019-06-30": "190.51200", "2019-03-31": "190.40000", "2018-12-31": "190.00000", "2018-09-30": "190.24100", "2018-06-30": "189.77600", "2018-03-31": "189.56300", "2017-12-31": "187.00000", "2017-09-30": "188.72700", "2017-06-30": "188.00100", "2017-03-31": "182.83950", "2016-12-31": "183.97650", "2016-09-30": "183.84300", "2016-06-30": "183.92400", "2016-03-31": "184.17000", "2015-12-31": "186.06000", "2015-09-30": "184.74450", "2015-06-30": "185.67150", "2015-03-31": "188.95350", "2014-12-31": "191.81100", "2014-09-30": "190.74750", "2014-06-30": "191.50200", "2014-03-31": "194.80950", "2013-12-31": "202.95750", "2013-09-30": "202.90200", "2013-06-30": "203.84100", "2013-03-31": "204.03750", "2012-12-31": "205.64550", "2012-09-30": "204.82950", "2012-06-30": "207.27150", "2012-03-31": "206.72100", "2011-12-31": "209.53200", "2011-09-30": "208.22400", "2011-06-30": "212.45550", "2011-03-31": "211.76550", "2010-12-31": "223.12800", "2010-09-30": "220.61850", "2010-06-30": "226.82250", "2010-03-31": "230.16750", "2009-12-31": "240.53550", "2009-09-30": "240.70200", "2009-06-30": "240.01200", "2009-03-31": "241.63500", "2008-12-31": "250.43400", "2008-09-30": "244.01250", "2008-06-30": "250.75800", "2008-03-31": "265.04850", "2007-12-31": "283.47150", "2007-09-30": "279.90150", "2007-06-30": "291.51750", "2007-03-31": "289.79850", "2006-12-31": "287.71350", "2006-09-30": "287.32090", "2006-06-30": "288.57900", "2006-03-31": "287.61150", "2005-12-31": "285.79950", "2005-09-30": "300.94500", "2005-06-30": "300.07650", "2005-03-31": "284.75550"}, "Shares Outstanding": {"2020-12-31": "187.18000", "2020-09-30": "187.71700", "2020-06-30": "187.86200", "2020-03-31": "190.28700", "2019-12-31": "194.00000", "2019-09-30": "193.58900", "2019-06-30": "193.05900", "2019-03-31": "192.66900", "2018-12-31": "192.00000", "2018-09-30": "192.84200", "2018-06-30": "192.50900", "2018-03-31": "192.18800", "2017-12-31": "194.00000", "2017-09-30": "193.41600", "2017-06-30": "192.90150", "2017-03-31": "192.67950", "2016-12-31": "192.82950", "2016-09-30": "192.83400", "2016-06-30": "192.86250", "2016-03-31": "192.79350", "2015-12-31": "195.28350", "2015-09-30": "193.42050", "2015-06-30": "194.98200", "2015-03-31": "198.72600", "2014-12-31": "200.47800", "2014-09-30": "199.50150", "2014-06-30": "199.95600", "2014-03-31": "203.14350", "2013-12-31": "211.11450", "2013-09-30": "211.13700", "2013-06-30": "211.91100", "2013-03-31": "211.83450", "2012-12-31": "214.97250", "2012-09-30": "212.45550", "2012-06-30": "215.29200", "2012-03-31": "215.11650", "2011-12-31": "218.50800", "2011-09-30": "216.80700", "2011-06-30": "221.51550", "2011-03-31": "221.13750", "2010-12-31": "232.62150", "2010-09-30": "231.24000", "2010-06-30": "236.19150", "2010-03-31": "239.65650", "2009-12-31": "249.86100", "2009-09-30": "250.10400", "2009-06-30": "249.33900", "2009-03-31": "241.63500", "2008-12-31": "260.18100", "2008-09-30": "244.01250", "2008-06-30": "260.52600", "2008-03-31": "275.70600", "2007-12-31": "295.04700", "2007-09-30": "290.57850", "2007-06-30": "305.88300", "2007-03-31": "303.11400", "2006-12-31": "302.94150", "2006-09-30": "301.94250", "2006-06-30": "303.67500", "2006-03-31": "303.49650", "2005-12-31": "300.63900", "2005-09-30": "300.94500", "2005-06-30": "300.07650", "2005-03-31": "299.52900"}, "Basic EPS": {"2020-12-31": "1.68000", "2020-09-30": "0.82000", "2020-06-30": "0.38000", "2020-03-31": "-0.02000", "2019-12-31": "0.62000", "2019-09-30": "0.87000", "2019-06-30": "1.14000", "2019-03-31": "0.95000", "2018-12-31": "0.69000", "2018-09-30": "0.85000", "2018-06-30": "0.95000", "2018-03-31": "0.88000", "2017-12-31": "0.81670", "2017-09-30": "0.86000", "2017-06-30": "0.58000", "2017-03-31": "0.67330", "2016-12-31": "0.83330", "2016-09-30": "1.20000", "2016-06-30": "0.59330", "2016-03-31": "0.64670", "2015-12-31": "0.59330", "2015-09-30": "0.82670", "2015-06-30": "0.66000", "2015-03-31": "0.62670", "2014-12-31": "0.58000", "2014-09-30": "0.98670", "2014-06-30": "0.94000", "2014-03-31": "0.87330", "2013-12-31": "0.64670", "2013-09-30": "0.67330", "2013-06-30": "0.56670", "2013-03-31": "0.57330", "2012-12-31": "0.80670", "2012-09-30": "0.49330", "2012-06-30": "0.52670", "2012-03-31": "0.65330", "2011-12-31": "0.56670", "2011-09-30": "0.36670", "2011-06-30": "0.38670", "2011-03-31": "0.54670", "2010-12-31": "0.57330", "2010-09-30": "0.42670", "2010-06-30": "0.48670", "2010-03-31": "0.51330", "2009-12-31": "0.56000", "2009-09-30": "0.40670", "2009-06-30": "0.40670", "2009-03-31": "-0.08670", "2008-12-31": "0.20000", "2008-09-30": "-0.11330", "2008-06-30": "0.32000", "2008-03-31": "0.71330", "2007-12-31": "0.74670", "2007-09-30": "0.64670", "2007-06-30": "0.65330", "2007-03-31": "0.65330", "2006-12-31": "0.69330", "2006-09-30": "0.60670", "2006-06-30": "0.57330", "2006-03-31": "0.56000", "2005-12-31": "0.58670", "2005-09-30": "0.42670", "2005-06-30": "0.46670", "2005-03-31": "0.42670"}, "EPS - Earnings Per Share": {"2020-12-31": "1.67000", "2020-09-30": "0.81000", "2020-06-30": "0.38000", "2020-03-31": "-0.02000", "2019-12-31": "0.61000", "2019-09-30": "0.85000", "2019-06-30": "1.12000", "2019-03-31": "0.94000", "2018-12-31": "0.69000", "2018-09-30": "0.84000", "2018-06-30": "0.93000", "2018-03-31": "0.87000", "2017-12-31": "0.79330", "2017-09-30": "0.84000", "2017-06-30": "0.56670", "2017-03-31": "0.64000", "2016-12-31": "0.78670", "2016-09-30": "1.14670", "2016-06-30": "0.56670", "2016-03-31": "0.62000", "2015-12-31": "0.56670", "2015-09-30": "0.78670", "2015-06-30": "0.63330", "2015-03-31": "0.59330", "2014-12-31": "0.56000", "2014-09-30": "0.94670", "2014-06-30": "0.90000", "2014-03-31": "0.83330", "2013-12-31": "0.62000", "2013-09-30": "0.64670", "2013-06-30": "0.54670", "2013-03-31": "0.55330", "2012-12-31": "0.76670", "2012-09-30": "0.47330", "2012-06-30": "0.50670", "2012-03-31": "0.62670", "2011-12-31": "0.54670", "2011-09-30": "0.35330", "2011-06-30": "0.37330", "2011-03-31": "0.52000", "2010-12-31": "0.55330", "2010-09-30": "0.40670", "2010-06-30": "0.46670", "2010-03-31": "0.49330", "2009-12-31": "0.54000", "2009-09-30": "0.39330", "2009-06-30": "0.39330", "2009-03-31": "-0.08670", "2008-12-31": "0.20000", "2008-09-30": "-0.11330", "2008-06-30": "0.30670", "2008-03-31": "0.68670", "2007-12-31": "0.74000", "2007-09-30": "0.62000", "2007-06-30": "0.62000", "2007-03-31": "0.62000", "2006-12-31": "0.64670", "2006-09-30": "0.58000", "2006-06-30": "0.54670", "2006-03-31": "0.53330", "2005-12-31": "0.55330", "2005-09-30": "0.40670", "2005-06-30": "0.44670", "2005-03-31": "0.40670"}}, "balance sheet": {"Cash On Hand": {"2020-12-31": "", "2019-12-31": "1023.71000", "2018-12-31": "817.60200", "2017-12-31": "950.47100", "2016-12-31": "795.28500", "2015-12-31": "763.63100", "2014-12-31": "674.44100", "2013-12-31": "839.73800", "2012-12-31": "905.67000", "2011-12-31": "911.74200", "2010-12-31": "642.95200", "2009-12-31": "515.43000", "2008-12-31": "1134.83500", "2007-12-31": "951.86300", "2006-12-31": "754.24700", "2005-12-31": "672.94100"}, "Receivables": {"2020-12-31": "", "2019-12-31": "4554.41200", "2018-12-31": "4087.28100", "2017-12-31": "3746.32400", "2016-12-31": "3930.42700", "2015-12-31": "3585.13000", "2014-12-31": "3525.56300", "2013-12-31": "3395.51900", "2012-12-31": "3337.97300", "2011-12-31": "2740.12300", "2010-12-31": "2496.69900", "2009-12-31": "2330.83800", "2008-12-31": "2116.09400", "2007-12-31": "2513.43700", "2006-12-31": "2486.13900", "2005-12-31": "2158.97200"}, "Inventory": {"2020-12-31": "", "2019-12-31": "", "2018-12-31": "", "2017-12-31": "", "2016-12-31": "", "2015-12-31": "", "2014-12-31": "", "2013-12-31": "", "2012-12-31": "", "2011-12-31": "", "2010-12-31": "", "2009-12-31": "", "2008-12-31": "", "2007-12-31": "", "2006-12-31": "", "2005-12-31": ""}, "Pre-Paid Expenses": {"2020-12-31": "", "2019-12-31": "", "2018-12-31": "", "2017-12-31": "", "2016-12-31": "", "2015-12-31": "", "2014-12-31": "", "2013-12-31": "", "2012-12-31": "", "2011-12-31": "", "2010-12-31": "", "2009-12-31": "", "2008-12-31": "", "2007-12-31": "", "2006-12-31": "", "2005-12-31": ""}, "Other Current Assets": {"2020-12-31": "", "2019-12-31": "", "2018-12-31": "", "2017-12-31": "", "2016-12-31": "", "2015-12-31": "", "2014-12-31": "", "2013-12-31": "", "2012-12-31": "", "2011-12-31": "", "2010-12-31": "", "2009-12-31": "", "2008-12-31": "", "2007-12-31": "", "2006-12-31": "", "2005-12-31": ""}, "Total Current Assets": {"2020-12-31": "", "2019-12-31": "5578.12200", "2018-12-31": "4904.88300", "2017-12-31": "4696.79500", "2016-12-31": "4725.71200", "2015-12-31": "4348.76100", "2014-12-31": "4200.00400", "2013-12-31": "4235.25700", "2012-12-31": "4243.64300", "2011-12-31": "3651.86500", "2010-12-31": "3139.65100", "2009-12-31": "2846.26800", "2008-12-31": "3250.92900", "2007-12-31": "3465.30000", "2006-12-31": "3240.38600", "2005-12-31": "2831.91300"}, "Property, Plant, And Equipment": {"2020-12-31": "", "2019-12-31": "422.09100", "2018-12-31": "416.37200", "2017-12-31": "422.96000", "2016-12-31": "349.43200", "2015-12-31": "348.22400", "2014-12-31": "332.09800", "2013-12-31": "339.44800", "2012-12-31": "267.22700", "2011-12-31": "262.27500", "2010-12-31": "254.72000", "2009-12-31": "246.60500", "2008-12-31": "260.52200", "2007-12-31": "204.25200", "2006-12-31": "183.24900", "2005-12-31": "169.47200"}, "Long-Term Investments": {"2020-12-31": "", "2019-12-31": "18612.46000", "2018-12-31": "17867.57000", "2017-12-31": "17587.11000", "2016-12-31": "16776.84000", "2015-12-31": "15474.63000", "2014-12-31": "15712.19000", "2013-12-31": "14666.96000", "2012-12-31": "14594.67000", "2011-12-31": "13573.29000", "2010-12-31": "13133.78000", "2009-12-31": "13180.76000", "2008-12-31": "11265.74000", "2007-12-31": "12091.59000", "2006-12-31": "11232.41000", "2005-12-31": "9911.97600"}, "Goodwill And Intangible Assets": {"2020-12-31": "", "2019-12-31": "169.65200", "2018-12-31": "173.03700", "2017-12-31": "178.94500", "2016-12-31": "144.51300", "2015-12-31": "153.29100", "2014-12-31": "150.94400", "2013-12-31": "110.14600", "2012-12-31": "87.86500", "2011-12-31": "87.86500", "2010-12-31": "90.58100", "2009-12-31": "90.58100", "2008-12-31": "107.56400", "2007-12-31": "102.46200", "2006-12-31": "67.96200", "2005-12-31": "67.96200"}, "Other Long-Term Assets": {"2020-12-31": "", "2019-12-31": "1343.73600", "2018-12-31": "1000.99600", "2017-12-31": "906.56300", "2016-12-31": "830.45800", "2015-12-31": "892.93200", "2014-12-31": "832.92900", "2013-12-31": "727.76500", "2012-12-31": "558.44400", "2011-12-31": "463.63700", "2010-12-31": "438.38400", "2009-12-31": "382.57000", "2008-12-31": "512.17700", "2007-12-31": "326.65400", "2006-12-31": "300.60600", "2005-12-31": "323.13200"}, "Total Long-Term Assets": {"2020-12-31": "", "2019-12-31": "21065.31000", "2018-12-31": "19991.09000", "2017-12-31": "19603.12000", "2016-12-31": "18639.13000", "2015-12-31": "17382.21000", "2014-12-31": "17516.69000", "2013-12-31": "16316.54000", "2012-12-31": "15912.25000", "2011-12-31": "14752.01000", "2010-12-31": "14388.89000", "2009-12-31": "14482.33000", "2008-12-31": "12870.23000", "2007-12-31": "13354.71000", "2006-12-31": "12416.10000", "2005-12-31": "11064.37000"}, "Total Assets": {"2020-12-31": "0.00000", "2019-12-31": "26643.43000", "2018-12-31": "24895.98000", "2017-12-31": "24299.92000", "2016-12-31": "23364.84000", "2015-12-31": "21730.97000", "2014-12-31": "21716.69000", "2013-12-31": "20551.80000", "2012-12-31": "20155.90000", "2011-12-31": "18403.87000", "2010-12-31": "17528.55000", "2009-12-31": "17328.60000", "2008-12-31": "16121.16000", "2007-12-31": "16820.01000", "2006-12-31": "15656.49000", "2005-12-31": "13896.29000"}, "Total Current Liabilities": {"2020-12-31": "", "2019-12-31": "16600.07000", "2018-12-31": "15583.36000", "2017-12-31": "15207.05000", "2016-12-31": "14693.62000", "2015-12-31": "14031.04000", "2014-12-31": "13633.70000", "2013-12-31": "13139.13000", "2012-12-31": "12542.32000", "2011-12-31": "11767.91000", "2010-12-31": "11185.99000", "2009-12-31": "11208.14000", "2008-12-31": "11080.72000", "2007-12-31": "11026.90000", "2006-12-31": "10354.90000", "2005-12-31": "9072.30700"}, "Long Term Debt": {"2020-12-31": "", "2019-12-31": "2626.27900", "2018-12-31": "2789.51900", "2017-12-31": "2497.27000", "2016-12-31": "2488.22500", "2015-12-31": "2184.94100", "2014-12-31": "2455.58700", "2013-12-31": "2032.24200", "2012-12-31": "2114.74100", "2011-12-31": "1743.50000", "2010-12-31": "1743.20300", "2009-12-31": "1595.27400", "2008-12-31": "1271.45300", "2007-12-31": "1371.16800", "2006-12-31": "1111.14000", "2005-12-31": "1418.45200"}, "Other Non-Current Liabilities": {"2020-12-31": "", "2019-12-31": "1281.03100", "2018-12-31": "1043.30400", "2017-12-31": "1046.34500", "2016-12-31": "967.49700", "2015-12-31": "874.97200", "2014-12-31": "965.81500", "2013-12-31": "1011.02700", "2012-12-31": "1103.11300", "2011-12-31": "928.74300", "2010-12-31": "889.49500", "2009-12-31": "923.23200", "2008-12-31": "717.30500", "2007-12-31": "794.07100", "2006-12-31": "824.67100", "2005-12-31": "817.13800"}, "Total Long Term Liabilities": {"2020-12-31": "", "2019-12-31": "3925.01600", "2018-12-31": "3832.82300", "2017-12-31": "3641.70600", "2016-12-31": "3590.08700", "2015-12-31": "3066.72400", "2014-12-31": "3458.85400", "2013-12-31": "3043.26900", "2012-12-31": "3278.10900", "2011-12-31": "2675.07800", "2010-12-31": "2632.69800", "2009-12-31": "2518.50600", "2008-12-31": "1988.75800", "2007-12-31": "2200.73500", "2006-12-31": "1966.42600", "2005-12-31": "2256.90400"}, "Total Liabilities": {"2020-12-31": "", "2019-12-31": "20525.09000", "2018-12-31": "19416.18000", "2017-12-31": "18848.75000", "2016-12-31": "18283.71000", "2015-12-31": "17097.76000", "2014-12-31": "17092.56000", "2013-12-31": "16182.40000", "2012-12-31": "15820.43000", "2011-12-31": "14442.99000", "2010-12-31": "13818.69000", "2009-12-31": "13726.65000", "2008-12-31": "13069.48000", "2007-12-31": "13227.64000", "2006-12-31": "12321.33000", "2005-12-31": "11329.21000"}, "Common Stock Net": {"2020-12-31": "", "2019-12-31": "70.53500", "2018-12-31": "70.53500", "2017-12-31": "47.02400", "2016-12-31": "47.02400", "2015-12-31": "47.02400", "2014-12-31": "47.02400", "2013-12-31": "47.02400", "2012-12-31": "47.02400", "2011-12-31": "47.02400", "2010-12-31": "47.02400", "2009-12-31": "47.02400", "2008-12-31": "47.02400", "2007-12-31": "47.02400", "2006-12-31": "47.02400", "2005-12-31": "47.02400"}, "Retained Earnings (Accumulated Deficit)": {"2020-12-31": "", "2019-12-31": "7932.37200", "2018-12-31": "7558.61900", "2017-12-31": "6956.88200", "2016-12-31": "6595.98700", "2015-12-31": "6178.07000", "2014-12-31": "5732.41000", "2013-12-31": "5265.01500", "2012-12-31": "4817.80700", "2011-12-31": "4491.16200", "2010-12-31": "4194.68400", "2009-12-31": "3785.18700", "2008-12-31": "3514.53100", "2007-12-31": "3271.35500", "2006-12-31": "2542.74400", "2005-12-31": "1873.95300"}, "Comprehensive Income": {"2020-12-31": "", "2019-12-31": "-257.29900", "2018-12-31": "-510.47000", "2017-12-31": "68.54100", "2016-12-31": "55.56800", "2015-12-31": "-66.69800", "2014-12-31": "183.55000", "2013-12-31": "189.39100", "2012-12-31": "465.63100", "2011-12-31": "354.85100", "2010-12-31": "276.56300", "2009-12-31": "163.20700", "2008-12-31": "-228.95900", "2007-12-31": "53.20100", "2006-12-31": "111.61300", "2005-12-31": "24.90300"}, "Other Share Holders Equity": {"2020-12-31": "", "2019-12-31": "", "2018-12-31": "", "2017-12-31": "", "2016-12-31": "", "2015-12-31": "", "2014-12-31": "", "2013-12-31": "", "2012-12-31": "", "2011-12-31": "", "2010-12-31": "", "2009-12-31": "", "2008-12-31": "", "2007-12-31": "", "2006-12-31": "", "2005-12-31": ""}, "Share Holder Equity": {"2020-12-31": "", "2019-12-31": "6118.34200", "2018-12-31": "5479.79800", "2017-12-31": "5451.16300", "2016-12-31": "5081.13400", "2015-12-31": "4633.20800", "2014-12-31": "4624.13400", "2013-12-31": "4369.39400", "2012-12-31": "4335.46600", "2011-12-31": "3960.88200", "2010-12-31": "3709.85600", "2009-12-31": "3601.94600", "2008-12-31": "3051.68000", "2007-12-31": "3592.36800", "2006-12-31": "3335.15900", "2005-12-31": "2567.07700"}, "Total Liabilities And Share Holders Equity": {"2020-12-31": "", "2019-12-31": "26643.43000", "2018-12-31": "24895.98000", "2017-12-31": "24299.92000", "2016-12-31": "23364.84000", "2015-12-31": "21730.97000", "2014-12-31": "21716.69000", "2013-12-31": "20551.80000", "2012-12-31": "20155.90000", "2011-12-31": "18403.87000", "2010-12-31": "17528.55000", "2009-12-31": "17328.60000", "2008-12-31": "16121.16000", "2007-12-31": "16820.01000", "2006-12-31": "15656.49000", "2005-12-31": "13896.29000"}}, "balance sheet, quarterly": {"Cash On Hand": {"2020-12-31": "", "2020-09-30": "2571.44700", "2020-06-30": "2430.82600", "2020-03-31": "965.01200", "2019-12-31": "1023.71000", "2019-09-30": "812.55000", "2019-06-30": "1258.17400", "2019-03-31": "937.42800", "2018-12-31": "817.60200", "2018-09-30": "819.36600", "2018-06-30": "911.20200", "2018-03-31": "956.60300", "2017-12-31": "950.47100", "2017-09-30": "773.99700", "2017-06-30": "788.35400", "2017-03-31": "608.39300", "2016-12-31": "795.28500", "2016-09-30": "873.06400", "2016-06-30": "948.71000", "2016-03-31": "837.51500", "2015-12-31": "763.63100", "2015-09-30": "879.93400", "2015-06-30": "756.36800", "2015-03-31": "614.69500", "2014-12-31": "674.44100", "2014-09-30": "1342.28500", "2014-06-30": "842.67100", "2014-03-31": "643.57500", "2013-12-31": "839.73800", "2013-09-30": "966.32600", "2013-06-30": "658.83900", "2013-03-31": "945.49200", "2012-12-31": "905.67000", "2012-09-30": "1189.56400", "2012-06-30": "1012.22000", "2012-03-31": "1082.40700", "2011-12-31": "911.74200", "2011-09-30": "866.13000", "2011-06-30": "794.88100", "2011-03-31": "630.15100", "2010-12-31": "642.95200", "2010-09-30": "922.19800", "2010-06-30": "781.46300", "2010-03-31": "441.04700", "2009-12-31": "515.43000", "2009-09-30": "736.39200", "2009-06-30": "771.51100", "2009-03-31": "826.06700", "2008-12-31": "1134.83500", "2008-09-30": "1003.87500", "2008-06-30": "614.70000", "2008-03-31": "718.07300", "2007-12-31": "951.86300", "2007-09-30": "591.27900", "2007-06-30": "801.99300", "2007-03-31": "713.48900", "2006-12-31": "754.24700", "2006-09-30": "658.91000", "2006-06-30": "783.40200", "2006-03-31": "636.84900", "2005-12-31": "672.94100", "2005-09-30": "979.27200", "2005-06-30": "707.95500", "2005-03-31": "707.61700"}, "Receivables": {"2020-12-31": "", "2020-09-30": "4738.24800", "2020-06-30": "4714.83200", "2020-03-31": "4386.70600", "2019-12-31": "4554.41200", "2019-09-30": "4297.88000", "2019-06-30": "4476.64700", "2019-03-31": "4228.48000", "2018-12-31": "4087.28100", "2018-09-30": "3923.77100", "2018-06-30": "3863.02000", "2018-03-31": "3741.05700", "2017-12-31": "3746.32400", "2017-09-30": "3855.87900", "2017-06-30": "3678.33100", "2017-03-31": "3435.79900", "2016-12-31": "3930.42700", "2016-09-30": "3620.53700", "2016-06-30": "3795.35900", "2016-03-31": "3681.85500", "2015-12-31": "3585.13000", "2015-09-30": "3681.85500", "2015-06-30": "3341.49700", "2015-03-31": "3226.35300", "2014-12-31": "3525.56300", "2014-09-30": "3134.06700", "2014-06-30": "3270.37300", "2014-03-31": "3234.50400", "2013-12-31": "3395.51900", "2013-09-30": "3234.99900", "2013-06-30": "3203.92600", "2013-03-31": "2974.64400", "2012-12-31": "3337.97300", "2012-09-30": "3106.06100", "2012-06-30": "2893.18500", "2012-03-31": "2931.98600", "2011-12-31": "2740.12300", "2011-09-30": "2763.24900", "2011-06-30": "2614.05800", "2011-03-31": "2639.81100", "2010-12-31": "2496.69900", "2010-09-30": "2385.67000", "2010-06-30": "2358.66100", "2010-03-31": "2309.15300", "2009-12-31": "2330.83800", "2009-09-30": "2254.67000", "2009-06-30": "2190.02500", "2009-03-31": "2211.10000", "2008-12-31": "2116.09400", "2008-09-30": "2496.09100", "2008-06-30": "2525.35500", "2008-03-31": "2616.11800", "2007-12-31": "2513.43700", "2007-09-30": "2476.75100", "2007-06-30": "2323.44200", "2007-03-31": "2518.08800", "2006-12-31": "2486.13900", "2006-09-30": "2380.03700", "2006-06-30": "2378.69700", "2006-03-31": "2256.69100", "2005-12-31": "2158.97200", "2005-09-30": "2184.63400", "2005-06-30": "2136.33900", "2005-03-31": "2073.64000"}, "Inventory": {"2020-12-31": "", "2020-09-30": "", "2020-06-30": "", "2020-03-31": "", "2019-12-31": "", "2019-09-30": "", "2019-06-30": "", "2019-03-31": "", "2018-12-31": "", "2018-09-30": "", "2018-06-30": "", "2018-03-31": "", "2017-12-31": "", "2017-09-30": "", "2017-06-30": "", "2017-03-31": "", "2016-12-31": "", "2016-09-30": "", "2016-06-30": "", "2016-03-31": "", "2015-12-31": "", "2015-09-30": "", "2015-06-30": "", "2015-03-31": "", "2014-12-31": "", "2014-09-30": "", "2014-06-30": "", "2014-03-31": "", "2013-12-31": "", "2013-09-30": "", "2013-06-30": "", "2013-03-31": "", "2012-12-31": "", "2012-09-30": "", "2012-06-30": "", "2012-03-31": "", "2011-12-31": "", "2011-09-30": "", "2011-06-30": "", "2011-03-31": "", "2010-12-31": "", "2010-09-30": "", "2010-06-30": "", "2010-03-31": "", "2009-12-31": "", "2009-09-30": "", "2009-06-30": "", "2009-03-31": "", "2008-12-31": "", "2008-09-30": "", "2008-06-30": "", "2008-03-31": "", "2007-12-31": "", "2007-09-30": "", "2007-06-30": "", "2007-03-31": "", "2006-12-31": "", "2006-09-30": "", "2006-06-30": "", "2006-03-31": "", "2005-12-31": "", "2005-09-30": "", "2005-06-30": "", "2005-03-31": ""}, "Pre-Paid Expenses": {"2020-12-31": "", "2020-09-30": "", "2020-06-30": "", "2020-03-31": "", "2019-12-31": "", "2019-09-30": "", "2019-06-30": "", "2019-03-31": "", "2018-12-31": "", "2018-09-30": "", "2018-06-30": "", "2018-03-31": "", "2017-12-31": "", "2017-09-30": "", "2017-06-30": "", "2017-03-31": "", "2016-12-31": "", "2016-09-30": "", "2016-06-30": "", "2016-03-31": "", "2015-12-31": "", "2015-09-30": "", "2015-06-30": "", "2015-03-31": "", "2014-12-31": "", "2014-09-30": "", "2014-06-30": "", "2014-03-31": "", "2013-12-31": "", "2013-09-30": "", "2013-06-30": "", "2013-03-31": "", "2012-12-31": "", "2012-09-30": "", "2012-06-30": "", "2012-03-31": "", "2011-12-31": "", "2011-09-30": "", "2011-06-30": "", "2011-03-31": "", "2010-12-31": "", "2010-09-30": "", "2010-06-30": "", "2010-03-31": "", "2009-12-31": "", "2009-09-30": "", "2009-06-30": "", "2009-03-31": "", "2008-12-31": "", "2008-09-30": "", "2008-06-30": "", "2008-03-31": "", "2007-12-31": "", "2007-09-30": "", "2007-06-30": "", "2007-03-31": "", "2006-12-31": "", "2006-09-30": "", "2006-06-30": "", "2006-03-31": "", "2005-12-31": "", "2005-09-30": "", "2005-06-30": "", "2005-03-31": ""}, "Other Current Assets": {"2020-12-31": "", "2020-09-30": "", "2020-06-30": "", "2020-03-31": "", "2019-12-31": "", "2019-09-30": "", "2019-06-30": "", "2019-03-31": "", "2018-12-31": "", "2018-09-30": "", "2018-06-30": "", "2018-03-31": "", "2017-12-31": "", "2017-09-30": "", "2017-06-30": "", "2017-03-31": "", "2016-12-31": "", "2016-09-30": "", "2016-06-30": "", "2016-03-31": "", "2015-12-31": "", "2015-09-30": "", "2015-06-30": "", "2015-03-31": "", "2014-12-31": "", "2014-09-30": "", "2014-06-30": "", "2014-03-31": "", "2013-12-31": "", "2013-09-30": "", "2013-06-30": "", "2013-03-31": "", "2012-12-31": "", "2012-09-30": "", "2012-06-30": "", "2012-03-31": "", "2011-12-31": "", "2011-09-30": "", "2011-06-30": "", "2011-03-31": "", "2010-12-31": "", "2010-09-30": "", "2010-06-30": "", "2010-03-31": "", "2009-12-31": "", "2009-09-30": "", "2009-06-30": "", "2009-03-31": "", "2008-12-31": "", "2008-09-30": "", "2008-06-30": "", "2008-03-31": "", "2007-12-31": "", "2007-09-30": "", "2007-06-30": "", "2007-03-31": "", "2006-12-31": "", "2006-09-30": "", "2006-06-30": "", "2006-03-31": "", "2005-12-31": "", "2005-09-30": "", "2005-06-30": "", "2005-03-31": ""}, "Total Current Assets": {"2020-12-31": "", "2020-09-30": "7309.69500", "2020-06-30": "7145.65800", "2020-03-31": "5351.71800", "2019-12-31": "5578.12200", "2019-09-30": "5110.43000", "2019-06-30": "5734.82100", "2019-03-31": "5165.90800", "2018-12-31": "4904.88300", "2018-09-30": "4743.13700", "2018-06-30": "4774.22200", "2018-03-31": "4697.66000", "2017-12-31": "4696.79500", "2017-09-30": "4629.87600", "2017-06-30": "4466.68500", "2017-03-31": "4044.19200", "2016-12-31": "4725.71200", "2016-09-30": "4493.60100", "2016-06-30": "4744.06900", "2016-03-31": "4519.37000", "2015-12-31": "4348.76100", "2015-09-30": "4561.78900", "2015-06-30": "4097.86500", "2015-03-31": "3841.04800", "2014-12-31": "4200.00400", "2014-09-30": "4476.35200", "2014-06-30": "4113.04400", "2014-03-31": "3878.07900", "2013-12-31": "4235.25700", "2013-09-30": "4201.32500", "2013-06-30": "3862.76500", "2013-03-31": "3920.13600", "2012-12-31": "4243.64300", "2012-09-30": "4295.62500", "2012-06-30": "3905.40500", "2012-03-31": "4014.39300", "2011-12-31": "3651.86500", "2011-09-30": "3629.37900", "2011-06-30": "3408.93900", "2011-03-31": "3269.96200", "2010-12-31": "3139.65100", "2010-09-30": "3307.86800", "2010-06-30": "3140.12400", "2010-03-31": "2750.20000", "2009-12-31": "2846.26800", "2009-09-30": "2991.06200", "2009-06-30": "2961.53600", "2009-03-31": "3037.16700", "2008-12-31": "3250.92900", "2008-09-30": "3499.96600", "2008-06-30": "3140.05500", "2008-03-31": "3334.19100", "2007-12-31": "3465.30000", "2007-09-30": "3068.03000", "2007-06-30": "3125.43500", "2007-03-31": "3231.57700", "2006-12-31": "3240.38600", "2006-09-30": "3038.94700", "2006-06-30": "3162.09900", "2006-03-31": "2893.54000", "2005-12-31": "2831.91300", "2005-09-30": "3163.90600", "2005-06-30": "2844.29400", "2005-03-31": "2781.25700"}, "Property, Plant, And Equipment": {"2020-12-31": "", "2020-09-30": "410.22800", "2020-06-30": "414.33500", "2020-03-31": "422.01200", "2019-12-31": "422.09100", "2019-09-30": "416.96600", "2019-06-30": "398.88500", "2019-03-31": "406.84100", "2018-12-31": "416.37200", "2018-09-30": "424.75400", "2018-06-30": "427.61900", "2018-03-31": "424.75100", "2017-12-31": "422.96000", "2017-09-30": "399.92400", "2017-06-30": "424.98400", "2017-03-31": "356.90800", "2016-12-31": "349.43200", "2016-09-30": "348.16900", "2016-06-30": "346.02400", "2016-03-31": "346.47100", "2015-12-31": "348.22400", "2015-09-30": "336.82500", "2015-06-30": "332.01500", "2015-03-31": "327.23100", "2014-12-31": "332.09800", "2014-09-30": "333.93800", "2014-06-30": "335.74100", "2014-03-31": "337.98200", "2013-12-31": "339.44800", "2013-09-30": "336.51500", "2013-06-30": "291.83100", "2013-03-31": "271.01200", "2012-12-31": "267.22700", "2012-09-30": "258.36800", "2012-06-30": "264.41300", "2012-03-31": "268.22900", "2011-12-31": "262.27500", "2011-09-30": "263.68900", "2011-06-30": "254.79200", "2011-03-31": "256.97300", "2010-12-31": "254.72000", "2010-09-30": "251.61200", "2010-06-30": "245.00300", "2010-03-31": "245.28200", "2009-12-31": "246.60500", "2009-09-30": "244.50300", "2009-06-30": "250.06300", "2009-03-31": "253.36600", "2008-12-31": "260.52200", "2008-09-30": "218.60800", "2008-06-30": "219.37600", "2008-03-31": "201.77500", "2007-12-31": "204.25200", "2007-09-30": "200.43200", "2007-06-30": "192.80000", "2007-03-31": "191.67600", "2006-12-31": "183.24900", "2006-09-30": "180.61400", "2006-06-30": "183.46300", "2006-03-31": "186.29700", "2005-12-31": "169.47200", "2005-09-30": "172.02300", "2005-06-30": "165.80200", "2005-03-31": "163.98900"}, "Long-Term Investments": {"2020-12-31": "", "2020-09-30": "18407.40000", "2020-06-30": "17667.06000", "2020-03-31": "18180.14000", "2019-12-31": "18612.46000", "2019-09-30": "18738.18000", "2019-06-30": "18387.51000", "2019-03-31": "18112.17000", "2018-12-31": "17867.57000", "2018-09-30": "17990.21000", "2018-06-30": "17744.40000", "2018-03-31": "17798.37000", "2017-12-31": "17587.11000", "2017-09-30": "17701.23000", "2017-06-30": "17501.69000", "2017-03-31": "17503.02000", "2016-12-31": "16776.84000", "2016-09-30": "16966.51000", "2016-06-30": "16237.22000", "2016-03-31": "15717.54000", "2015-12-31": "15474.63000", "2015-09-30": "15325.92000", "2015-06-30": "15712.40000", "2015-03-31": "16196.19000", "2014-12-31": "15712.19000", "2014-09-30": "15744.33000", "2014-06-30": "15371.33000", "2014-03-31": "15203.08000", "2013-12-31": "14666.96000", "2013-09-30": "14632.36000", "2013-06-30": "14684.36000", "2013-03-31": "14731.22000", "2012-12-31": "14594.67000", "2012-09-30": "14419.70000", "2012-06-30": "14358.03000", "2012-03-31": "13913.13000", "2011-12-31": "13573.29000", "2011-09-30": "13427.75000", "2011-06-30": "13500.90000", "2011-03-31": "13378.20000", "2010-12-31": "13133.78000", "2010-09-30": "13290.64000", "2010-06-30": "12991.66000", "2010-03-31": "13203.38000", "2009-12-31": "13180.76000", "2009-09-30": "13092.75000", "2009-06-30": "12208.69000", "2009-03-31": "11618.92000", "2008-12-31": "11265.74000", "2008-09-30": "11332.62000", "2008-06-30": "11920.92000", "2008-03-31": "12089.37000", "2007-12-31": "12091.59000", "2007-09-30": "12348.30000", "2007-06-30": "12201.43000", "2007-03-31": "12111.29000", "2006-12-31": "11232.41000", "2006-09-30": "11143.00000", "2006-06-30": "10249.47000", "2006-03-31": "10385.00000", "2005-12-31": "9911.97600", "2005-09-30": "9333.20300", "2005-06-30": "8840.75700", "2005-03-31": "8219.78700"}, "Goodwill And Intangible Assets": {"2020-12-31": "", "2020-09-30": "169.65200", "2020-06-30": "169.65200", "2020-03-31": "169.65200", "2019-12-31": "169.65200", "2019-09-30": "169.65200", "2019-06-30": "173.03700", "2019-03-31": "173.03700", "2018-12-31": "173.03700", "2018-09-30": "171.09500", "2018-06-30": "178.97500", "2018-03-31": "178.94500", "2017-12-31": "178.94500", "2017-09-30": "173.42200", "2017-06-30": "144.91300", "2017-03-31": "144.51300", "2016-12-31": "144.51300", "2016-09-30": "134.14600", "2016-06-30": "154.32700", "2016-03-31": "153.74700", "2015-12-31": "153.29100", "2015-09-30": "153.28100", "2015-06-30": "150.68200", "2015-03-31": "150.55100", "2014-12-31": "150.94400", "2014-09-30": "103.33700", "2014-06-30": "103.56500", "2014-03-31": "110.24200", "2013-12-31": "110.14600", "2013-09-30": "113.16900", "2013-06-30": "112.74100", "2013-03-31": "107.52900", "2012-12-31": "87.86500", "2012-09-30": "87.86500", "2012-06-30": "87.86500", "2012-03-31": "90.17200", "2011-12-31": "87.86500", "2011-09-30": "90.58100", "2011-06-30": "90.58100", "2011-03-31": "90.58100", "2010-12-31": "90.58100", "2010-09-30": "107.13100", "2010-06-30": "107.13200", "2010-03-31": "109.39900", "2009-12-31": "90.58100", "2009-09-30": "109.31800", "2009-06-30": "107.99200", "2009-03-31": "106.29200", "2008-12-31": "107.56400", "2008-09-30": "106.59100", "2008-06-30": "106.46100", "2008-03-31": "105.96300", "2007-12-31": "102.46200", "2007-09-30": "103.34500", "2007-06-30": "68.06700", "2007-03-31": "74.88100", "2006-12-31": "67.96200", "2006-09-30": "65.75900", "2006-06-30": "65.75900", "2006-03-31": "65.75900", "2005-12-31": "67.96200", "2005-09-30": "65.75900", "2005-06-30": "65.75900", "2005-03-31": "59.02100"}, "Other Long-Term Assets": {"2020-12-31": "", "2020-09-30": "1354.65800", "2020-06-30": "1378.63000", "2020-03-31": "1340.71400", "2019-12-31": "1330.33800", "2019-09-30": "1255.88900", "2019-06-30": "1272.74600", "2019-03-31": "1211.71400", "2018-12-31": "1000.99600", "2018-09-30": "1013.36000", "2018-06-30": "981.42500", "2018-03-31": "974.52500", "2017-12-31": "906.56300", "2017-09-30": "897.53600", "2017-06-30": "915.26100", "2017-03-31": "953.86700", "2016-12-31": "830.45800", "2016-09-30": "838.56800", "2016-06-30": "980.38490", "2016-03-31": "946.28500", "2015-12-31": "892.93200", "2015-09-30": "836.48700", "2015-06-30": "875.53900", "2015-03-31": "824.52000", "2014-12-31": "832.92900", "2014-09-30": "947.13700", "2014-06-30": "759.80300", "2014-03-31": "699.64000", "2013-12-31": "727.76500", "2013-09-30": "724.02300", "2013-06-30": "826.57000", "2013-03-31": "665.67100", "2012-12-31": "558.44400", "2012-09-30": "470.62500", "2012-06-30": "459.61100", "2012-03-31": "470.10800", "2011-12-31": "463.63700", "2011-09-30": "468.86800", "2011-06-30": "484.31400", "2011-03-31": "481.69700", "2010-12-31": "438.38400", "2010-09-30": "397.33300", "2010-06-30": "405.94500", "2010-03-31": "392.32700", "2009-12-31": "382.57000", "2009-09-30": "388.88700", "2009-06-30": "463.28200", "2009-03-31": "433.46900", "2008-12-31": "512.17700", "2008-09-30": "487.63300", "2008-06-30": "445.64700", "2008-03-31": "456.91100", "2007-12-31": "326.65400", "2007-09-30": "358.96800", "2007-06-30": "385.33700", "2007-03-31": "325.99000", "2006-12-31": "300.60600", "2006-09-30": "376.32300", "2006-06-30": "347.61200", "2006-03-31": "341.80600", "2005-12-31": "323.13200", "2005-09-30": "326.48200", "2005-06-30": "356.90300", "2005-03-31": "343.71800"}, "Total Long-Term Assets": {"2020-12-31": "", "2020-09-30": "20902.67000", "2020-06-30": "20177.63000", "2020-03-31": "20738.21000", "2019-12-31": "21051.91000", "2019-09-30": "21108.08000", "2019-06-30": "20753.08000", "2019-03-31": "20419.36000", "2018-12-31": "19991.09000", "2018-09-30": "20112.51000", "2018-06-30": "19846.92000", "2018-03-31": "19890.17000", "2017-12-31": "19603.12000", "2017-09-30": "19706.20000", "2017-06-30": "19526.80000", "2017-03-31": "19503.22000", "2016-12-31": "18639.13000", "2016-09-30": "18852.06000", "2016-06-30": "18281.79000", "2016-03-31": "17711.56000", "2015-12-31": "17382.21000", "2015-09-30": "17176.78000", "2015-06-30": "17591.94000", "2015-03-31": "18006.00000", "2014-12-31": "17516.69000", "2014-09-30": "17621.25000", "2014-06-30": "17054.15000", "2014-03-31": "16826.19000", "2013-12-31": "16316.54000", "2013-09-30": "16322.39000", "2013-06-30": "16348.78000", "2013-03-31": "16200.50000", "2012-12-31": "15912.25000", "2012-09-30": "15637.29000", "2012-06-30": "15556.70000", "2012-03-31": "15119.24000", "2011-12-31": "14752.01000", "2011-09-30": "14701.44000", "2011-06-30": "14786.19000", "2011-03-31": "14713.55000", "2010-12-31": "14388.89000", "2010-09-30": "14504.98000", "2010-06-30": "14276.80000", "2010-03-31": "14481.72000", "2009-12-31": "14482.33000", "2009-09-30": "14401.45000", "2009-06-30": "13694.96000", "2009-03-31": "13156.14000", "2008-12-31": "12870.23000", "2008-09-30": "12917.74000", "2008-06-30": "13407.45000", "2008-03-31": "13500.62000", "2007-12-31": "13354.71000", "2007-09-30": "13627.81000", "2007-06-30": "13501.40000", "2007-03-31": "13306.62000", "2006-12-31": "12416.10000", "2006-09-30": "12405.29000", "2006-06-30": "11529.82000", "2006-03-31": "11630.59000", "2005-12-31": "11064.37000", "2005-09-30": "10507.62000", "2005-06-30": "9997.44100", "2005-03-31": "9378.20400"}, "Total Assets": {"2020-12-31": "0.00000", "2020-09-30": "28212.37000", "2020-06-30": "27323.29000", "2020-03-31": "26089.93000", "2019-12-31": "26630.03000", "2019-09-30": "26218.51000", "2019-06-30": "26487.90000", "2019-03-31": "25585.26000", "2018-12-31": "24895.98000", "2018-09-30": "24855.65000", "2018-06-30": "24621.14000", "2018-03-31": "24587.83000", "2017-12-31": "24299.92000", "2017-09-30": "24336.08000", "2017-06-30": "23993.49000", "2017-03-31": "23547.41000", "2016-12-31": "23364.84000", "2016-09-30": "23345.66000", "2016-06-30": "23025.86000", "2016-03-31": "22230.93000", "2015-12-31": "21730.97000", "2015-09-30": "21738.57000", "2015-06-30": "21689.81000", "2015-03-31": "21847.05000", "2014-12-31": "21716.69000", "2014-09-30": "22097.60000", "2014-06-30": "21167.19000", "2014-03-31": "20704.27000", "2013-12-31": "20551.80000", "2013-09-30": "20523.72000", "2013-06-30": "20211.54000", "2013-03-31": "20120.63000", "2012-12-31": "20155.90000", "2012-09-30": "19932.91000", "2012-06-30": "19462.11000", "2012-03-31": "19133.63000", "2011-12-31": "18403.87000", "2011-09-30": "18330.82000", "2011-06-30": "18195.12000", "2011-03-31": "17983.51000", "2010-12-31": "17528.55000", "2010-09-30": "17812.85000", "2010-06-30": "17416.93000", "2010-03-31": "17231.92000", "2009-12-31": "17328.60000", "2009-09-30": "17392.51000", "2009-06-30": "16656.49000", "2009-03-31": "16193.31000", "2008-12-31": "16121.16000", "2008-09-30": "16417.71000", "2008-06-30": "16547.51000", "2008-03-31": "16834.81000", "2007-12-31": "16820.01000", "2007-09-30": "16695.84000", "2007-06-30": "16626.84000", "2007-03-31": "16538.19000", "2006-12-31": "15656.49000", "2006-09-30": "15444.24000", "2006-06-30": "14691.92000", "2006-03-31": "14524.13000", "2005-12-31": "13896.29000", "2005-09-30": "13671.52000", "2005-06-30": "12841.74000", "2005-03-31": "12159.46000"}, "Total Current Liabilities": {"2020-12-31": "", "2020-09-30": "17920.67000", "2020-06-30": "17416.62000", "2020-03-31": "16901.88000", "2019-12-31": "16600.07000", "2019-09-30": "16424.81000", "2019-06-30": "16388.73000", "2019-03-31": "15852.09000", "2018-12-31": "15583.36000", "2018-09-30": "15558.31000", "2018-06-30": "15430.71000", "2018-03-31": "15437.64000", "2017-12-31": "15207.05000", "2017-09-30": "15292.51000", "2017-06-30": "14971.43000", "2017-03-31": "14845.26000", "2016-12-31": "14693.62000", "2016-09-30": "14768.09000", "2016-06-30": "14561.43000", "2016-03-31": "14359.86000", "2015-12-31": "14031.04000", "2015-09-30": "14089.07000", "2015-06-30": "14037.73000", "2015-03-31": "13987.45000", "2014-12-31": "13633.70000", "2014-09-30": "13776.39000", "2014-06-30": "13610.56000", "2014-03-31": "13430.77000", "2013-12-31": "13139.13000", "2013-09-30": "13171.31000", "2013-06-30": "12979.67000", "2013-03-31": "12744.39000", "2012-12-31": "12542.32000", "2012-09-30": "12346.75000", "2012-06-30": "12167.89000", "2012-03-31": "11973.63000", "2011-12-31": "11767.91000", "2011-09-30": "11730.66000", "2011-06-30": "11626.64000", "2011-03-31": "11512.41000", "2010-12-31": "11185.99000", "2010-09-30": "11380.82000", "2010-06-30": "11339.02000", "2010-03-31": "11266.19000", "2009-12-31": "11208.14000", "2009-09-30": "11318.91000", "2009-06-30": "11257.87000", "2009-03-31": "11172.24000", "2008-12-31": "11080.72000", "2008-09-30": "11318.28000", "2008-06-30": "11228.80000", "2008-03-31": "11237.39000", "2007-12-31": "11026.90000", "2007-09-30": "10924.25000", "2007-06-30": "10735.09000", "2007-03-31": "10586.58000", "2006-12-31": "10354.90000", "2006-09-30": "10140.79000", "2006-06-30": "9837.37500", "2006-03-31": "9549.78100", "2005-12-31": "9072.30700", "2005-09-30": "9073.86400", "2005-06-30": "8613.64900", "2005-03-31": "8293.27800"}, "Long Term Debt": {"2020-12-31": "", "2020-09-30": "3072.81300", "2020-06-30": "2924.64700", "2020-03-31": "2631.06800", "2019-12-31": "2626.27900", "2019-09-30": "2342.77800", "2019-06-30": "2781.66500", "2019-03-31": "2782.69700", "2018-12-31": "2789.51900", "2018-09-30": "2697.80200", "2018-06-30": "2699.17200", "2018-03-31": "2679.56500", "2017-12-31": "2497.27000", "2017-09-30": "2488.00000", "2017-06-30": "2487.03900", "2017-03-31": "2487.27100", "2016-12-31": "2488.22500", "2016-09-30": "2489.87700", "2016-06-30": "2535.76400", "2016-03-31": "2261.48300", "2015-12-31": "2184.94100", "2015-09-30": "2179.22000", "2015-06-30": "2184.05500", "2015-03-31": "2452.58100", "2014-12-31": "2455.58700", "2014-09-30": "2462.02500", "2014-06-30": "2036.96700", "2014-03-31": "2032.55500", "2013-12-31": "2032.24200", "2013-09-30": "2036.23300", "2013-06-30": "2035.60000", "2013-03-31": "1936.53700", "2012-12-31": "2114.74100", "2012-09-30": "2120.58500", "2012-06-30": "2108.48200", "2012-03-31": "2096.56200", "2011-12-31": "1743.50000", "2011-09-30": "1744.71800", "2011-06-30": "1744.63200", "2011-03-31": "1739.93600", "2010-12-31": "1743.20300", "2010-09-30": "1736.94000", "2010-06-30": "1585.28300", "2010-03-31": "1588.09400", "2009-12-31": "1595.27400", "2009-09-30": "1590.03700", "2009-06-30": "1272.42300", "2009-03-31": "1271.61800", "2008-12-31": "1271.45300", "2008-09-30": "1274.29100", "2008-06-30": "1271.15000", "2008-03-31": "1359.74900", "2007-12-31": "1371.16800", "2007-09-30": "1363.78500", "2007-06-30": "1363.70900", "2007-03-31": "1363.52800", "2006-12-31": "1111.14000", "2006-09-30": "1320.50700", "2006-06-30": "1319.82600", "2006-03-31": "1319.14500", "2005-12-31": "1418.45200", "2005-09-30": "1417.75000", "2005-06-30": "1175.39800", "2005-03-31": "1016.89000"}, "Other Non-Current Liabilities": {"2020-12-31": "", "2020-09-30": "1179.21100", "2020-06-30": "1125.71000", "2020-03-31": "1019.43600", "2019-12-31": "1281.03100", "2019-09-30": "1336.19700", "2019-06-30": "1258.99500", "2019-03-31": "1104.43400", "2018-12-31": "1043.30400", "2018-09-30": "1120.50000", "2018-06-30": "1025.63700", "2018-03-31": "881.70800", "2017-12-31": "1046.34500", "2017-09-30": "968.30600", "2017-06-30": "1114.18200", "2017-03-31": "826.38700", "2016-12-31": "967.49700", "2016-09-30": "1028.97800", "2016-06-30": "949.45000", "2016-03-31": "790.24800", "2015-12-31": "874.97200", "2015-09-30": "853.63800", "2015-06-30": "931.69100", "2015-03-31": "773.02300", "2014-12-31": "965.81500", "2014-09-30": "1098.09100", "2014-06-30": "840.32800", "2014-03-31": "770.90200", "2013-12-31": "1011.02700", "2013-09-30": "920.87700", "2013-06-30": "930.61700", "2013-03-31": "924.26200", "2012-12-31": "1103.11300", "2012-09-30": "1061.76200", "2012-06-30": "921.69000", "2012-03-31": "873.24100", "2011-12-31": "928.74300", "2011-09-30": "985.64000", "2011-06-30": "903.78400", "2011-03-31": "932.19200", "2010-12-31": "889.49500", "2010-09-30": "860.99000", "2010-06-30": "803.81100", "2010-03-31": "725.82300", "2009-12-31": "923.23200", "2009-09-30": "875.02500", "2009-06-30": "830.49900", "2009-03-31": "669.49600", "2008-12-31": "717.30500", "2008-09-30": "770.44900", "2008-06-30": "765.64400", "2008-03-31": "783.76000", "2007-12-31": "794.07100", "2007-09-30": "856.69200", "2007-06-30": "924.93400", "2007-03-31": "1020.01800", "2006-12-31": "824.67100", "2006-09-30": "857.97400", "2006-06-30": "708.70300", "2006-03-31": "924.83000", "2005-12-31": "817.13800", "2005-09-30": "734.06700", "2005-06-30": "664.82200", "2005-03-31": "635.03400"}, "Total Long Term Liabilities": {"2020-12-31": "", "2020-09-30": "4252.02400", "2020-06-30": "4061.27800", "2020-03-31": "3650.50400", "2019-12-31": "3911.61800", "2019-09-30": "3694.25400", "2019-06-30": "4079.09700", "2019-03-31": "3930.37400", "2018-12-31": "3832.82300", "2018-09-30": "3818.30200", "2018-06-30": "3724.80900", "2018-03-31": "3658.00800", "2017-12-31": "3641.70600", "2017-09-30": "3572.91400", "2017-06-30": "3696.10800", "2017-03-31": "3483.61700", "2016-12-31": "3590.08700", "2016-09-30": "3615.74000", "2016-06-30": "3525.37600", "2016-03-31": "3083.02200", "2015-12-31": "3066.72400", "2015-09-30": "3032.85800", "2015-06-30": "3115.74600", "2015-03-31": "3246.56100", "2014-12-31": "3458.85400", "2014-09-30": "3577.73400", "2014-06-30": "2902.07400", "2014-03-31": "2862.64100", "2013-12-31": "3043.26900", "2013-09-30": "2957.11000", "2013-06-30": "2966.21700", "2013-03-31": "2965.60900", "2012-12-31": "3278.10900", "2012-09-30": "3252.31500", "2012-06-30": "3077.37400", "2012-03-31": "3024.55000", "2011-12-31": "2675.07800", "2011-09-30": "2730.35800", "2011-06-30": "2648.41600", "2011-03-31": "2672.12800", "2010-12-31": "2632.69800", "2010-09-30": "2597.93000", "2010-06-30": "2389.09400", "2010-03-31": "2313.91700", "2009-12-31": "2518.50600", "2009-09-30": "2465.06200", "2009-06-30": "2102.92200", "2009-03-31": "1941.11400", "2008-12-31": "1988.75800", "2008-09-30": "2049.98800", "2008-06-30": "2041.97200", "2008-03-31": "2148.67900", "2007-12-31": "2200.73500", "2007-09-30": "2254.86100", "2007-06-30": "2320.56700", "2007-03-31": "2414.58900", "2006-12-31": "1966.42600", "2006-09-30": "2205.86300", "2006-06-30": "2053.71700", "2006-03-31": "2265.99000", "2005-12-31": "2256.90400", "2005-09-30": "2172.84000", "2005-06-30": "1866.82100", "2005-03-31": "1698.79400"}, "Total Liabilities": {"2020-12-31": "", "2020-09-30": "22172.70000", "2020-06-30": "21477.90000", "2020-03-31": "20552.38000", "2019-12-31": "20511.69000", "2019-09-30": "20119.07000", "2019-06-30": "20467.82000", "2019-03-31": "19782.46000", "2018-12-31": "19416.18000", "2018-09-30": "19376.62000", "2018-06-30": "19155.52000", "2018-03-31": "19095.65000", "2017-12-31": "18848.75000", "2017-09-30": "18865.43000", "2017-06-30": "18667.54000", "2017-03-31": "18328.87000", "2016-12-31": "18283.71000", "2016-09-30": "18383.83000", "2016-06-30": "18086.81000", "2016-03-31": "17442.88000", "2015-12-31": "17097.76000", "2015-09-30": "17121.93000", "2015-06-30": "17153.48000", "2015-03-31": "17234.02000", "2014-12-31": "17092.56000", "2014-09-30": "17354.12000", "2014-06-30": "16512.64000", "2014-03-31": "16293.41000", "2013-12-31": "16182.40000", "2013-09-30": "16128.42000", "2013-06-30": "15945.89000", "2013-03-31": "15710.00000", "2012-12-31": "15820.43000", "2012-09-30": "15599.07000", "2012-06-30": "15245.26000", "2012-03-31": "14998.18000", "2011-12-31": "14442.99000", "2011-09-30": "14461.01000", "2011-06-30": "14275.05000", "2011-03-31": "14184.53000", "2010-12-31": "13818.69000", "2010-09-30": "13978.75000", "2010-06-30": "13728.12000", "2010-03-31": "13580.11000", "2009-12-31": "13726.65000", "2009-09-30": "13783.97000", "2009-06-30": "13360.80000", "2009-03-31": "13113.35000", "2008-12-31": "13069.48000", "2008-09-30": "13368.27000", "2008-06-30": "13270.77000", "2008-03-31": "13386.07000", "2007-12-31": "13227.64000", "2007-09-30": "13179.11000", "2007-06-30": "13055.66000", "2007-03-31": "13001.16000", "2006-12-31": "12321.33000", "2006-09-30": "12346.65000", "2006-06-30": "11891.09000", "2006-03-31": "11815.77000", "2005-12-31": "11329.21000", "2005-09-30": "11246.71000", "2005-06-30": "10480.47000", "2005-03-31": "9992.07300"}, "Common Stock Net": {"2020-12-31": "", "2020-09-30": "70.53500", "2020-06-30": "70.53500", "2020-03-31": "70.53500", "2019-12-31": "70.53500", "2019-09-30": "70.53500", "2019-06-30": "70.53500", "2019-03-31": "70.53500", "2018-12-31": "70.53500", "2018-09-30": "47.02400", "2018-06-30": "47.02400", "2018-03-31": "47.02400", "2017-12-31": "47.02400", "2017-09-30": "47.02400", "2017-06-30": "47.02400", "2017-03-31": "47.02400", "2016-12-31": "47.02400", "2016-09-30": "47.02400", "2016-06-30": "47.02400", "2016-03-31": "47.02400", "2015-12-31": "47.02400", "2015-09-30": "47.02400", "2015-06-30": "47.02400", "2015-03-31": "47.02400", "2014-12-31": "47.02400", "2014-09-30": "47.02400", "2014-06-30": "47.02400", "2014-03-31": "47.02400", "2013-12-31": "47.02400", "2013-09-30": "47.02400", "2013-06-30": "47.02400", "2013-03-31": "47.02400", "2012-12-31": "47.02400", "2012-09-30": "47.02400", "2012-06-30": "47.02400", "2012-03-31": "47.02400", "2011-12-31": "47.02400", "2011-09-30": "47.02400", "2011-06-30": "47.02400", "2011-03-31": "47.02400", "2010-12-31": "47.02400", "2010-09-30": "47.02400", "2010-06-30": "47.02400", "2010-03-31": "47.02400", "2009-12-31": "47.02400", "2009-09-30": "47.02400", "2009-06-30": "47.02400", "2009-03-31": "47.02400", "2008-12-31": "47.02400", "2008-09-30": "47.02400", "2008-06-30": "47.02400", "2008-03-31": "47.02400", "2007-12-31": "47.02400", "2007-09-30": "47.02400", "2007-06-30": "47.02400", "2007-03-31": "47.02400", "2006-12-31": "47.02400", "2006-09-30": "47.02400", "2006-06-30": "47.02400", "2006-03-31": "47.02400", "2005-12-31": "47.02400", "2005-09-30": "31.35100", "2005-06-30": "31.35100", "2005-03-31": "31.35100"}, "Retained Earnings (Accumulated Deficit)": {"2020-12-31": "", "2020-09-30": "8057.55600", "2020-06-30": "7927.28000", "2020-03-31": "7877.37100", "2019-12-31": "7932.37200", "2019-09-30": "7971.01900", "2019-06-30": "7826.01500", "2019-03-31": "7721.03900", "2018-12-31": "7558.61900", "2018-09-30": "7505.70600", "2018-06-30": "7423.16200", "2018-03-31": "7322.20100", "2017-12-31": "6956.88200", "2017-09-30": "6880.06200", "2017-06-30": "6735.06600", "2017-03-31": "6703.67500", "2016-12-31": "6595.98700", "2016-09-30": "6519.53600", "2016-06-30": "6375.89300", "2016-03-31": "6282.87000", "2015-12-31": "6178.07000", "2015-09-30": "6083.12000", "2015-06-30": "5945.30500", "2015-03-31": "5836.96800", "2014-12-31": "5732.41000", "2014-09-30": "5762.40600", "2014-06-30": "5587.82400", "2014-03-31": "5421.91300", "2013-12-31": "5265.01500", "2013-09-30": "5148.01700", "2013-06-30": "5024.56500", "2013-03-31": "4922.17800", "2012-12-31": "4817.80700", "2012-09-30": "4800.53700", "2012-06-30": "4711.83600", "2012-03-31": "4615.43900", "2011-12-31": "4491.16200", "2011-09-30": "4439.28700", "2011-06-30": "4372.97800", "2011-03-31": "4301.25800", "2010-12-31": "4194.68400", "2010-09-30": "4077.79700", "2010-06-30": "3994.36600", "2010-03-31": "3894.60800", "2009-12-31": "3785.18700", "2009-09-30": "3660.45100", "2009-06-30": "3572.37200", "2009-03-31": "3484.58700", "2008-12-31": "3514.53100", "2008-09-30": "3461.29400", "2008-06-30": "3498.90100", "2008-03-31": "3428.60200", "2007-12-31": "3271.35500", "2007-09-30": "3073.65200", "2007-06-30": "2902.36700", "2007-03-31": "2721.47400", "2006-12-31": "2542.74400", "2006-09-30": "2352.35800", "2006-06-30": "2185.71100", "2006-03-31": "2027.96600", "2005-12-31": "1873.95300", "2005-09-30": "1712.90300", "2005-06-30": "1596.75300", "2005-03-31": "1469.02300"}, "Comprehensive Income": {"2020-12-31": "", "2020-09-30": "-170.88600", "2020-06-30": "-249.35000", "2020-03-31": "-589.52100", "2019-12-31": "-257.29900", "2019-09-30": "-322.10000", "2019-06-30": "-260.79600", "2019-03-31": "-364.98300", "2018-12-31": "-510.47000", "2018-09-30": "-474.93800", "2018-06-30": "-395.84200", "2018-03-31": "-258.98200", "2017-12-31": "68.54100", "2017-09-30": "153.75900", "2017-06-30": "133.30200", "2017-03-31": "69.49100", "2016-12-31": "55.56800", "2016-09-30": "-9.80800", "2016-06-30": "57.28200", "2016-03-31": "8.12400", "2015-12-31": "-66.69800", "2015-09-30": "28.11100", "2015-06-30": "86.05500", "2015-03-31": "152.05800", "2014-12-31": "183.55000", "2014-09-30": "273.54500", "2014-06-30": "333.89900", "2014-03-31": "258.88300", "2013-12-31": "189.39100", "2013-09-30": "217.47900", "2013-06-30": "210.22500", "2013-03-31": "428.59200", "2012-12-31": "465.63100", "2012-09-30": "508.15200", "2012-06-30": "416.35500", "2012-03-31": "393.25900", "2011-12-31": "354.85100", "2011-09-30": "335.74100", "2011-06-30": "340.74300", "2011-03-31": "263.17600", "2010-12-31": "276.56300", "2010-09-30": "396.89400", "2010-06-30": "256.38600", "2010-03-31": "191.55000", "2009-12-31": "163.20700", "2009-09-30": "191.06000", "2009-06-30": "-25.32500", "2009-03-31": "-146.14800", "2008-12-31": "-228.95900", "2008-09-30": "-180.76600", "2008-06-30": "-29.22000", "2008-03-31": "35.32100", "2007-12-31": "53.20100", "2007-09-30": "91.48100", "2007-06-30": "32.94400", "2007-03-31": "112.52800", "2006-12-31": "111.61300", "2006-09-30": "89.01800", "2006-06-30": "-33.02700", "2006-03-31": "-2.92100", "2005-12-31": "24.90300", "2005-09-30": "48.05100", "2005-06-30": "109.50200", "2005-03-31": "49.72400"}, "Other Share Holders Equity": {"2020-12-31": "", "2020-09-30": "", "2020-06-30": "", "2020-03-31": "", "2019-12-31": "", "2019-09-30": "", "2019-06-30": "", "2019-03-31": "", "2018-12-31": "", "2018-09-30": "", "2018-06-30": "", "2018-03-31": "", "2017-12-31": "", "2017-09-30": "", "2017-06-30": "", "2017-03-31": "", "2016-12-31": "", "2016-09-30": "", "2016-06-30": "", "2016-03-31": "", "2015-12-31": "", "2015-09-30": "", "2015-06-30": "", "2015-03-31": "", "2014-12-31": "", "2014-09-30": "", "2014-06-30": "", "2014-03-31": "", "2013-12-31": "", "2013-09-30": "", "2013-06-30": "", "2013-03-31": "", "2012-12-31": "", "2012-09-30": "", "2012-06-30": "", "2012-03-31": "", "2011-12-31": "", "2011-09-30": "", "2011-06-30": "", "2011-03-31": "", "2010-12-31": "", "2010-09-30": "", "2010-06-30": "", "2010-03-31": "", "2009-12-31": "", "2009-09-30": "", "2009-06-30": "", "2009-03-31": "", "2008-12-31": "", "2008-09-30": "", "2008-06-30": "", "2008-03-31": "", "2007-12-31": "", "2007-09-30": "", "2007-06-30": "", "2007-03-31": "", "2006-12-31": "", "2006-09-30": "", "2006-06-30": "", "2006-03-31": "", "2005-12-31": "", "2005-09-30": "", "2005-06-30": "", "2005-03-31": ""}, "Share Holder Equity": {"2020-12-31": "", "2020-09-30": "6039.67200", "2020-06-30": "5845.39100", "2020-03-31": "5537.54400", "2019-12-31": "6118.34200", "2019-09-30": "6099.44300", "2019-06-30": "6020.07800", "2019-03-31": "5802.79600", "2018-12-31": "5479.79800", "2018-09-30": "5479.03300", "2018-06-30": "5465.62800", "2018-03-31": "5492.18000", "2017-12-31": "5451.16300", "2017-09-30": "5470.64900", "2017-06-30": "5325.94900", "2017-03-31": "5218.54100", "2016-12-31": "5081.13400", "2016-09-30": "4961.82400", "2016-06-30": "4939.05300", "2016-03-31": "4788.05600", "2015-12-31": "4633.20800", "2015-09-30": "4616.63700", "2015-06-30": "4536.33200", "2015-03-31": "4613.03700", "2014-12-31": "4624.13400", "2014-09-30": "4743.47400", "2014-06-30": "4654.55800", "2014-03-31": "4410.85800", "2013-12-31": "4369.39400", "2013-09-30": "4395.29800", "2013-06-30": "4265.65500", "2013-03-31": "4410.63000", "2012-12-31": "4335.46600", "2012-09-30": "4333.84700", "2012-06-30": "4216.84200", "2012-03-31": "4135.45500", "2011-12-31": "3960.88200", "2011-09-30": "3869.80800", "2011-06-30": "3920.07200", "2011-03-31": "3798.97700", "2010-12-31": "3709.85600", "2010-09-30": "3834.10100", "2010-06-30": "3688.81000", "2010-03-31": "3651.81600", "2009-12-31": "3601.94600", "2009-09-30": "3608.54500", "2009-06-30": "3295.69900", "2009-03-31": "3079.95700", "2008-12-31": "3051.68000", "2008-09-30": "3049.44100", "2008-06-30": "3276.73800", "2008-03-31": "3448.74000", "2007-12-31": "3592.36800", "2007-09-30": "3516.73000", "2007-06-30": "3571.17700", "2007-03-31": "3537.02800", "2006-12-31": "3335.15900", "2006-09-30": "3097.58700", "2006-06-30": "2800.82300", "2006-03-31": "2708.36300", "2005-12-31": "2567.07700", "2005-09-30": "2424.81800", "2005-06-30": "2361.26600", "2005-03-31": "2167.38700"}, "Total Liabilities And Share Holders Equity": {"2020-12-31": "", "2020-09-30": "28212.37000", "2020-06-30": "27323.29000", "2020-03-31": "26089.93000", "2019-12-31": "26630.03000", "2019-09-30": "26218.51000", "2019-06-30": "26487.90000", "2019-03-31": "25585.26000", "2018-12-31": "24895.98000", "2018-09-30": "24855.65000", "2018-06-30": "24621.14000", "2018-03-31": "24587.83000", "2017-12-31": "24299.92000", "2017-09-30": "24336.08000", "2017-06-30": "23993.49000", "2017-03-31": "23547.41000", "2016-12-31": "23364.84000", "2016-09-30": "23345.66000", "2016-06-30": "23025.86000", "2016-03-31": "22230.93000", "2015-12-31": "21730.97000", "2015-09-30": "21738.57000", "2015-06-30": "21689.81000", "2015-03-31": "21847.05000", "2014-12-31": "21716.69000", "2014-09-30": "22097.60000", "2014-06-30": "21167.19000", "2014-03-31": "20704.27000", "2013-12-31": "20551.80000", "2013-09-30": "20523.72000", "2013-06-30": "20211.54000", "2013-03-31": "20120.63000", "2012-12-31": "20155.90000", "2012-09-30": "19932.91000", "2012-06-30": "19462.11000", "2012-03-31": "19133.63000", "2011-12-31": "18403.87000", "2011-09-30": "18330.82000", "2011-06-30": "18195.12000", "2011-03-31": "17983.51000", "2010-12-31": "17528.55000", "2010-09-30": "17812.85000", "2010-06-30": "17416.93000", "2010-03-31": "17231.92000", "2009-12-31": "17328.60000", "2009-09-30": "17392.51000", "2009-06-30": "16656.49000", "2009-03-31": "16193.31000", "2008-12-31": "16121.16000", "2008-09-30": "16417.71000", "2008-06-30": "16547.51000", "2008-03-31": "16834.81000", "2007-12-31": "16820.01000", "2007-09-30": "16695.84000", "2007-06-30": "16626.84000", "2007-03-31": "16538.19000", "2006-12-31": "15656.49000", "2006-09-30": "15444.24000", "2006-06-30": "14691.92000", "2006-03-31": "14524.13000", "2005-12-31": "13896.29000", "2005-09-30": "13671.52000", "2005-06-30": "12841.74000", "2005-03-31": "12159.46000"}}, "cash flow statement": {"Net Income/Loss": {"2020-12-31": "0.00000", "2019-12-31": "681.94400", "2018-12-31": "640.74900", "2017-12-31": "549.09400", "2016-12-31": "601.91600", "2015-12-31": "503.69400", "2014-12-31": "648.88400", "2013-12-31": "499.92500", "2012-12-31": "510.59200", "2011-12-31": "391.21100", "2010-12-31": "446.40500", "2009-12-31": "309.05700", "2008-12-31": "281.14100", "2007-12-31": "766.23900", "2006-12-31": "699.51800", "2005-12-31": "544.89200"}, "Total Depreciation And Amortization - Cash Flow": {"2020-12-31": "", "2019-12-31": "113.38700", "2018-12-31": "131.10800", "2017-12-31": "112.95600", "2016-12-31": "86.05100", "2015-12-31": "85.13900", "2014-12-31": "88.83600", "2013-12-31": "103.09000", "2012-12-31": "103.41900", "2011-12-31": "88.01200", "2010-12-31": "82.86700", "2009-12-31": "78.87500", "2008-12-31": "83.95300", "2007-12-31": "73.69700", "2006-12-31": "65.67400", "2005-12-31": "63.05200"}, "Other Non-Cash Items": {"2020-12-31": "", "2019-12-31": "-131.45200", "2018-12-31": "-293.69000", "2017-12-31": "-377.35100", "2016-12-31": "-318.55100", "2015-12-31": "-74.75600", "2014-12-31": "-326.90200", "2013-12-31": "-103.81500", "2012-12-31": "-247.42600", "2011-12-31": "-53.28500", "2010-12-31": "82.85800", "2009-12-31": "177.04500", "2008-12-31": "514.86200", "2007-12-31": "96.41800", "2006-12-31": "-47.25800", "2005-12-31": "-325.69100"}, "Total Non-Cash Items": {"2020-12-31": "", "2019-12-31": "-18.06500", "2018-12-31": "-162.58200", "2017-12-31": "-264.39500", "2016-12-31": "-232.50000", "2015-12-31": "10.38300", "2014-12-31": "-238.06600", "2013-12-31": "-0.72500", "2012-12-31": "-144.00700", "2011-12-31": "34.72700", "2010-12-31": "165.72500", "2009-12-31": "255.92000", "2008-12-31": "598.81500", "2007-12-31": "170.11500", "2006-12-31": "18.41600", "2005-12-31": "-262.63900"}, "Change In Accounts Receivable": {"2020-12-31": "", "2019-12-31": "-189.15100", "2018-12-31": "-43.81300", "2017-12-31": "-67.75200", "2016-12-31": "-60.40300", "2015-12-31": "-60.94200", "2014-12-31": "-104.17400", "2013-12-31": "-138.02700", "2012-12-31": "-228.75600", "2011-12-31": "-122.46800", "2010-12-31": "-41.16700", "2009-12-31": "17.15900", "2008-12-31": "419.81600", "2007-12-31": "-0.78600", "2006-12-31": "-319.65600", "2005-12-31": "-93.34700"}, "Change In Inventories": {"2020-12-31": "", "2019-12-31": "", "2018-12-31": "", "2017-12-31": "", "2016-12-31": "", "2015-12-31": "", "2014-12-31": "", "2013-12-31": "", "2012-12-31": "", "2011-12-31": "", "2010-12-31": "", "2009-12-31": "", "2008-12-31": "-44.08900", "2007-12-31": "-102.93600", "2006-12-31": "-28.35100", "2005-12-31": "127.75900"}, "Change In Accounts Payable": {"2020-12-31": "", "2019-12-31": "913.60900", "2018-12-31": "423.15700", "2017-12-31": "442.69000", "2016-12-31": "721.87900", "2015-12-31": "540.38400", "2014-12-31": "654.44300", "2013-12-31": "695.16200", "2012-12-31": "686.74900", "2011-12-31": "564.25700", "2010-12-31": "-100.33100", "2009-12-31": "-15.33800", "2008-12-31": "153.02100", "2007-12-31": "663.40300", "2006-12-31": "1214.05900", "2005-12-31": "1340.21100"}, "Change In Assets/Liabilities": {"2020-12-31": "", "2019-12-31": "-212.50800", "2018-12-31": "-176.59200", "2017-12-31": "-41.09500", "2016-12-31": "-272.00000", "2015-12-31": "-68.96300", "2014-12-31": "-127.05100", "2013-12-31": "-233.71100", "2012-12-31": "-257.04800", "2011-12-31": "-207.71700", "2010-12-31": "-38.83000", "2009-12-31": "-374.43100", "2008-12-31": "144.25600", "2007-12-31": "-46.15100", "2006-12-31": "-17.81600", "2005-12-31": "77.48300"}, "Total Change In Assets/Liabilities": {"2020-12-31": "", "2019-12-31": "499.42000", "2018-12-31": "190.80200", "2017-12-31": "359.70200", "2016-12-31": "432.10800", "2015-12-31": "430.90700", "2014-12-31": "382.28300", "2013-12-31": "277.81100", "2012-12-31": "206.85900", "2011-12-31": "234.07200", "2010-12-31": "-180.32800", "2009-12-31": "-372.61000", "2008-12-31": "673.00400", "2007-12-31": "513.53000", "2006-12-31": "848.23600", "2005-12-31": "1452.10600"}, "Cash Flow From Operating Activities": {"2020-12-31": "", "2019-12-31": "1143.79300", "2018-12-31": "620.19900", "2017-12-31": "710.88300", "2016-12-31": "848.37600", "2015-12-31": "881.30400", "2014-12-31": "734.84700", "2013-12-31": "819.79800", "2012-12-31": "675.45800", "2011-12-31": "670.27900", "2010-12-31": "451.31600", "2009-12-31": "316.05400", "2008-12-31": "1552.96000", "2007-12-31": "1449.88400", "2006-12-31": "1566.17000", "2005-12-31": "1734.35900"}, "Net Change In Property, Plant, And Equipment": {"2020-12-31": "", "2019-12-31": "-207.20900", "2018-12-31": "-563.92400", "2017-12-31": "-351.75800", "2016-12-31": "-349.95200", "2015-12-31": "-286.22100", "2014-12-31": "88.60600", "2013-12-31": "-170.50200", "2012-12-31": "-296.94200", "2011-12-31": "-141.87200", "2010-12-31": "-49.60500", "2009-12-31": "-30.45500", "2008-12-31": "-78.94700", "2007-12-31": "-31.10800", "2006-12-31": "-42.59300", "2005-12-31": "-32.56400"}, "Net Change In Intangible Assets": {"2020-12-31": "", "2019-12-31": "", "2018-12-31": "", "2017-12-31": "", "2016-12-31": "", "2015-12-31": "", "2014-12-31": "", "2013-12-31": "", "2012-12-31": "", "2011-12-31": "", "2010-12-31": "", "2009-12-31": "", "2008-12-31": "", "2007-12-31": "", "2006-12-31": "", "2005-12-31": ""}, "Net Acquisitions/Divestitures": {"2020-12-31": "", "2019-12-31": "", "2018-12-31": "-6.63700", "2017-12-31": "-70.57000", "2016-12-31": "-53.45100", "2015-12-31": "-7.31200", "2014-12-31": "-65.42100", "2013-12-31": "-56.87800", "2012-12-31": "-42.77900", "2011-12-31": "-261.99200", "2010-12-31": "", "2009-12-31": "-33.81200", "2008-12-31": "-48.89500", "2007-12-31": "-47.22300", "2006-12-31": "", "2005-12-31": ""}, "Net Change In Short-term Investments": {"2020-12-31": "", "2019-12-31": "2.84400", "2018-12-31": "4.26200", "2017-12-31": "-4.37200", "2016-12-31": "20.99200", "2015-12-31": "-22.66600", "2014-12-31": "32.61700", "2013-12-31": "-26.15500", "2012-12-31": "-25.79900", "2011-12-31": "-16.19400", "2010-12-31": "-0.29700", "2009-12-31": "144.02300", "2008-12-31": "-138.28100", "2007-12-31": "1.41200", "2006-12-31": "", "2005-12-31": ""}, "Net Change In Long-Term Investments": {"2020-12-31": "", "2019-12-31": "-418.65040", "2018-12-31": "-63.77000", "2017-12-31": "-181.30270", "2016-12-31": "-971.22070", "2015-12-31": "-80.89700", "2014-12-31": "-970.82300", "2013-12-31": "-24.27490", "2012-12-31": "-362.70190", "2011-12-31": "237.52080", "2010-12-31": "117.91090", "2009-12-31": "-1097.61600", "2008-12-31": "-336.49880", "2007-12-31": "-737.70610", "2006-12-31": "-960.27780", "2005-12-31": "-2327.53100"}, "Net Change In Investments - Total": {"2020-12-31": "", "2019-12-31": "-415.80640", "2018-12-31": "-59.50800", "2017-12-31": "-185.67470", "2016-12-31": "-950.22870", "2015-12-31": "-103.56300", "2014-12-31": "-938.20600", "2013-12-31": "-50.42990", "2012-12-31": "-388.50090", "2011-12-31": "221.32680", "2010-12-31": "117.61390", "2009-12-31": "-953.59320", "2008-12-31": "-474.77980", "2007-12-31": "-736.29410", "2006-12-31": "-960.27780", "2005-12-31": "-2327.53100"}, "Investing Activities - Other": {"2020-12-31": "", "2019-12-31": "198.14400", "2018-12-31": "-84.17500", "2017-12-31": "274.53900", "2016-12-31": "559.14400", "2015-12-31": "226.33300", "2014-12-31": "106.71000", "2013-12-31": "-267.55400", "2012-12-31": "-46.84600", "2011-12-31": "-21.73700", "2010-12-31": "-30.66200", "2009-12-31": "-98.37400", "2008-12-31": "-11.94200", "2007-12-31": "-203.01400", "2006-12-31": "-164.70500", "2005-12-31": "-5.11900"}, "Cash Flow From Investing Activities": {"2020-12-31": "", "2019-12-31": "-424.87100", "2018-12-31": "-714.24400", "2017-12-31": "-333.46400", "2016-12-31": "-794.48800", "2015-12-31": "-170.76300", "2014-12-31": "-808.31100", "2013-12-31": "-545.36400", "2012-12-31": "-775.06800", "2011-12-31": "-204.27400", "2010-12-31": "37.34700", "2009-12-31": "-1116.23400", "2008-12-31": "-614.56400", "2007-12-31": "-1017.63900", "2006-12-31": "-1167.57600", "2005-12-31": "-2365.21400"}, "Net Long-Term Debt": {"2020-12-31": "", "2019-12-31": "-165.38600", "2018-12-31": "290.03800", "2017-12-31": "6.96300", "2016-12-31": "313.28200", "2015-12-31": "-272.03000", "2014-12-31": "350.31200", "2013-12-31": "-118.56700", "2012-12-31": "369.29100", "2011-12-31": "-1.31000", "2010-12-31": "146.34500", "2009-12-31": "322.42400", "2008-12-31": "-102.12300", "2007-12-31": "244.62500", "2006-12-31": "-310.00000", "2005-12-31": "399.79700"}, "Net Current Debt": {"2020-12-31": "", "2019-12-31": "", "2018-12-31": "", "2017-12-31": "", "2016-12-31": "", "2015-12-31": "", "2014-12-31": "", "2013-12-31": "", "2012-12-31": "", "2011-12-31": "", "2010-12-31": "", "2009-12-31": "", "2008-12-31": "24.12000", "2007-12-31": "6.91700", "2006-12-31": "2.83600", "2005-12-31": "16.45200"}, "Debt Issuance/Retirement Net - Total": {"2020-12-31": "", "2019-12-31": "-165.38600", "2018-12-31": "290.03800", "2017-12-31": "6.96300", "2016-12-31": "313.28200", "2015-12-31": "-272.03000", "2014-12-31": "350.31200", "2013-12-31": "-118.56700", "2012-12-31": "369.29100", "2011-12-31": "-1.31000", "2010-12-31": "146.34500", "2009-12-31": "322.42400", "2008-12-31": "-78.00300", "2007-12-31": "251.54200", "2006-12-31": "-307.16400", "2005-12-31": "416.24900"}, "Net Common Equity Issued/Repurchased": {"2020-12-31": "", "2019-12-31": "-18.22500", "2018-12-31": "-24.75000", "2017-12-31": "-47.80700", "2016-12-31": "-132.39200", "2015-12-31": "-223.65200", "2014-12-31": "-238.93300", "2013-12-31": "-166.42000", "2012-12-31": "-120.00300", "2011-12-31": "21.96300", "2010-12-31": "-453.27700", "2009-12-31": "-141.71800", "2008-12-31": "-538.47800", "2007-12-31": "-463.11800", "2006-12-31": "-25.65700", "2005-12-31": "-22.50300"}, "Net Total Equity Issued/Repurchased": {"2020-12-31": "", "2019-12-31": "-18.22500", "2018-12-31": "-24.75000", "2017-12-31": "-47.80700", "2016-12-31": "-132.39200", "2015-12-31": "-223.65200", "2014-12-31": "-238.93300", "2013-12-31": "-166.42000", "2012-12-31": "-120.00300", "2011-12-31": "-165.20000", "2010-12-31": "-453.27700", "2009-12-31": "-141.71800", "2008-12-31": "-538.47800", "2007-12-31": "-463.11800", "2006-12-31": "-25.65700", "2005-12-31": "-22.50300"}, "Total Common And Preferred Stock Dividends Paid": {"2020-12-31": "", "2019-12-31": "-308.19100", "2018-12-31": "-254.95100", "2017-12-31": "-188.19900", "2016-12-31": "-183.99900", "2015-12-31": "-58.03400", "2014-12-31": "-181.48900", "2013-12-31": "-52.71700", "2012-12-31": "-183.94700", "2011-12-31": "-43.25300", "2010-12-31": "-49.34800", "2009-12-31": "-28.84300", "2008-12-31": "-46.97800", "2007-12-31": "-36.28400", "2006-12-31": "-29.43000", "2005-12-31": "-19.05500"}, "Financial Activities - Other": {"2020-12-31": "", "2019-12-31": "-21.39100", "2018-12-31": "-17.74000", "2017-12-31": "-6.04300", "2016-12-31": "-3.82300", "2015-12-31": "-1.60200", "2014-12-31": "0.33700", "2013-12-31": "7.44200", "2012-12-31": "31.85100", "2011-12-31": "14.55000", "2010-12-31": "-2.79500", "2009-12-31": "21.52200", "2008-12-31": "0.16800", "2007-12-31": "3.70200", "2006-12-31": "19.51000", "2005-12-31": "15.17200"}, "Cash Flow From Financial Activities": {"2020-12-31": "", "2019-12-31": "-513.19300", "2018-12-31": "-7.40300", "2017-12-31": "-235.08600", "2016-12-31": "-6.93200", "2015-12-31": "-555.31800", "2014-12-31": "-69.77300", "2013-12-31": "-330.26200", "2012-12-31": "97.19200", "2011-12-31": "-195.21300", "2010-12-31": "-359.07500", "2009-12-31": "173.38500", "2008-12-31": "-663.29100", "2007-12-31": "-244.15800", "2006-12-31": "-342.74100", "2005-12-31": "389.86300"}, "Net Cash Flow": {"2020-12-31": "", "2019-12-31": "206.10800", "2018-12-31": "-132.86900", "2017-12-31": "155.18600", "2016-12-31": "31.65400", "2015-12-31": "89.19000", "2014-12-31": "-165.29700", "2013-12-31": "-65.93200", "2012-12-31": "-6.07200", "2011-12-31": "268.79000", "2010-12-31": "127.52200", "2009-12-31": "-619.40500", "2008-12-31": "182.97200", "2007-12-31": "197.61600", "2006-12-31": "81.30600", "2005-12-31": "-259.13800"}, "Stock-Based Compensation": {"2020-12-31": "", "2019-12-31": "49.27400", "2018-12-31": "36.59100", "2017-12-31": "40.49000", "2016-12-31": "37.17400", "2015-12-31": "32.12300", "2014-12-31": "28.06800", "2013-12-31": "23.78400", "2012-12-31": "26.76300", "2011-12-31": "27.17500", "2010-12-31": "27.40700", "2009-12-31": "24.46500", "2008-12-31": "24.13900", "2007-12-31": "21.10500", "2006-12-31": "17.88800", "2005-12-31": "8.85200"}, "Common Stock Dividends Paid": {"2020-12-31": "", "2019-12-31": "-308.19100", "2018-12-31": "-254.95100", "2017-12-31": "-188.19900", "2016-12-31": "-183.99900", "2015-12-31": "-58.03400", "2014-12-31": "-181.48900", "2013-12-31": "-52.71700", "2012-12-31": "-183.94700", "2011-12-31": "-43.25300", "2010-12-31": "-49.34800", "2009-12-31": "-28.84300", "2008-12-31": "-46.97800", "2007-12-31": "-36.28400", "2006-12-31": "-29.43000", "2005-12-31": "-19.05500"}}, "cash flow statement, quarterly": {"Net Income/Loss": {"2020-12-31": -218.52, "2020-09-30": 151.678, "2020-06-30": 71.26, "2020-03-31": "-4.41800", "2019-12-31": 119.306, "2019-09-30": 165.207, "2019-06-30": 216.709, "2019-03-31": "180.72200", "2018-12-31": 132.357, "2018-09-30": 161.92, "2018-06-30": 180.076, "2018-03-31": "166.39600", "2017-12-31": 154.589, "2017-09-30": 162.054, "2017-06-30": 109.004, "2017-03-31": "123.44700", "2016-12-31": 152.789, "2016-09-30": 220.65, "2016-06-30": 108.966, "2016-03-31": "119.51100", "2015-12-31": 109.745, "2015-09-30": 152.607, "2015-06-30": 123.035, "2015-03-31": "118.30700", "2014-12-31": 110.711, "2014-09-30": 188.539, "2014-06-30": 179.961, "2014-03-31": "169.67300", "2013-12-31": 130.379, "2013-09-30": 136.974, "2013-06-30": 115.957, "2013-03-31": "116.61500", "2012-12-31": 165.489, "2012-09-30": 100.947, "2012-06-30": 108.838, "2012-03-31": "135.31800", "2011-12-31": 117.027, "2011-09-30": 76.41, "2011-06-30": 82.184, "2011-03-31": "115.59000", "2010-12-31": 123.969, "2010-09-30": 93.619, "2010-06-30": 110.207, "2010-03-31": "118.61000", "2009-12-31": 134.294, "2009-09-30": 97.722, "2009-06-30": 97.387, "2009-03-31": "-20.34600", "2008-12-31": 40.326, "2008-09-30": -27.88, "2008-06-30": 80.257, "2008-03-31": "188.43800", "2007-12-31": 206.717, "2007-09-30": 180.463, "2007-06-30": 190.633, "2007-03-31": "188.42600", "2006-12-31": 198.056, "2006-09-30": 174.308, "2006-06-30": 165.452, "2006-03-31": "161.70200", "2005-12-31": 167.424, "2005-09-30": 122.518, "2005-06-30": 134.079, "2005-03-31": "120.87100"}, "Total Depreciation And Amortization - Cash Flow": {"2020-12-31": -96.195, "2020-09-30": 32.13, "2020-06-30": 39.002, "2020-03-31": "25.06300", "2019-12-31": 71.38, "2019-09-30": -9.282, "2019-06-30": 23.865, "2019-03-31": "27.42400", "2018-12-31": 54.567, "2018-09-30": 20.169, "2018-06-30": 27.345, "2018-03-31": "29.02700", "2017-12-31": 34.819, "2017-09-30": 33.458, "2017-06-30": 26.546, "2017-03-31": "18.13300", "2016-12-31": 16.898, "2016-09-30": 22.28, "2016-06-30": 16.628, "2016-03-31": "30.24500", "2015-12-31": 19.755, "2015-09-30": 23.117, "2015-06-30": 23.064, "2015-03-31": "19.20300", "2014-12-31": 25.421, "2014-09-30": 12.583, "2014-06-30": 25.596, "2014-03-31": "25.23600", "2013-12-31": 23.041, "2013-09-30": 29.432, "2013-06-30": 29.707, "2013-03-31": "20.91000", "2012-12-31": 38.33, "2012-09-30": 17.942, "2012-06-30": 24.935, "2012-03-31": "22.21200", "2011-12-31": 30.68, "2011-09-30": 24.153, "2011-06-30": 11.1, "2011-03-31": "22.07900", "2010-12-31": 18.804, "2010-09-30": 21.595, "2010-06-30": 21.94, "2010-03-31": "20.52800", "2009-12-31": 22.708, "2009-09-30": 8.34, "2009-06-30": 24.568, "2009-03-31": "23.25900", "2008-12-31": 23.594, "2008-09-30": 18.885, "2008-06-30": 4.409, "2008-03-31": "37.06500", "2007-12-31": 11.849, "2007-09-30": 20.066, "2007-06-30": 21.016, "2007-03-31": "20.76600", "2006-12-31": 15.193, "2006-09-30": 16.78, "2006-06-30": 15.646, "2006-03-31": "18.05500", "2005-12-31": 22.804, "2005-09-30": 9.416, "2005-06-30": 15.798, "2005-03-31": "15.03400"}, "Other Non-Cash Items": {"2020-12-31": -41.913, "2020-09-30": -110.757, "2020-06-30": 15.997, "2020-03-31": "136.67300", "2019-12-31": 65.978, "2019-09-30": -28.662, "2019-06-30": -140.604, "2019-03-31": "-28.16400", "2018-12-31": 7.829, "2018-09-30": -112.886, "2018-06-30": -160.931, "2018-03-31": "-27.70200", "2017-12-31": -67.676, "2017-09-30": -163.008, "2017-06-30": -130.272, "2017-03-31": "-16.39500", "2016-12-31": -185.499, "2016-09-30": -111.123, "2016-06-30": -54.233, "2016-03-31": "32.30400", "2015-12-31": -28.332, "2015-09-30": -35.964, "2015-06-30": -38.281, "2015-03-31": "27.82100", "2014-12-31": 24.66, "2014-09-30": -126.839, "2014-06-30": -189.331, "2014-03-31": "-35.39200", "2013-12-31": 48.246, "2013-09-30": -30.883, "2013-06-30": -117.718, "2013-03-31": "-3.46000", "2012-12-31": -130.129, "2012-09-30": -19.047, "2012-06-30": -78.656, "2012-03-31": "-19.59400", "2011-12-31": -14.2, "2011-09-30": 4.303, "2011-06-30": -4.756, "2011-03-31": "-38.63200", "2010-12-31": 40.805, "2010-09-30": 10.552, "2010-06-30": -4.882, "2010-03-31": "36.38300", "2009-12-31": -44.454, "2009-09-30": 18.211, "2009-06-30": 148.431, "2009-03-31": "54.85700", "2008-12-31": 315.389, "2008-09-30": 180.99, "2008-06-30": 64.687, "2008-03-31": "-46.20400", "2007-12-31": 106.79, "2007-09-30": 3.116, "2007-06-30": -13.153, "2007-03-31": "-0.33500", "2006-12-31": 2.495, "2006-09-30": -18.447, "2006-06-30": -10.539, "2006-03-31": "-20.76700", "2005-12-31": -65.499, "2005-09-30": 14.404, "2005-06-30": -104.148, "2005-03-31": "-170.44800"}, "Total Non-Cash Items": {"2020-12-31": -138.108, "2020-09-30": -78.627, "2020-06-30": 54.999, "2020-03-31": "161.73600", "2019-12-31": 137.358, "2019-09-30": -37.944, "2019-06-30": -116.739, "2019-03-31": "-0.74000", "2018-12-31": 62.396, "2018-09-30": -92.717, "2018-06-30": -133.586, "2018-03-31": "1.32500", "2017-12-31": -32.857, "2017-09-30": -129.55, "2017-06-30": -103.726, "2017-03-31": "1.73800", "2016-12-31": -168.601, "2016-09-30": -88.843, "2016-06-30": -37.605, "2016-03-31": "62.54900", "2015-12-31": -8.577, "2015-09-30": -12.847, "2015-06-30": -15.217, "2015-03-31": "47.02400", "2014-12-31": 50.081, "2014-09-30": -114.256, "2014-06-30": -163.735, "2014-03-31": "-10.15600", "2013-12-31": 71.287, "2013-09-30": -1.451, "2013-06-30": -88.011, "2013-03-31": "17.45000", "2012-12-31": -91.799, "2012-09-30": -1.105, "2012-06-30": -53.721, "2012-03-31": "2.61800", "2011-12-31": 16.48, "2011-09-30": 28.456, "2011-06-30": 6.344, "2011-03-31": "-16.55300", "2010-12-31": 59.609, "2010-09-30": 32.147, "2010-06-30": 17.058, "2010-03-31": "56.91100", "2009-12-31": -21.746, "2009-09-30": 26.551, "2009-06-30": 172.999, "2009-03-31": "78.11600", "2008-12-31": 338.983, "2008-09-30": 199.875, "2008-06-30": 69.096, "2008-03-31": "-9.13900", "2007-12-31": 118.639, "2007-09-30": 23.182, "2007-06-30": 7.863, "2007-03-31": "20.43100", "2006-12-31": 17.688, "2006-09-30": -1.667, "2006-06-30": 5.107, "2006-03-31": "-2.71200", "2005-12-31": -42.695, "2005-09-30": 23.82, "2005-06-30": -88.35, "2005-03-31": "-155.41400"}, "Change In Accounts Receivable": {"2020-12-31": 175.636, "2020-09-30": 28.567, "2020-06-30": -107.034, "2020-03-31": "-97.16900", "2019-12-31": 17.716, "2019-09-30": 16.904, "2019-06-30": -67.321, "2019-03-31": "-156.45000", "2018-12-31": 63.534, "2018-09-30": 45.485, "2018-06-30": -78.34, "2018-03-31": "-74.49200", "2017-12-31": 44.668, "2017-09-30": 47.407, "2017-06-30": -100.583, "2017-03-31": "-59.24400", "2016-12-31": 31.969, "2016-09-30": 82.439, "2016-06-30": -95.28, "2016-03-31": "-79.53100", "2015-12-31": 38.599, "2015-09-30": 33.686, "2015-06-30": -62.046, "2015-03-31": "-71.18100", "2014-12-31": 21.145, "2014-09-30": 71.685, "2014-06-30": -97.698, "2014-03-31": "-99.30600", "2013-12-31": 23.633, "2013-09-30": 1.193, "2013-06-30": -86.585, "2013-03-31": "-76.26800", "2012-12-31": -35.953, "2012-09-30": -53.62, "2012-06-30": -42.106, "2012-03-31": "-97.07700", "2011-12-31": -11.057, "2011-09-30": 36.733, "2011-06-30": -60.038, "2011-03-31": "-88.10600", "2010-12-31": -45.95, "2010-09-30": -11.691, "2010-06-30": -54.066, "2010-03-31": "70.54000", "2009-12-31": 144.291, "2009-09-30": -61.517, "2009-06-30": 4.066, "2009-03-31": "-69.68100", "2008-12-31": 412.388, "2008-09-30": 17.544, "2008-06-30": 86.048, "2008-03-31": "-96.16400", "2007-12-31": -13.406, "2007-09-30": -151.906, "2007-06-30": 160.413, "2007-03-31": "4.11300", "2006-12-31": -102.63, "2006-09-30": -7.01, "2006-06-30": -92.617, "2006-03-31": "-117.39900", "2005-12-31": 21.165, "2005-09-30": -48.295, "2005-06-30": -62.699, "2005-03-31": "-3.51800"}, "Change In Inventories": {"2020-12-31": 0, "2020-09-30": 0, "2020-06-30": 0, "2020-03-31": "", "2019-12-31": 0, "2019-09-30": 0, "2019-06-30": 0, "2019-03-31": "", "2018-12-31": 0, "2018-09-30": 0, "2018-06-30": 0, "2018-03-31": "", "2017-12-31": 0, "2017-09-30": 0, "2017-06-30": 0, "2017-03-31": "", "2016-12-31": 0, "2016-09-30": 0, "2016-06-30": 0, "2016-03-31": "", "2015-12-31": 0, "2015-09-30": 0, "2015-06-30": 0, "2015-03-31": "", "2014-12-31": 0, "2014-09-30": 0, "2014-06-30": 0, "2014-03-31": "", "2013-12-31": 0, "2013-09-30": 0, "2013-06-30": 0, "2013-03-31": "", "2012-12-31": 0, "2012-09-30": 0, "2012-06-30": 0, "2012-03-31": "", "2011-12-31": 0, "2011-09-30": 4.319, "2011-06-30": -4.319, "2011-03-31": "", "2010-12-31": 78.009, "2010-09-30": 17.04, "2010-06-30": -33.99, "2010-03-31": "-61.05900", "2009-12-31": -92.339, "2009-09-30": -41.111, "2009-06-30": 112.422, "2009-03-31": "21.02800", "2008-12-31": -33.97, "2008-09-30": 0.575, "2008-06-30": -31.786, "2008-03-31": "21.09200", "2007-12-31": -27.318, "2007-09-30": -162.384, "2007-06-30": 36.533, "2007-03-31": "50.23300", "2006-12-31": 133.312, "2006-09-30": 36.105, "2006-06-30": 17.777, "2006-03-31": "-215.54500", "2005-12-31": 10.337, "2005-09-30": -12.01, "2005-06-30": 43.316, "2005-03-31": "86.11600"}, "Change In Accounts Payable": {"2020-12-31": -1286.504, "2020-09-30": 501.482, "2020-06-30": 420.935, "2020-03-31": "364.08700", "2019-12-31": 133.491, "2019-09-30": 175.127, "2019-06-30": 350.027, "2019-03-31": "254.96400", "2018-12-31": 16.309, "2018-09-30": 111.798, "2018-06-30": 58.36, "2018-03-31": "236.69000", "2017-12-31": -101.55, "2017-09-30": 302.06, "2017-06-30": 118.273, "2017-03-31": "123.90700", "2016-12-31": 12.106, "2016-09-30": 193.337, "2016-06-30": 236.826, "2016-03-31": "279.61000", "2015-12-31": -21.004, "2015-09-30": 102.076, "2015-06-30": 188.984, "2015-03-31": "270.32800", "2014-12-31": 31.38, "2014-09-30": 152.583, "2014-06-30": 123.343, "2014-03-31": "347.13700", "2013-12-31": -9.458, "2013-09-30": 213.164, "2013-06-30": 232.658, "2013-03-31": "258.79800", "2012-12-31": 185.848, "2012-09-30": 160.024, "2012-06-30": 178, "2012-03-31": "162.87700", "2011-12-31": 49.183, "2011-09-30": 147.955, "2011-06-30": 70.684, "2011-03-31": "296.43500", "2010-12-31": -170.609, "2010-09-30": 2.167, "2010-06-30": 65.978, "2010-03-31": "2.13300", "2009-12-31": -197.306, "2009-09-30": 53.689, "2009-06-30": 45.893, "2009-03-31": "82.38600", "2008-12-31": -203.16, "2008-09-30": 163.702, "2008-06-30": -18.601, "2008-03-31": "211.08000", "2007-12-31": 16.805, "2007-09-30": 177.576, "2007-06-30": 169.99, "2007-03-31": "299.03200", "2006-12-31": 192.207, "2006-09-30": 283.135, "2006-06-30": 266.23, "2006-03-31": "472.48700", "2005-12-31": 143.798, "2005-09-30": 420.086, "2005-06-30": 319.623, "2005-03-31": "456.70400"}, "Change In Assets/Liabilities": {"2020-12-31": 288.838, "2020-09-30": -112.353, "2020-06-30": -109.697, "2020-03-31": "-66.78800", "2019-12-31": -45.19, "2019-09-30": -16.208, "2019-06-30": -105.353, "2019-03-31": "-45.75700", "2018-12-31": -40.033, "2018-09-30": -40.396, "2018-06-30": 10.57, "2018-03-31": "-106.73300", "2017-12-31": -0.424, "2017-09-30": -70.98, "2017-06-30": -33.12, "2017-03-31": "63.42900", "2016-12-31": -60.489, "2016-09-30": -58.085, "2016-06-30": -94.024, "2016-03-31": "-59.40200", "2015-12-31": 37.682, "2015-09-30": -11.103, "2015-06-30": -35.66, "2015-03-31": "-59.88200", "2014-12-31": -97.712, "2014-09-30": 15.201, "2014-06-30": 29.067, "2014-03-31": "-73.60700", "2013-12-31": -19.912, "2013-09-30": -113.903, "2013-06-30": -46.734, "2013-03-31": "-53.16200", "2012-12-31": -129.263, "2012-09-30": -58.431, "2012-06-30": -38.068, "2012-03-31": "-31.28600", "2011-12-31": -26.05, "2011-09-30": -79.525, "2011-06-30": 149.781, "2011-03-31": "-251.92300", "2010-12-31": -3.943, "2010-09-30": 70.765, "2010-06-30": 24.324, "2010-03-31": "-129.97600", "2009-12-31": 59.876, "2009-09-30": 99.195, "2009-06-30": -463.559, "2009-03-31": "-69.94300", "2008-12-31": 212.237, "2008-09-30": 24.489, "2008-06-30": 9.477, "2008-03-31": "-101.94700", "2007-12-31": 18.398, "2007-09-30": 425.903, "2007-06-30": -285.438, "2007-03-31": "-205.01400", "2006-12-31": 16.134, "2006-09-30": 74.002, "2006-06-30": -45.585, "2006-03-31": "-62.36700", "2005-12-31": 79.255, "2005-09-30": 106.962, "2005-06-30": -27.582, "2005-03-31": "-81.15200"}, "Total Change In Assets/Liabilities": {"2020-12-31": -822.03, "2020-09-30": 417.696, "2020-06-30": 204.204, "2020-03-31": "200.13000", "2019-12-31": 93.487, "2019-09-30": 175.823, "2019-06-30": 177.353, "2019-03-31": "52.75700", "2018-12-31": 27.86, "2018-09-30": 116.887, "2018-06-30": -9.41, "2018-03-31": "55.46500", "2017-12-31": -31.447, "2017-09-30": 278.487, "2017-06-30": -15.43, "2017-03-31": "128.09200", "2016-12-31": 26.218, "2016-09-30": 217.691, "2016-06-30": 47.522, "2016-03-31": "140.67700", "2015-12-31": 75.705, "2015-09-30": 124.659, "2015-06-30": 91.278, "2015-03-31": "139.26500", "2014-12-31": -86.122, "2014-09-30": 239.469, "2014-06-30": 54.712, "2014-03-31": "174.22400", "2013-12-31": -51.3499, "2013-09-30": 100.4539, "2013-06-30": 99.339, "2013-03-31": "129.36800", "2012-12-31": 26.546, "2012-09-30": 47.973, "2012-06-30": 97.826, "2012-03-31": "34.51400", "2011-12-31": 12.076, "2011-09-30": 109.482, "2011-06-30": 156.108, "2011-03-31": "-43.59400", "2010-12-31": -142.493, "2010-09-30": 78.281, "2010-06-30": 2.246, "2010-03-31": "-118.36200", "2009-12-31": -85.478, "2009-09-30": 50.256, "2009-06-30": -301.178, "2009-03-31": "-36.21000", "2008-12-31": 387.495, "2008-09-30": 206.31, "2008-06-30": 45.138, "2008-03-31": "34.06100", "2007-12-31": -5.521, "2007-09-30": 289.189, "2007-06-30": 81.498, "2007-03-31": "148.36400", "2006-12-31": 239.023, "2006-09-30": 386.232, "2006-06-30": 145.805, "2006-03-31": "77.17600", "2005-12-31": 254.555, "2005-09-30": 466.743, "2005-06-30": 272.658, "2005-03-31": "458.15000"}, "Cash Flow From Operating Activities": {"2020-12-31": -1136.945, "2020-09-30": 557.094, "2020-06-30": 427.281, "2020-03-31": "152.57000", "2019-12-31": 348.749, "2019-09-30": 392.398, "2019-06-30": 324.316, "2019-03-31": "78.33000", "2018-12-31": 277.675, "2018-09-30": 223.162, "2018-06-30": 139.397, "2018-03-31": "-20.03500", "2017-12-31": 189.025, "2017-09-30": 297, "2017-06-30": 149.386, "2017-03-31": "75.47200", "2016-12-31": 121.866, "2016-09-30": 394.192, "2016-06-30": 191.55, "2016-03-31": "140.76800", "2015-12-31": 260.969, "2015-09-30": 287.452, "2015-06-30": 271.871, "2015-03-31": "61.01200", "2014-12-31": 160.061, "2014-09-30": 320.163, "2014-06-30": 111.459, "2014-03-31": "143.16400", "2013-12-31": 193.103, "2013-09-30": 312.763, "2013-06-30": 198.82, "2013-03-31": "115.11200", "2012-12-31": 222.109, "2012-09-30": 140.938, "2012-06-30": 238.649, "2012-03-31": "73.76200", "2011-12-31": 185.036, "2011-09-30": 268.851, "2011-06-30": 160.949, "2011-03-31": "55.44300", "2010-12-31": 60.599, "2010-09-30": 204.047, "2010-06-30": 129.511, "2010-03-31": "57.15900", "2009-12-31": 150.757, "2009-09-30": 174.529, "2009-06-30": -30.792, "2009-03-31": "21.56000", "2008-12-31": 766.804, "2008-09-30": 378.305, "2008-06-30": 194.491, "2008-03-31": "213.36000", "2007-12-31": 319.835, "2007-09-30": 492.834, "2007-06-30": 279.994, "2007-03-31": "357.22100", "2006-12-31": 454.767, "2006-09-30": 558.873, "2006-06-30": 316.364, "2006-03-31": "236.16600", "2005-12-31": 379.284, "2005-09-30": 613.081, "2005-06-30": 318.387, "2005-03-31": "423.60700"}, "Net Change In Property, Plant, And Equipment": {"2020-12-31": 73.452, "2020-09-30": -20.268, "2020-06-30": -14.298, "2020-03-31": "-38.88600", "2019-12-31": -28.869, "2019-09-30": -49.763, "2019-06-30": -72.377, "2019-03-31": "-56.20000", "2018-12-31": -73.932, "2018-09-30": -41.267, "2018-06-30": -98.022, "2018-03-31": "-350.70300", "2017-12-31": -118.484, "2017-09-30": -33.713, "2017-06-30": -138.394, "2017-03-31": "-61.16700", "2016-12-31": -104.228, "2016-09-30": -110.066, "2016-06-30": -69.416, "2016-03-31": "-66.24200", "2015-12-31": -95.019, "2015-09-30": -82.872, "2015-06-30": -56.488, "2015-03-31": "-51.84200", "2014-12-31": 28.687, "2014-09-30": -197.33, "2014-06-30": 302.724, "2014-03-31": "-45.47500", "2013-12-31": -73.798, "2013-09-30": -39.868, "2013-06-30": -33.493, "2013-03-31": "-23.34300", "2012-12-31": -203.275, "2012-09-30": -57.816, "2012-06-30": -15.185, "2012-03-31": "-20.66600", "2011-12-31": 243.135, "2011-09-30": -248.435, "2011-06-30": -66.59, "2011-03-31": "-69.98200", "2010-12-31": -12.917, "2010-09-30": -16.381, "2010-06-30": -9.443, "2010-03-31": "-10.86400", "2009-12-31": -13.348, "2009-09-30": -5.25, "2009-06-30": -7.621, "2009-03-31": "-4.23600", "2008-12-31": -49.849, "2008-09-30": -8.269, "2008-06-30": -14.384, "2008-03-31": "-6.44500", "2007-12-31": -9.72, "2007-09-30": -6.106, "2007-06-30": -9.035, "2007-03-31": "-6.24700", "2006-12-31": -9.415, "2006-09-30": -4.853, "2006-06-30": -3.712, "2006-03-31": "-24.61300", "2005-12-31": -4.568, "2005-09-30": -12.536, "2005-06-30": -8.222, "2005-03-31": "-7.23800"}, "Net Change In Intangible Assets": {"2020-12-31": 0, "2020-09-30": 0, "2020-06-30": 0, "2020-03-31": "", "2019-12-31": 0, "2019-09-30": 0, "2019-06-30": 0, "2019-03-31": "", "2018-12-31": 0, "2018-09-30": 0, "2018-06-30": 0, "2018-03-31": "", "2017-12-31": 0, "2017-09-30": 0, "2017-06-30": 0, "2017-03-31": "", "2016-12-31": 0, "2016-09-30": 0, "2016-06-30": 0, "2016-03-31": "", "2015-12-31": 0, "2015-09-30": 0, "2015-06-30": 0, "2015-03-31": "", "2014-12-31": 0, "2014-09-30": 0, "2014-06-30": 0, "2014-03-31": "", "2013-12-31": 0, "2013-09-30": 0, "2013-06-30": 0, "2013-03-31": "", "2012-12-31": 0, "2012-09-30": 0, "2012-06-30": 0, "2012-03-31": "", "2011-12-31": 0, "2011-09-30": 0, "2011-06-30": 0, "2011-03-31": "", "2010-12-31": 0, "2010-09-30": 0, "2010-06-30": 0, "2010-03-31": "", "2009-12-31": 0, "2009-09-30": 0, "2009-06-30": 0, "2009-03-31": "", "2008-12-31": 0, "2008-09-30": 0, "2008-06-30": 0, "2008-03-31": "", "2007-12-31": 0, "2007-09-30": 0, "2007-06-30": 0, "2007-03-31": "", "2006-12-31": 0, "2006-09-30": 0, "2006-06-30": 0, "2006-03-31": "", "2005-12-31": 0, "2005-09-30": 0, "2005-06-30": 0, "2005-03-31": ""}, "Net Acquisitions/Divestitures": {"2020-12-31": 0, "2020-09-30": 0, "2020-06-30": 0, "2020-03-31": "", "2019-12-31": 0, "2019-09-30": 0, "2019-06-30": 0, "2019-03-31": "", "2018-12-31": 0, "2018-09-30": 0, "2018-06-30": -6.637, "2018-03-31": "", "2017-12-31": 0, "2017-09-30": 0.776, "2017-06-30": 0, "2017-03-31": "-71.34600", "2016-12-31": 0.073, "2016-09-30": -12.311, "2016-06-30": 13.1, "2016-03-31": "-54.31300", "2015-12-31": -0.156, "2015-09-30": -7.156, "2015-06-30": 0, "2015-03-31": "", "2014-12-31": 0.002, "2014-09-30": -80.971, "2014-06-30": 15.645, "2014-03-31": "-0.09700", "2013-12-31": -18.322, "2013-09-30": 21.408, "2013-06-30": -21.408, "2013-03-31": "-38.55600", "2012-12-31": -42.779, "2012-09-30": 0, "2012-06-30": 0, "2012-03-31": "", "2011-12-31": -253.413, "2011-09-30": 0, "2011-06-30": 2.481, "2011-03-31": "-11.06000", "2010-12-31": 0, "2010-09-30": 0, "2010-06-30": 0, "2010-03-31": "", "2009-12-31": 0, "2009-09-30": -0.65, "2009-06-30": -33.162, "2009-03-31": "", "2008-12-31": -1.273, "2008-09-30": -1.292, "2008-06-30": -46.33, "2008-03-31": "", "2007-12-31": 16.689, "2007-09-30": -41.678, "2007-06-30": 0, "2007-03-31": "-22.23400", "2006-12-31": 2.401, "2006-09-30": -2.401, "2006-06-30": 0, "2006-03-31": "", "2005-12-31": 33.4, "2005-09-30": -5.4, "2005-06-30": -28, "2005-03-31": ""}, "Net Change In Short-term Investments": {"2020-12-31": -36.561, "2020-09-30": 60.943, "2020-06-30": 9.996, "2020-03-31": "-34.37800", "2019-12-31": -51.776, "2019-09-30": 35.524, "2019-06-30": 41.107, "2019-03-31": "-22.01100", "2018-12-31": -1.339, "2018-09-30": -41.04, "2018-06-30": -11.859, "2018-03-31": "58.50000", "2017-12-31": -44.35, "2017-09-30": -64.485, "2017-06-30": 126.497, "2017-03-31": "-22.03400", "2016-12-31": -81.989, "2016-09-30": 51.063, "2016-06-30": -17.724, "2016-03-31": "69.64200", "2015-12-31": -66.095, "2015-09-30": 25.131, "2015-06-30": 20.95, "2015-03-31": "-2.65200", "2014-12-31": -35.794, "2014-09-30": 40.098, "2014-06-30": -23.244, "2014-03-31": "51.55700", "2013-12-31": 11.399, "2013-09-30": -31.387, "2013-06-30": -49.492, "2013-03-31": "43.32500", "2012-12-31": -105.143, "2012-09-30": 40.644, "2012-06-30": 22.554, "2012-03-31": "16.14600", "2011-12-31": -138.641, "2011-09-30": 49.136, "2011-06-30": -1.675, "2011-03-31": "74.98600", "2010-12-31": -56.426, "2010-09-30": 0.683, "2010-06-30": 67.6, "2010-03-31": "-12.15400", "2009-12-31": -57.096, "2009-09-30": 56.054, "2009-06-30": 78.418, "2009-03-31": "66.64700", "2008-12-31": -113.275, "2008-09-30": -43.145, "2008-06-30": 54.225, "2008-03-31": "-36.08600", "2007-12-31": -23.567, "2007-09-30": -1.743, "2007-06-30": -170.719, "2007-03-31": "197.44100", "2006-12-31": 44.199, "2006-09-30": -73.807, "2006-06-30": 15.158, "2006-03-31": "14.45000", "2005-12-31": -140.581, "2005-09-30": 33.75, "2005-06-30": -15.242, "2005-03-31": "122.07300"}, "Net Change In Long-Term Investments": {"2020-12-31": -317.1489, "2020-09-30": -578.4434, "2020-06-30": 893.6631, "2020-03-31": "1.92920", "2019-12-31": -159.8984, "2019-09-30": -433.606, "2019-06-30": 40.2519, "2019-03-31": "134.60210", "2018-12-31": -37.9638, "2018-09-30": -239.4092, "2018-06-30": 88.6372, "2018-03-31": "124.96580", "2017-12-31": 286.8531, "2017-09-30": -349.9578, "2017-06-30": -11.1329, "2017-03-31": "-107.06510", "2016-12-31": 49.3573, "2016-09-30": -578.2609, "2016-06-30": -248.1551, "2016-03-31": "-194.16200", "2015-12-31": -172.6722, "2015-09-30": -83.9169, "2015-06-30": 147.603, "2015-03-31": "28.08910", "2014-12-31": -387.8899, "2014-09-30": -340.5322, "2014-06-30": 26.8192, "2014-03-31": "-269.22010", "2013-12-31": 0.3403, "2013-09-30": 117.2268, "2013-06-30": -379.325, "2013-03-31": "237.48300", "2012-12-31": -76.7559, "2012-09-30": 193.086, "2012-06-30": -274.148, "2012-03-31": "-204.88400", "2011-12-31": -26.8793, "2011-09-30": 146.4311, "2011-06-30": 112.34, "2011-03-31": "5.62900", "2010-12-31": -61.8782, "2010-09-30": -157.8199, "2010-06-30": 327.095, "2010-03-31": "10.51400", "2009-12-31": -101.198, "2009-09-30": -541.9258, "2009-06-30": -104.5852, "2009-03-31": "-349.90700", "2008-12-31": -223.1048, "2008-09-30": 176.6641, "2008-06-30": -230.8019, "2008-03-31": "-59.25620", "2007-12-31": 445.1759, "2007-09-30": -356.2358, "2007-06-30": -0.6002, "2007-03-31": "-826.04600", "2006-12-31": 11.7972, "2006-09-30": -665.8289, "2006-06-30": -133.4781, "2006-03-31": "-172.76800", "2005-12-31": -526.438, "2005-09-30": -608.572, "2005-06-30": -418.182, "2005-03-31": "-774.33900"}, "Net Change In Investments - Total": {"2020-12-31": -353.7099, "2020-09-30": -517.5004, "2020-06-30": 903.6591, "2020-03-31": "-32.44880", "2019-12-31": -211.6744, "2019-09-30": -398.082, "2019-06-30": 81.359, "2019-03-31": "112.59100", "2018-12-31": -39.3028, "2018-09-30": -280.4492, "2018-06-30": 76.7782, "2018-03-31": "183.46580", "2017-12-31": 242.5031, "2017-09-30": -414.4428, "2017-06-30": 115.3641, "2017-03-31": "-129.09910", "2016-12-31": -32.6316, "2016-09-30": -527.198, "2016-06-30": -265.879, "2016-03-31": "-124.52010", "2015-12-31": -238.7671, "2015-09-30": -58.786, "2015-06-30": 168.553, "2015-03-31": "25.43710", "2014-12-31": -423.6839, "2014-09-30": -300.4342, "2014-06-30": 3.5752, "2014-03-31": "-217.66310", "2013-12-31": 11.7393, "2013-09-30": 85.8398, "2013-06-30": -428.817, "2013-03-31": "280.80800", "2012-12-31": -181.8988, "2012-09-30": 233.7299, "2012-06-30": -251.594, "2012-03-31": "-188.73800", "2011-12-31": -165.5203, "2011-09-30": 195.5671, "2011-06-30": 110.665, "2011-03-31": "80.61500", "2010-12-31": -118.3042, "2010-09-30": -157.1369, "2010-06-30": 394.695, "2010-03-31": "-1.64000", "2009-12-31": -158.2942, "2009-09-30": -485.8718, "2009-06-30": -26.1672, "2009-03-31": "-283.26000", "2008-12-31": -336.3798, "2008-09-30": 133.5191, "2008-06-30": -176.5769, "2008-03-31": "-95.34220", "2007-12-31": 421.6089, "2007-09-30": -357.9787, "2007-06-30": -171.3193, "2007-03-31": "-628.60500", "2006-12-31": 55.9962, "2006-09-30": -739.6359, "2006-06-30": -118.3201, "2006-03-31": "-158.31800", "2005-12-31": -667.019, "2005-09-30": -574.822, "2005-06-30": -433.424, "2005-03-31": "-652.26600"}, "Investing Activities - Other": {"2020-12-31": -85.202, "2020-09-30": 16.92, "2020-06-30": -33.875, "2020-03-31": "102.15700", "2019-12-31": 7.622, "2019-09-30": 193.278, "2019-06-30": 11.844, "2019-03-31": "-14.60000", "2018-12-31": -74.546, "2018-09-30": 11.677, "2018-06-30": -57.059, "2018-03-31": "35.75300", "2017-12-31": -23.406, "2017-09-30": 237.617, "2017-06-30": 68.471, "2017-03-31": "-8.14300", "2016-12-31": 144.17, "2016-09-30": 277.075, "2016-06-30": -1.626, "2016-03-31": "139.52500", "2015-12-31": -7.895, "2015-09-30": 42.446, "2015-06-30": 159.901, "2015-03-31": "31.88100", "2014-12-31": -194.455, "2014-09-30": 401.262, "2014-06-30": -229.337, "2014-03-31": "129.24000", "2013-12-31": -88.978, "2013-09-30": -71.722, "2013-06-30": -31.377, "2013-03-31": "-75.47700", "2012-12-31": 66.168, "2012-09-30": -74.218, "2012-06-30": 30.394, "2012-03-31": "-69.19000", "2011-12-31": 54.997, "2011-09-30": 3.767, "2011-06-30": -5.9, "2011-03-31": "-74.60100", "2010-12-31": -52.913, "2010-09-30": 39.53, "2010-06-30": -19.659, "2010-03-31": "2.38000", "2009-12-31": -90.619, "2009-09-30": -4.042, "2009-06-30": 0.26, "2009-03-31": "-3.97300", "2008-12-31": -156.745, "2008-09-30": -30.42, "2008-06-30": 209.591, "2008-03-31": "-34.36800", "2007-12-31": -284.451, "2007-09-30": 2.203, "2007-06-30": 75.075, "2007-03-31": "4.15900", "2006-12-31": -213.868, "2006-09-30": 49.163, "2006-06-30": 0, "2006-03-31": "", "2005-12-31": -5.119, "2005-09-30": 0, "2005-06-30": 0, "2005-03-31": ""}, "Cash Flow From Investing Activities": {"2020-12-31": -365.46, "2020-09-30": -520.848, "2020-06-30": 855.486, "2020-03-31": "30.82200", "2019-12-31": -232.921, "2019-09-30": -254.567, "2019-06-30": 20.826, "2019-03-31": "41.79100", "2018-12-31": -187.781, "2018-09-30": -310.039, "2018-06-30": -84.94, "2018-03-31": "-131.48400", "2017-12-31": 100.613, "2017-09-30": -209.763, "2017-06-30": 45.441, "2017-03-31": "-269.75500", "2016-12-31": 7.383, "2016-09-30": -372.5, "2016-06-30": -323.821, "2016-03-31": "-105.55000", "2015-12-31": -341.837, "2015-09-30": -106.368, "2015-06-30": 271.966, "2015-03-31": "5.47600", "2014-12-31": -589.45, "2014-09-30": -177.473, "2014-06-30": 92.607, "2014-03-31": "-133.99500", "2013-12-31": -169.359, "2013-09-30": -4.342, "2013-06-30": -515.095, "2013-03-31": "143.43200", "2012-12-31": -361.785, "2012-09-30": 101.696, "2012-06-30": -236.385, "2012-03-31": "-278.59400", "2011-12-31": -120.801, "2011-09-30": -49.101, "2011-06-30": 40.656, "2011-03-31": "-75.02800", "2010-12-31": -184.134, "2010-09-30": -133.988, "2010-06-30": 365.593, "2010-03-31": "-10.12400", "2009-12-31": -262.261, "2009-09-30": -495.814, "2009-06-30": -66.69, "2009-03-31": "-291.46900", "2008-12-31": -544.247, "2008-09-30": 93.538, "2008-06-30": -27.7, "2008-03-31": "-136.15500", "2007-12-31": 144.127, "2007-09-30": -403.56, "2007-06-30": -105.279, "2007-03-31": "-652.92700", "2006-12-31": -164.886, "2006-09-30": -697.727, "2006-06-30": -122.032, "2006-03-31": "-182.93100", "2005-12-31": -643.306, "2005-09-30": -592.758, "2005-06-30": -469.646, "2005-03-31": "-659.50400"}, "Net Long-Term Debt": {"2020-12-31": -444.946, "2020-09-30": 147.659, "2020-06-30": 293.028, "2020-03-31": "4.25900", "2019-12-31": 283.023, "2019-09-30": -448.409, "2019-06-30": 0, "2019-03-31": "", "2018-12-31": 91.156, "2018-09-30": -1.933, "2018-06-30": 19.046, "2018-03-31": "181.76900", "2017-12-31": 8.751, "2017-09-30": -0.313, "2017-06-30": 0, "2017-03-31": "-1.47500", "2016-12-31": -2.999, "2016-09-30": -34.193, "2016-06-30": 274.102, "2016-03-31": "76.37200", "2015-12-31": 5.283, "2015-09-30": -5.274, "2015-06-30": -268.799, "2015-03-31": "-3.24000", "2014-12-31": -79.268, "2014-09-30": 424.592, "2014-06-30": 5.113, "2014-03-31": "-0.12500", "2013-12-31": -4.39, "2013-09-30": 0.197, "2013-06-30": 91.906, "2013-03-31": "-206.28000", "2012-12-31": -6.35, "2012-09-30": 11.597, "2012-06-30": 11.413, "2012-03-31": "352.63100", "2011-12-31": -1.619, "2011-09-30": -0.315, "2011-06-30": 4.296, "2011-03-31": "-3.67200", "2010-12-31": 5.868, "2010-09-30": 151.252, "2010-06-30": -3.203, "2010-03-31": "-7.57200", "2009-12-31": 4.843, "2009-09-30": 317.921, "2009-06-30": -0.173, "2009-03-31": "-0.16700", "2008-12-31": -1.639, "2008-09-30": 1.814, "2008-06-30": -89.901, "2008-03-31": "-12.39700", "2007-12-31": -1.315, "2007-09-30": -0.355, "2007-06-30": -0.261, "2007-03-31": "246.55600", "2006-12-31": -210, "2006-09-30": 0, "2006-06-30": 0, "2006-03-31": "-100.00000", "2005-12-31": -0.009, "2005-09-30": 241.657, "2005-06-30": 158.149, "2005-03-31": ""}, "Net Current Debt": {"2020-12-31": 0, "2020-09-30": 0, "2020-06-30": 0, "2020-03-31": "", "2019-12-31": 0, "2019-09-30": 0, "2019-06-30": 0, "2019-03-31": "", "2018-12-31": 0, "2018-09-30": 0, "2018-06-30": 0, "2018-03-31": "", "2017-12-31": 0, "2017-09-30": 0, "2017-06-30": 0, "2017-03-31": "", "2016-12-31": 0, "2016-09-30": 0, "2016-06-30": 0, "2016-03-31": "", "2015-12-31": 0, "2015-09-30": 0, "2015-06-30": 0, "2015-03-31": "", "2014-12-31": 0, "2014-09-30": 0, "2014-06-30": 0, "2014-03-31": "", "2013-12-31": 0, "2013-09-30": 0, "2013-06-30": 0, "2013-03-31": "", "2012-12-31": 0, "2012-09-30": 0, "2012-06-30": 0, "2012-03-31": "", "2011-12-31": 0, "2011-09-30": 0, "2011-06-30": 0, "2011-03-31": "", "2010-12-31": -0.349, "2010-09-30": -1.866, "2010-06-30": -0.618, "2010-03-31": "2.83300", "2009-12-31": -20.012, "2009-09-30": 7.695, "2009-06-30": 4.18, "2009-03-31": "8.13700", "2008-12-31": 1.013, "2008-09-30": 8.32, "2008-06-30": 8.873, "2008-03-31": "5.91400", "2007-12-31": -1.223, "2007-09-30": -6.461, "2007-06-30": 7.564, "2007-03-31": "7.03700", "2006-12-31": 0.249, "2006-09-30": 0.82, "2006-06-30": 9.767, "2006-03-31": "-8.00000", "2005-12-31": 2.502, "2005-09-30": 1.009, "2005-06-30": 3.694, "2005-03-31": "9.24700"}, "Debt Issuance/Retirement Net - Total": {"2020-12-31": -444.946, "2020-09-30": 147.659, "2020-06-30": 293.028, "2020-03-31": "4.25900", "2019-12-31": 283.023, "2019-09-30": -448.409, "2019-06-30": 0, "2019-03-31": "", "2018-12-31": 91.156, "2018-09-30": -1.933, "2018-06-30": 19.046, "2018-03-31": "181.76900", "2017-12-31": 8.751, "2017-09-30": -0.313, "2017-06-30": 0, "2017-03-31": "-1.47500", "2016-12-31": -2.999, "2016-09-30": -34.193, "2016-06-30": 274.102, "2016-03-31": "76.37200", "2015-12-31": 5.283, "2015-09-30": -5.274, "2015-06-30": -268.799, "2015-03-31": "-3.24000", "2014-12-31": -79.268, "2014-09-30": 424.592, "2014-06-30": 5.113, "2014-03-31": "-0.12500", "2013-12-31": -4.39, "2013-09-30": 0.197, "2013-06-30": 91.906, "2013-03-31": "-206.28000", "2012-12-31": -6.35, "2012-09-30": 11.597, "2012-06-30": 11.413, "2012-03-31": "352.63100", "2011-12-31": -1.619, "2011-09-30": -0.315, "2011-06-30": 4.296, "2011-03-31": "-3.67200", "2010-12-31": 5.519, "2010-09-30": 149.386, "2010-06-30": -3.821, "2010-03-31": "-4.73900", "2009-12-31": -15.169, "2009-09-30": 325.616, "2009-06-30": 4.007, "2009-03-31": "7.97000", "2008-12-31": -0.626, "2008-09-30": 10.134, "2008-06-30": -81.028, "2008-03-31": "-6.48300", "2007-12-31": -2.538, "2007-09-30": -6.816, "2007-06-30": 7.303, "2007-03-31": "253.59300", "2006-12-31": -209.751, "2006-09-30": 0.82, "2006-06-30": 9.767, "2006-03-31": "-108.00000", "2005-12-31": 2.493, "2005-09-30": 242.666, "2005-06-30": 161.843, "2005-03-31": "9.24700"}, "Net Common Equity Issued/Repurchased": {"2020-12-31": 311.859, "2020-09-30": -12.957, "2020-06-30": -92.96, "2020-03-31": "-205.94200", "2019-12-31": -18.225, "2019-09-30": 0, "2019-06-30": 0, "2019-03-31": "", "2018-12-31": -17.951, "2018-09-30": 0, "2018-06-30": 0, "2018-03-31": "-6.79900", "2017-12-31": -19.429, "2017-09-30": -28.378, "2017-06-30": 0, "2017-03-31": "", "2016-12-31": -32.522, "2016-09-30": -62.446, "2016-06-30": 0, "2016-03-31": "-37.42400", "2015-12-31": 0, "2015-09-30": -5.52, "2015-06-30": -126.919, "2015-03-31": "-91.21300", "2014-12-31": -2.23, "2014-09-30": -39.502, "2014-06-30": -4.533, "2014-03-31": "-192.66800", "2013-12-31": -127.05, "2013-09-30": -8.059, "2013-06-30": -31.311, "2013-03-31": "", "2012-12-31": -7.308, "2012-09-30": -69.125, "2012-06-30": -46.998, "2012-03-31": "3.42800", "2011-12-31": 185.854, "2011-09-30": -117.949, "2011-06-30": -35.856, "2011-03-31": "-10.08600", "2010-12-31": -138.704, "2010-09-30": -86.69, "2010-06-30": -134.648, "2010-03-31": "-93.23500", "2009-12-31": -112.516, "2009-09-30": 1.194, "2009-06-30": 0.475, "2009-03-31": "-30.87100", "2008-12-31": -16.523, "2008-09-30": -43.248, "2008-06-30": -188.307, "2008-03-31": "-290.40000", "2007-12-31": -90.81, "2007-09-30": -290.037, "2007-06-30": -90.704, "2007-03-31": "8.43300", "2006-12-31": 5.945, "2006-09-30": 3.182, "2006-06-30": -41.389, "2006-03-31": "6.60500", "2005-12-31": -32.117, "2005-09-30": 4.524, "2005-06-30": 1.7, "2005-03-31": "3.39000"}, "Net Total Equity Issued/Repurchased": {"2020-12-31": 311.859, "2020-09-30": -12.957, "2020-06-30": -92.96, "2020-03-31": "-205.94200", "2019-12-31": -18.225, "2019-09-30": 0, "2019-06-30": 0, "2019-03-31": "", "2018-12-31": -17.951, "2018-09-30": 0, "2018-06-30": 0, "2018-03-31": "-6.79900", "2017-12-31": -19.429, "2017-09-30": -28.378, "2017-06-30": 0, "2017-03-31": "", "2016-12-31": -32.522, "2016-09-30": -62.446, "2016-06-30": 0, "2016-03-31": "-37.42400", "2015-12-31": 0, "2015-09-30": -5.52, "2015-06-30": -126.919, "2015-03-31": "-91.21300", "2014-12-31": -2.23, "2014-09-30": -39.502, "2014-06-30": -4.533, "2014-03-31": "-192.66800", "2013-12-31": -127.05, "2013-09-30": -8.059, "2013-06-30": -31.311, "2013-03-31": "", "2012-12-31": -7.308, "2012-09-30": -69.125, "2012-06-30": -46.998, "2012-03-31": "3.42800", "2011-12-31": -1.309, "2011-09-30": -117.949, "2011-06-30": -35.856, "2011-03-31": "-10.08600", "2010-12-31": -138.704, "2010-09-30": -86.69, "2010-06-30": -134.648, "2010-03-31": "-93.23500", "2009-12-31": -112.516, "2009-09-30": 1.194, "2009-06-30": 0.475, "2009-03-31": "-30.87100", "2008-12-31": -16.523, "2008-09-30": -43.248, "2008-06-30": -188.307, "2008-03-31": "-290.40000", "2007-12-31": -90.81, "2007-09-30": -290.037, "2007-06-30": -90.704, "2007-03-31": "8.43300", "2006-12-31": 5.945, "2006-09-30": 3.182, "2006-06-30": -41.389, "2006-03-31": "6.60500", "2005-12-31": -32.117, "2005-09-30": 4.524, "2005-06-30": 1.7, "2005-03-31": "3.39000"}, "Total Common And Preferred Stock Dividends Paid": {"2020-12-31": 62.822, "2020-09-30": -21.402, "2020-06-30": -21.351, "2020-03-31": "-20.06900", "2019-12-31": -178.156, "2019-09-30": -111.733, "2019-06-30": -18.302, "2019-03-31": "", "2018-12-31": -158.82, "2018-09-30": -18.258, "2018-06-30": -60.857, "2018-03-31": "-17.01600", "2017-12-31": -94.828, "2017-09-30": -77.613, "2017-06-30": -15.758, "2017-03-31": "", "2016-12-31": -153.345, "2016-09-30": 0.001, "2016-06-30": -15.944, "2016-03-31": "-14.71100", "2015-12-31": -14.795, "2015-09-30": -14.792, "2015-06-30": -14.698, "2015-03-31": "-13.74900", "2014-12-31": -140.707, "2014-09-30": -13.957, "2014-06-30": -14.05, "2014-03-31": "-12.77500", "2013-12-31": -13.381, "2013-09-30": -27.093, "2013-06-30": -12.243, "2013-03-31": "", "2012-12-31": -148.217, "2012-09-30": -24.688, "2012-06-30": -11.042, "2012-03-31": "", "2011-12-31": -10.981, "2011-09-30": -10.999, "2011-06-30": -11.362, "2011-03-31": "-9.91100", "2010-12-31": -18.401, "2010-09-30": -1.751, "2010-06-30": -10.449, "2010-03-31": "-18.74700", "2009-12-31": 0, "2009-09-30": -9.643, "2009-06-30": -9.602, "2009-03-31": "-9.59800", "2008-12-31": -9.081, "2008-09-30": -20.25, "2008-06-30": -0.036, "2008-03-31": "-17.61100", "2007-12-31": -9.18, "2007-09-30": -9.738, "2007-06-30": -9.697, "2007-03-31": "-7.66900", "2006-12-31": -7.661, "2006-09-30": -0.001, "2006-06-30": -15.396, "2006-03-31": "-6.37200", "2005-12-31": -6.368, "2005-09-30": -0.001, "2005-06-30": -12.686, "2005-03-31": ""}, "Financial Activities - Other": {"2020-12-31": 18.465, "2020-09-30": -14.325, "2020-06-30": -3.936, "2020-03-31": "-0.20400", "2019-12-31": -0.641, "2019-09-30": -15.202, "2019-06-30": -4.572, "2019-03-31": "-0.97600", "2018-12-31": -13.502, "2018-09-30": -2.475, "2018-06-30": -1.219, "2018-03-31": "-0.54400", "2017-12-31": -2.208, "2017-09-30": -2.575, "2017-06-30": 0.021, "2017-03-31": "-1.28100", "2016-12-31": -2.447, "2016-09-30": -0.45, "2016-06-30": -4.084, "2016-03-31": "3.15800", "2015-12-31": 1.743, "2015-09-30": -3.254, "2015-06-30": 1.096, "2015-03-31": "-1.18700", "2014-12-31": -0.576, "2014-09-30": -0.452, "2014-06-30": -0.312, "2014-03-31": "1.67700", "2013-12-31": 0.101, "2013-09-30": 0.068, "2013-06-30": -0.365, "2013-03-31": "7.63800", "2012-12-31": 16.052, "2012-09-30": -3.701, "2012-06-30": 9.054, "2012-03-31": "10.44600", "2011-12-31": -2.266, "2011-09-30": -5.819, "2011-06-30": 6.932, "2011-03-31": "15.70300", "2010-12-31": -2.559, "2010-09-30": -0.004, "2010-06-30": -0.204, "2010-03-31": "-0.02800", "2009-12-31": 21.598, "2009-09-30": 0.014, "2009-06-30": 0, "2009-03-31": "-0.09000", "2008-12-31": 0.091, "2008-09-30": -0.357, "2008-06-30": 0.282, "2008-03-31": "0.15200", "2007-12-31": 0.271, "2007-09-30": 3.461, "2007-06-30": -0.003, "2007-03-31": "-0.02700", "2006-12-31": 6.691, "2006-09-30": 4.351, "2006-06-30": -8.27, "2006-03-31": "16.73800", "2005-12-31": 11.829, "2005-09-30": 3.805, "2005-06-30": 0.74, "2005-03-31": "-1.20200"}, "Cash Flow From Financial Activities": {"2020-12-31": -51.8, "2020-09-30": 98.975, "2020-06-30": 174.781, "2020-03-31": "-221.95600", "2019-12-31": 86.001, "2019-09-30": -575.344, "2019-06-30": -22.874, "2019-03-31": "-0.97600", "2018-12-31": -99.117, "2018-09-30": -22.666, "2018-06-30": -43.03, "2018-03-31": "157.41000", "2017-12-31": -107.714, "2017-09-30": -108.879, "2017-06-30": -15.737, "2017-03-31": "-2.75600", "2016-12-31": -191.313, "2016-09-30": -97.088, "2016-06-30": 254.074, "2016-03-31": "27.39500", "2015-12-31": -7.769, "2015-09-30": -28.84, "2015-06-30": -409.32, "2015-03-31": "-109.38900", "2014-12-31": -222.781, "2014-09-30": 370.681, "2014-06-30": -13.782, "2014-03-31": "-203.89100", "2013-12-31": -144.72, "2013-09-30": -34.887, "2013-06-30": 47.987, "2013-03-31": "-198.64200", "2012-12-31": -145.823, "2012-09-30": -85.917, "2012-06-30": -37.573, "2012-03-31": "366.50500", "2011-12-31": -16.175, "2011-09-30": -135.082, "2011-06-30": -35.99, "2011-03-31": "-7.96600", "2010-12-31": -154.145, "2010-09-30": 60.941, "2010-06-30": -149.122, "2010-03-31": "-116.74900", "2009-12-31": -106.087, "2009-09-30": 317.181, "2009-06-30": -5.12, "2009-03-31": "-32.58900", "2008-12-31": -26.139, "2008-09-30": -53.721, "2008-06-30": -269.089, "2008-03-31": "-314.34200", "2007-12-31": -102.257, "2007-09-30": -303.13, "2007-06-30": -93.101, "2007-03-31": "254.33000", "2006-12-31": -204.776, "2006-09-30": 8.352, "2006-06-30": -55.288, "2006-03-31": "-91.02900", "2005-12-31": -24.163, "2005-09-30": 250.994, "2005-06-30": 151.597, "2005-03-31": "11.43500"}, "Net Cash Flow": {"2020-12-31": -1547.737, "2020-09-30": 140.621, "2020-06-30": 1465.814, "2020-03-31": "-58.69800", "2019-12-31": 211.16, "2019-09-30": -445.624, "2019-06-30": 320.746, "2019-03-31": "119.82600", "2018-12-31": -1.764, "2018-09-30": -91.836, "2018-06-30": -45.401, "2018-03-31": "6.13200", "2017-12-31": 176.474, "2017-09-30": -14.357, "2017-06-30": 179.961, "2017-03-31": "-186.89200", "2016-12-31": -77.779, "2016-09-30": -75.646, "2016-06-30": 111.195, "2016-03-31": "73.88400", "2015-12-31": -116.303, "2015-09-30": 123.566, "2015-06-30": 141.673, "2015-03-31": "-59.74600", "2014-12-31": -667.844, "2014-09-30": 499.614, "2014-06-30": 199.096, "2014-03-31": "-196.16300", "2013-12-31": -126.588, "2013-09-30": 307.487, "2013-06-30": -286.653, "2013-03-31": "39.82200", "2012-12-31": -283.894, "2012-09-30": 177.344, "2012-06-30": -70.187, "2012-03-31": "170.66500", "2011-12-31": 45.612, "2011-09-30": 71.249, "2011-06-30": 164.73, "2011-03-31": "-12.80100", "2010-12-31": -279.246, "2010-09-30": 140.735, "2010-06-30": 340.416, "2010-03-31": "-74.38300", "2009-12-31": -220.962, "2009-09-30": -35.119, "2009-06-30": -54.556, "2009-03-31": "-308.76800", "2008-12-31": 130.96, "2008-09-30": 389.175, "2008-06-30": -103.373, "2008-03-31": "-233.79000", "2007-12-31": 360.584, "2007-09-30": -210.714, "2007-06-30": 88.504, "2007-03-31": "-40.75800", "2006-12-31": 95.337, "2006-09-30": -124.492, "2006-06-30": 146.553, "2006-03-31": "-36.09200", "2005-12-31": -306.331, "2005-09-30": 271.317, "2005-06-30": 0.338, "2005-03-31": "-224.46200"}, "Stock-Based Compensation": {"2020-12-31": -37.842, "2020-09-30": 12.111, "2020-06-30": 14.048, "2020-03-31": "11.68300", "2019-12-31": 10.834, "2019-09-30": 11.1, "2019-06-30": 12.512, "2019-03-31": "14.82800", "2018-12-31": 8.063, "2018-09-30": 8.806, "2018-06-30": 10.288, "2018-03-31": "9.43400", "2017-12-31": 8.607, "2017-09-30": 9.375, "2017-06-30": 11.728, "2017-03-31": "10.78000", "2016-12-31": 10.141, "2016-09-30": 9.157, "2016-06-30": 9.11, "2016-03-31": "8.76600", "2015-12-31": 8.071, "2015-09-30": 9.079, "2015-06-30": 6.802, "2015-03-31": "8.17100", "2014-12-31": 6.519, "2014-09-30": 7.934, "2014-06-30": 7.428, "2014-03-31": "6.18700", "2013-12-31": 5.621, "2013-09-30": 5.768, "2013-06-30": 7.406, "2013-03-31": "4.98900", "2012-12-31": 5.693, "2012-09-30": 5.243, "2012-06-30": 8.38, "2012-03-31": "7.44700", "2011-12-31": 7.448, "2011-09-30": 6.701, "2011-06-30": 6.558, "2011-03-31": "6.46800", "2010-12-31": 7.05, "2010-09-30": 7.99, "2010-06-30": 6.988, "2010-03-31": "5.37900", "2009-12-31": 5.756, "2009-09-30": 6.045, "2009-06-30": 6.52, "2009-03-31": "6.14400", "2008-12-31": 5.949, "2008-09-30": 4.794, "2008-06-30": 7.829, "2008-03-31": "5.56700", "2007-12-31": 5.684, "2007-09-30": 5.281, "2007-06-30": 5.387, "2007-03-31": "4.75300", "2006-12-31": 4.957, "2006-09-30": 4.242, "2006-06-30": 4.704, "2006-03-31": "3.98500", "2005-12-31": 2.491, "2005-09-30": 2.047, "2005-06-30": 2.222, "2005-03-31": "2.09200"}, "Common Stock Dividends Paid": {"2020-12-31": 62.822, "2020-09-30": -21.402, "2020-06-30": -21.351, "2020-03-31": "-20.06900", "2019-12-31": -178.156, "2019-09-30": -111.733, "2019-06-30": -18.302, "2019-03-31": "0.00000", "2018-12-31": -158.82, "2018-09-30": -18.258, "2018-06-30": -60.857, "2018-03-31": "-17.01600", "2017-12-31": -94.828, "2017-09-30": -77.613, "2017-06-30": -15.758, "2017-03-31": "0.00000", "2016-12-31": -153.345, "2016-09-30": 0.001, "2016-06-30": -15.944, "2016-03-31": "-14.71100", "2015-12-31": -14.795, "2015-09-30": -14.792, "2015-06-30": -14.698, "2015-03-31": "-13.74900", "2014-12-31": -140.707, "2014-09-30": -13.957, "2014-06-30": -14.05, "2014-03-31": "-12.77500", "2013-12-31": -13.381, "2013-09-30": -27.093, "2013-06-30": -12.243, "2013-03-31": "0.00000", "2012-12-31": -148.217, "2012-09-30": -24.688, "2012-06-30": -11.042, "2012-03-31": "", "2011-12-31": -10.981, "2011-09-30": -10.999, "2011-06-30": -11.362, "2011-03-31": "-9.91100", "2010-12-31": -18.401, "2010-09-30": -1.751, "2010-06-30": -10.449, "2010-03-31": "-18.74700", "2009-12-31": 0, "2009-09-30": -9.643, "2009-06-30": -9.602, "2009-03-31": "-9.59800", "2008-12-31": -9.081, "2008-09-30": -20.25, "2008-06-30": -0.036, "2008-03-31": "-17.61100", "2007-12-31": -9.18, "2007-09-30": -9.738, "2007-06-30": -9.697, "2007-03-31": "-7.66900", "2006-12-31": -7.661, "2006-09-30": -0.001, "2006-06-30": -15.396, "2006-03-31": "-6.37200", "2005-12-31": -6.368, "2005-09-30": -0.001, "2005-06-30": -12.686, "2005-03-31": ""}}, "financial ratios": {"Current Ratio": {"2019-12-31": "", "2018-12-31": "", "2017-12-31": "", "2016-12-31": "", "2015-12-31": "", "2014-12-31": "", "2013-12-31": "", "2012-12-31": "", "2011-12-31": "", "2010-12-31": "", "2009-12-31": "", "2008-12-31": "", "2007-12-31": "", "2006-12-31": "", "2005-12-31": ""}, "Long-term Debt / Capital": {"2019-12-31": "0.30030", "2018-12-31": "0.33730", "2017-12-31": "0.31420", "2016-12-31": "0.32870", "2015-12-31": "0.32050", "2014-12-31": "0.34680", "2013-12-31": "0.31750", "2012-12-31": "0.32790", "2011-12-31": "0.30560", "2010-12-31": "0.31970", "2009-12-31": "0.30690", "2008-12-31": "0.29410", "2007-12-31": "0.27620", "2006-12-31": "0.24990", "2005-12-31": "0.35590"}, "Debt/Equity Ratio": {"2019-12-31": "0.42920", "2018-12-31": "0.50910", "2017-12-31": "0.45810", "2016-12-31": "0.48970", "2015-12-31": "0.47160", "2014-12-31": "0.53100", "2013-12-31": "0.46510", "2012-12-31": "0.48780", "2011-12-31": "0.44020", "2010-12-31": "0.46990", "2009-12-31": "0.44290", "2008-12-31": "0.41660", "2007-12-31": "0.38170", "2006-12-31": "0.33320", "2005-12-31": "0.55260"}, "Gross Margin": {"2019-12-31": "", "2018-12-31": "", "2017-12-31": "", "2016-12-31": "", "2015-12-31": "", "2014-12-31": "", "2013-12-31": "", "2012-12-31": "", "2011-12-31": "", "2010-12-31": "", "2009-12-31": "", "2008-12-31": "", "2007-12-31": "", "2006-12-31": "", "2005-12-31": ""}, "Operating Margin": {"2019-12-31": "12.73480", "2018-12-31": "12.60170", "2017-12-31": "11.97260", "2016-12-31": "13.55250", "2015-12-31": "11.97500", "2014-12-31": "15.15470", "2013-12-31": "12.82770", "2012-12-31": "14.22210", "2011-12-31": "12.13340", "2010-12-31": "14.94220", "2009-12-31": "10.61160", "2008-12-31": "8.72720", "2007-12-31": "21.14000", "2006-12-31": "20.04080", "2005-12-31": "17.14010"}, "EBIT Margin": {"2019-12-31": "12.73480", "2018-12-31": "12.60170", "2017-12-31": "11.97260", "2016-12-31": "13.55250", "2015-12-31": "11.97500", "2014-12-31": "15.15470", "2013-12-31": "12.82770", "2012-12-31": "14.22210", "2011-12-31": "12.13340", "2010-12-31": "14.94220", "2009-12-31": "10.61160", "2008-12-31": "8.72720", "2007-12-31": "21.14000", "2006-12-31": "20.04080", "2005-12-31": "17.14010"}, "EBITDA Margin": {"2019-12-31": "14.16970", "2018-12-31": "14.30630", "2017-12-31": "13.44250", "2016-12-31": "14.67680", "2015-12-31": "13.15650", "2014-12-31": "16.40090", "2013-12-31": "14.43630", "2012-12-31": "15.99790", "2011-12-31": "13.84040", "2010-12-31": "16.69630", "2009-12-31": "12.39160", "2008-12-31": "10.51010", "2007-12-31": "22.45880", "2006-12-31": "21.25810", "2005-12-31": "18.40190"}, "Pre-Tax Profit Margin": {"2019-12-31": "10.79350", "2018-12-31": "10.55810", "2017-12-31": "10.05590", "2016-12-31": "11.71170", "2015-12-31": "10.15800", "2014-12-31": "13.35680", "2013-12-31": "10.90560", "2012-12-31": "12.05330", "2011-12-31": "9.95130", "2010-12-31": "12.67780", "2009-12-31": "8.62590", "2008-12-31": "6.93000", "2007-12-31": "19.54750", "2006-12-31": "18.32580", "2005-12-31": "15.42050"}, "Net Profit Margin": {"2019-12-31": "8.62980", "2018-12-31": "8.33040", "2017-12-31": "7.14520", "2016-12-31": "7.86390", "2015-12-31": "6.98950", "2014-12-31": "9.10210", "2013-12-31": "7.80090", "2012-12-31": "8.76770", "2011-12-31": "7.58750", "2010-12-31": "9.44960", "2009-12-31": "6.97460", "2008-12-31": "5.97050", "2007-12-31": "13.71130", "2006-12-31": "12.96650", "2005-12-31": "10.90470"}, "Asset Turnover": {"2019-12-31": "0.29660", "2018-12-31": "0.30900", "2017-12-31": "0.31620", "2016-12-31": "0.32760", "2015-12-31": "0.33160", "2014-12-31": "0.32830", "2013-12-31": "0.31180", "2012-12-31": "0.28890", "2011-12-31": "0.28020", "2010-12-31": "0.26950", "2009-12-31": "0.25570", "2008-12-31": "0.29210", "2007-12-31": "0.33220", "2006-12-31": "0.34460", "2005-12-31": "0.35960"}, "Inventory Turnover Ratio": {"2019-12-31": "", "2018-12-31": "", "2017-12-31": "", "2016-12-31": "", "2015-12-31": "", "2014-12-31": "", "2013-12-31": "", "2012-12-31": "", "2011-12-31": "", "2010-12-31": "", "2009-12-31": "", "2008-12-31": "", "2007-12-31": "", "2006-12-31": "", "2005-12-31": ""}, "Receiveable Turnover": {"2019-12-31": "", "2018-12-31": "", "2017-12-31": "", "2016-12-31": "", "2015-12-31": "", "2014-12-31": "", "2013-12-31": "", "2012-12-31": "", "2011-12-31": "", "2010-12-31": "", "2009-12-31": "", "2008-12-31": "", "2007-12-31": "", "2006-12-31": "", "2005-12-31": ""}, "Days Sales In Receivables": {"2019-12-31": "", "2018-12-31": "", "2017-12-31": "", "2016-12-31": "", "2015-12-31": "", "2014-12-31": "", "2013-12-31": "", "2012-12-31": "", "2011-12-31": "", "2010-12-31": "", "2009-12-31": "", "2008-12-31": "", "2007-12-31": "", "2006-12-31": "", "2005-12-31": ""}, "ROE - Return On Equity": {"2019-12-31": "11.17930", "2018-12-31": "11.84470", "2017-12-31": "10.15080", "2016-12-31": "11.87700", "2015-12-31": "10.88030", "2014-12-31": "14.04810", "2013-12-31": "11.56460", "2012-12-31": "11.77830", "2011-12-31": "9.87510", "2010-12-31": "12.04050", "2009-12-31": "8.58090", "2008-12-31": "9.22120", "2007-12-31": "21.32960", "2006-12-31": "20.97410", "2005-12-31": "21.22620"}, "Return On Tangible Equity": {"2019-12-31": "11.49810", "2018-12-31": "12.23090", "2017-12-31": "10.49530", "2016-12-31": "12.22470", "2015-12-31": "11.25260", "2014-12-31": "14.52210", "2013-12-31": "11.86360", "2012-12-31": "12.02190", "2011-12-31": "10.09910", "2010-12-31": "12.34180", "2009-12-31": "8.80230", "2008-12-31": "9.55810", "2007-12-31": "21.95590", "2006-12-31": "21.41030", "2005-12-31": "21.80340"}, "ROA - Return On Assets": {"2019-12-31": "2.56720", "2018-12-31": "2.60710", "2017-12-31": "2.27710", "2016-12-31": "2.58290", "2015-12-31": "2.31980", "2014-12-31": "2.99130", "2013-12-31": "2.45870", "2012-12-31": "2.53350", "2011-12-31": "2.12530", "2010-12-31": "2.54830", "2009-12-31": "1.78360", "2008-12-31": "1.74560", "2007-12-31": "4.55550", "2006-12-31": "4.46790", "2005-12-31": "3.92110"}, "ROI - Return On Investment": {"2019-12-31": "7.82180", "2018-12-31": "7.84910", "2017-12-31": "6.96160", "2016-12-31": "7.97270", "2015-12-31": "7.39360", "2014-12-31": "9.17550", "2013-12-31": "7.89330", "2012-12-31": "7.91670", "2011-12-31": "6.85690", "2010-12-31": "8.19140", "2009-12-31": "5.94700", "2008-12-31": "6.50920", "2007-12-31": "15.43740", "2006-12-31": "15.73260", "2005-12-31": "13.67180"}, "Book Value Per Share": {"2019-12-31": "33.35850", "2018-12-31": "29.94520", "2017-12-31": "29.90670", "2016-12-31": "27.95040", "2015-12-31": "25.04950", "2014-12-31": "24.32170", "2013-12-31": "22.02880", "2012-12-31": "21.24950", "2011-12-31": "19.20150", "2010-12-31": "17.53950", "2009-12-31": "15.33870", "2008-12-31": "12.59980", "2007-12-31": "13.28140", "2006-12-31": "11.53400", "2005-12-31": "8.94780"}, "Operating Cash Flow Per Share": {"2019-12-31": 2.6656, "2018-12-31": -0.4341, "2017-12-31": -0.7353, "2016-12-31": -0.1133, "2015-12-31": 0.8474, "2014-12-31": -0.2177, "2013-12-31": 0.7411, "2012-12-31": 0.0746, "2011-12-31": 1.1274, "2010-12-31": 0.6752, "2009-12-31": -4.7039, "2008-12-31": 1.0547, "2007-12-31": -0.2558, "2006-12-31": -0.599, "2005-12-31": 5.7689}, "Free Cash Flow Per Share": {"2019-12-31": 4.5347, "2018-12-31": -1.5581, "2017-12-31": -0.7336, "2016-12-31": -0.4625, "2015-12-31": -1.0601, "2014-12-31": 1.0318, "2013-12-31": 1.3148, "2012-12-31": -0.6575, "2011-12-31": 0.6914, "2010-12-31": 0.5839, "2009-12-31": -4.5223, "2008-12-31": 0.8567, "2007-12-31": -0.2207, "2006-12-31": -0.6313, "2005-12-31": 5.6606}}, "financial ratios, quarterly": {"Current Ratio": {"2020-09-30": "", "2020-06-30": "", "2020-03-31": "", "2019-12-31": "", "2019-09-30": "", "2019-06-30": "", "2019-03-31": "", "2018-12-31": "", "2018-09-30": "", "2018-06-30": "", "2018-03-31": "", "2017-12-31": "", "2017-09-30": "", "2017-06-30": "", "2017-03-31": "", "2016-12-31": "", "2016-09-30": "", "2016-06-30": "", "2016-03-31": "", "2015-12-31": "", "2015-09-30": "", "2015-06-30": "", "2015-03-31": "", "2014-12-31": "", "2014-09-30": "", "2014-06-30": "", "2014-03-31": "", "2013-12-31": "", "2013-09-30": "", "2013-06-30": "", "2013-03-31": "", "2012-12-31": "", "2012-09-30": "", "2012-06-30": "", "2012-03-31": "", "2011-12-31": "", "2011-09-30": "", "2011-06-30": "", "2011-03-31": "", "2010-12-31": "", "2010-09-30": "", "2010-06-30": "", "2010-03-31": "", "2009-12-31": "", "2009-09-30": "", "2009-06-30": "", "2009-03-31": "", "2008-12-31": "", "2008-09-30": "", "2008-06-30": "", "2008-03-31": "", "2007-12-31": "", "2007-09-30": "", "2007-06-30": "", "2007-03-31": "", "2006-12-31": "", "2006-09-30": "", "2006-06-30": "", "2006-03-31": "", "2005-12-31": "", "2005-09-30": "", "2005-06-30": "", "2005-03-31": ""}, "Long-term Debt / Capital": {"2020-09-30": "0.33720", "2020-06-30": "0.33350", "2020-03-31": "0.32210", "2019-12-31": "0.30030", "2019-09-30": "0.27750", "2019-06-30": "0.31600", "2019-03-31": "0.32410", "2018-12-31": "0.33730", "2018-09-30": "0.32990", "2018-06-30": "0.33060", "2018-03-31": "0.32790", "2017-12-31": "0.31420", "2017-09-30": "0.31260", "2017-06-30": "0.31830", "2017-03-31": "0.32280", "2016-12-31": "0.32870", "2016-09-30": "0.33410", "2016-06-30": "0.33920", "2016-03-31": "0.32080", "2015-12-31": "0.32050", "2015-09-30": "0.32070", "2015-06-30": "0.32500", "2015-03-31": "0.34710", "2014-12-31": "0.34680", "2014-09-30": "0.34170", "2014-06-30": "0.30440", "2014-03-31": "0.31540", "2013-12-31": "0.31750", "2013-09-30": "0.31660", "2013-06-30": "0.32300", "2013-03-31": "0.30510", "2012-12-31": "0.32790", "2012-09-30": "0.32850", "2012-06-30": "0.33330", "2012-03-31": "0.33640", "2011-12-31": "0.30560", "2011-09-30": "0.31080", "2011-06-30": "0.30800", "2011-03-31": "0.31410", "2010-12-31": "0.31970", "2010-09-30": "0.31180", "2010-06-30": "0.30060", "2010-03-31": "0.30310", "2009-12-31": "0.30690", "2009-09-30": "0.30590", "2009-06-30": "0.27850", "2009-03-31": "0.29220", "2008-12-31": "0.29410", "2008-09-30": "0.29470", "2008-06-30": "0.27950", "2008-03-31": "0.28280", "2007-12-31": "0.27620", "2007-09-30": "0.27940", "2007-06-30": "0.27630", "2007-03-31": "0.27820", "2006-12-31": "0.24990", "2006-09-30": "0.29890", "2006-06-30": "0.32030", "2006-03-31": "0.32750", "2005-12-31": "0.35590", "2005-09-30": "0.36900", "2005-06-30": "0.33230", "2005-03-31": "0.31930"}, "Debt/Equity Ratio": {"2020-09-30": "0.50880", "2020-06-30": "0.50030", "2020-03-31": "0.47510", "2019-12-31": "0.42920", "2019-09-30": "0.38410", "2019-06-30": "0.46210", "2019-03-31": "0.47950", "2018-12-31": "0.50910", "2018-09-30": "0.49240", "2018-06-30": "0.49380", "2018-03-31": "0.48790", "2017-12-31": "0.45810", "2017-09-30": "0.45480", "2017-06-30": "0.46700", "2017-03-31": "0.47660", "2016-12-31": "0.48970", "2016-09-30": "0.50180", "2016-06-30": "0.51340", "2016-03-31": "0.47230", "2015-12-31": "0.47160", "2015-09-30": "0.47200", "2015-06-30": "0.48150", "2015-03-31": "0.53170", "2014-12-31": "0.53100", "2014-09-30": "0.51900", "2014-06-30": "0.43760", "2014-03-31": "0.46080", "2013-12-31": "0.46510", "2013-09-30": "0.46330", "2013-06-30": "0.47720", "2013-03-31": "0.43910", "2012-12-31": "0.48780", "2012-09-30": "0.48930", "2012-06-30": "0.50000", "2012-03-31": "0.50700", "2011-12-31": "0.44020", "2011-09-30": "0.45090", "2011-06-30": "0.44510", "2011-03-31": "0.45800", "2010-12-31": "0.46990", "2010-09-30": "0.45300", "2010-06-30": "0.42980", "2010-03-31": "0.43490", "2009-12-31": "0.44290", "2009-09-30": "0.44060", "2009-06-30": "0.38610", "2009-03-31": "0.41290", "2008-12-31": "0.41660", "2008-09-30": "0.41790", "2008-06-30": "0.38790", "2008-03-31": "0.39430", "2007-12-31": "0.38170", "2007-09-30": "0.38780", "2007-06-30": "0.38190", "2007-03-31": "0.38550", "2006-12-31": "0.33320", "2006-09-30": "0.42630", "2006-06-30": "0.47120", "2006-03-31": "0.48710", "2005-12-31": "0.55260", "2005-09-30": "0.58470", "2005-06-30": "0.49780", "2005-03-31": "0.46920"}, "Gross Margin": {"2020-09-30": "", "2020-06-30": "", "2020-03-31": "", "2019-12-31": "", "2019-09-30": "", "2019-06-30": "", "2019-03-31": "", "2018-12-31": "", "2018-09-30": "", "2018-06-30": "", "2018-03-31": "", "2017-12-31": "", "2017-09-30": "", "2017-06-30": "", "2017-03-31": "", "2016-12-31": "", "2016-09-30": "", "2016-06-30": "", "2016-03-31": "", "2015-12-31": "", "2015-09-30": "", "2015-06-30": "", "2015-03-31": "", "2014-12-31": "", "2014-09-30": "", "2014-06-30": "", "2014-03-31": "", "2013-12-31": "", "2013-09-30": "", "2013-06-30": "", "2013-03-31": "", "2012-12-31": "", "2012-09-30": "", "2012-06-30": "", "2012-03-31": "", "2011-12-31": "", "2011-09-30": "", "2011-06-30": "", "2011-03-31": "", "2010-12-31": "", "2010-09-30": "", "2010-06-30": "", "2010-03-31": "", "2009-12-31": "", "2009-09-30": "", "2009-06-30": "", "2009-03-31": "", "2008-12-31": "", "2008-09-30": "", "2008-06-30": "", "2008-03-31": "", "2007-12-31": "", "2007-09-30": "", "2007-06-30": "", "2007-03-31": "", "2006-12-31": "", "2006-09-30": "", "2006-06-30": "", "2006-03-31": "", "2005-12-31": "", "2005-09-30": "", "2005-06-30": "", "2005-03-31": ""}, "Operating Margin": {"2020-09-30": "12.06880", "2020-06-30": "7.42870", "2020-03-31": "1.67160", "2019-12-31": "9.12200", "2019-09-30": "12.28340", "2019-06-30": "15.54100", "2019-03-31": "13.94720", "2018-12-31": "10.41280", "2018-09-30": "12.85260", "2018-06-30": "14.07430", "2018-03-31": "13.11550", "2017-12-31": "12.31440", "2017-09-30": "12.94390", "2017-06-30": "10.70100", "2017-03-31": "11.82070", "2016-12-31": "13.63090", "2016-09-30": "18.25290", "2016-06-30": "10.40280", "2016-03-31": "11.44860", "2015-12-31": "10.37750", "2015-09-30": "14.00150", "2015-06-30": "11.80140", "2015-03-31": "11.65000", "2014-12-31": "11.05720", "2014-09-30": "16.91740", "2014-06-30": "16.34760", "2014-03-31": "16.28180", "2013-12-31": "12.50890", "2013-09-30": "13.98810", "2013-06-30": "12.08900", "2013-03-31": "12.69830", "2012-12-31": "16.47670", "2012-09-30": "11.70050", "2012-06-30": "12.77460", "2012-03-31": "15.67590", "2011-12-31": "12.90440", "2011-09-30": "9.70630", "2011-06-30": "10.79190", "2011-03-31": "15.17490", "2010-12-31": "16.19250", "2010-09-30": "12.58600", "2010-06-30": "14.77440", "2010-03-31": "16.17910", "2009-12-31": "17.97770", "2009-09-30": "12.96950", "2009-06-30": "12.59860", "2009-03-31": "-3.54130", "2008-12-31": "4.04020", "2008-09-30": "-3.46150", "2008-06-30": "9.74400", "2008-03-31": "20.87360", "2007-12-31": "22.24850", "2007-09-30": "19.91500", "2007-06-30": "21.14000", "2007-03-31": "21.23900", "2006-12-31": "22.41320", "2006-09-30": "19.60210", "2006-06-30": "18.94290", "2006-03-31": "19.17210", "2005-12-31": "19.53990", "2005-09-30": "15.01150", "2005-06-30": "17.27230", "2005-03-31": "16.55510"}, "EBIT Margin": {"2020-09-30": "12.06880", "2020-06-30": "7.42870", "2020-03-31": "1.67160", "2019-12-31": "9.12200", "2019-09-30": "12.28340", "2019-06-30": "15.54100", "2019-03-31": "13.94720", "2018-12-31": "10.41280", "2018-09-30": "12.85260", "2018-06-30": "14.07430", "2018-03-31": "13.11550", "2017-12-31": "12.31430", "2017-09-30": "12.94390", "2017-06-30": "10.70100", "2017-03-31": "11.82070", "2016-12-31": "13.63090", "2016-09-30": "18.25290", "2016-06-30": "10.40280", "2016-03-31": "11.44860", "2015-12-31": "10.37750", "2015-09-30": "14.00150", "2015-06-30": "11.80140", "2015-03-31": "11.65000", "2014-12-31": "11.05720", "2014-09-30": "16.91740", "2014-06-30": "16.34760", "2014-03-31": "16.28180", "2013-12-31": "12.50890", "2013-09-30": "13.98810", "2013-06-30": "12.08900", "2013-03-31": "12.69830", "2012-12-31": "16.47670", "2012-09-30": "11.70050", "2012-06-30": "12.77460", "2012-03-31": "15.67590", "2011-12-31": "12.90440", "2011-09-30": "9.70630", "2011-06-30": "10.79190", "2011-03-31": "15.17490", "2010-12-31": "16.19250", "2010-09-30": "12.58600", "2010-06-30": "14.77440", "2010-03-31": "16.17910", "2009-12-31": "17.97770", "2009-09-30": "12.96950", "2009-06-30": "12.59860", "2009-03-31": "-3.54130", "2008-12-31": "4.04020", "2008-09-30": "-3.46150", "2008-06-30": "9.74400", "2008-03-31": "20.87360", "2007-12-31": "22.24850", "2007-09-30": "19.91500", "2007-06-30": "21.14000", "2007-03-31": "21.23900", "2006-12-31": "22.41320", "2006-09-30": "19.60210", "2006-06-30": "18.94290", "2006-03-31": "19.17210", "2005-12-31": "19.53990", "2005-09-30": "15.01150", "2005-06-30": "17.27230", "2005-03-31": "16.55510"}, "EBITDA Margin": {"2020-09-30": "", "2020-06-30": "", "2020-03-31": "", "2019-12-31": "", "2019-09-30": "", "2019-06-30": "", "2019-03-31": "", "2018-12-31": "", "2018-09-30": "", "2018-06-30": "", "2018-03-31": "", "2017-12-31": "", "2017-09-30": "", "2017-06-30": "", "2017-03-31": "", "2016-12-31": "", "2016-09-30": "", "2016-06-30": "", "2016-03-31": "", "2015-12-31": "", "2015-09-30": "", "2015-06-30": "", "2015-03-31": "", "2014-12-31": "", "2014-09-30": "", "2014-06-30": "", "2014-03-31": "", "2013-12-31": "", "2013-09-30": "", "2013-06-30": "", "2013-03-31": "", "2012-12-31": "", "2012-09-30": "", "2012-06-30": "", "2012-03-31": "", "2011-12-31": "", "2011-09-30": "", "2011-06-30": "", "2011-03-31": "", "2010-12-31": "", "2010-09-30": "", "2010-06-30": "", "2010-03-31": "", "2009-12-31": "", "2009-09-30": "", "2009-06-30": "", "2009-03-31": "", "2008-12-31": "", "2008-09-30": "", "2008-06-30": "", "2008-03-31": "", "2007-12-31": "", "2007-09-30": "", "2007-06-30": "", "2007-03-31": "", "2006-12-31": "", "2006-09-30": "", "2006-06-30": "", "2006-03-31": "", "2005-12-31": "", "2005-09-30": "", "2005-06-30": "", "2005-03-31": ""}, "Pre-Tax Profit Margin": {"2020-09-30": "10.11920", "2020-06-30": "5.44670", "2020-03-31": "-0.35720", "2019-12-31": "7.42700", "2019-09-30": "10.32610", "2019-06-30": "13.52860", "2019-03-31": "11.84490", "2018-12-31": "8.33370", "2018-09-30": "10.79640", "2018-06-30": "11.99650", "2018-03-31": "11.15610", "2017-12-31": "10.40850", "2017-09-30": "11.13120", "2017-06-30": "8.70980", "2017-03-31": "9.85330", "2016-12-31": "11.76020", "2016-09-30": "16.41880", "2016-06-30": "8.53020", "2016-03-31": "9.66550", "2015-12-31": "8.62510", "2015-09-30": "12.30120", "2015-06-30": "9.95590", "2015-03-31": "9.67040", "2014-12-31": "9.11800", "2014-09-30": "15.12830", "2014-06-30": "14.66090", "2014-03-31": "14.50490", "2013-12-31": "10.71070", "2013-09-30": "12.13080", "2013-06-30": "10.10250", "2013-03-31": "10.63360", "2012-12-31": "14.45310", "2012-09-30": "9.41170", "2012-06-30": "10.48490", "2012-03-31": "13.58540", "2011-12-31": "10.84780", "2011-09-30": "7.51300", "2011-06-30": "8.57850", "2011-03-31": "12.89700", "2010-12-31": "13.90320", "2010-09-30": "10.31360", "2010-06-30": "12.53770", "2010-03-31": "13.92160", "2009-12-31": "15.77100", "2009-09-30": "11.06870", "2009-06-30": "10.84870", "2009-03-31": "-5.64010", "2008-12-31": "2.16480", "2008-09-30": "-5.37990", "2008-06-30": "7.95970", "2008-03-31": "19.21980", "2007-12-31": "20.65310", "2007-09-30": "18.30240", "2007-06-30": "19.50280", "2007-03-31": "19.71590", "2006-12-31": "20.76020", "2006-09-30": "17.90000", "2006-06-30": "17.22960", "2006-03-31": "17.37720", "2005-12-31": "17.68320", "2005-09-30": "13.15390", "2005-06-30": "15.69820", "2005-03-31": "14.99260"}, "Net Profit Margin": {"2020-09-30": "7.43590", "2020-06-30": "3.68070", "2020-03-31": "-0.24400", "2019-12-31": "6.03750", "2019-09-30": "8.40450", "2019-06-30": "10.71020", "2019-03-31": "9.32990", "2018-12-31": "6.78210", "2018-09-30": "8.35540", "2018-06-30": "9.42350", "2018-03-31": "8.79820", "2017-12-31": "7.98930", "2017-09-30": "7.97770", "2017-06-30": "5.89830", "2017-03-31": "6.60000", "2016-12-31": "7.75050", "2016-09-30": "10.92470", "2016-06-30": "5.87130", "2016-03-31": "6.61300", "2015-12-31": "6.05970", "2015-09-30": "8.20050", "2015-06-30": "6.87440", "2015-03-31": "6.78100", "2014-12-31": "6.20430", "2014-09-30": "10.24330", "2014-06-30": "10.01460", "2014-03-31": "9.94040", "2013-12-31": "7.68440", "2013-09-30": "8.38210", "2013-06-30": "7.38130", "2013-03-31": "7.73940", "2012-12-31": "10.28780", "2012-09-30": "7.10640", "2012-06-30": "7.68770", "2012-03-31": "9.81490", "2011-12-31": "8.53620", "2011-09-30": "5.97080", "2011-06-30": "6.46630", "2011-03-31": "9.36440", "2010-12-31": "10.06780", "2010-09-30": "7.96000", "2010-06-30": "9.47550", "2010-03-31": "10.28220", "2009-12-31": "11.41810", "2009-09-30": "8.60000", "2009-06-30": "8.43110", "2009-03-31": "-2.11140", "2008-12-31": "3.73790", "2008-09-30": "-2.64110", "2008-06-30": "6.69290", "2008-03-31": "13.70260", "2007-12-31": "14.40780", "2007-09-30": "12.81670", "2007-06-30": "13.74840", "2007-03-31": "13.86480", "2006-12-31": "14.55820", "2006-09-30": "12.73710", "2006-06-30": "12.18040", "2006-03-31": "12.36690", "2005-12-31": "12.45820", "2005-09-30": "9.63060", "2005-06-30": "10.98300", "2005-03-31": "10.42000"}, "Asset Turnover": {"2020-09-30": "0.07230", "2020-06-30": "0.07090", "2020-03-31": "0.06940", "2019-12-31": "0.07420", "2019-09-30": "0.07500", "2019-06-30": "0.07640", "2019-03-31": "0.07570", "2018-12-31": "0.07840", "2018-09-30": "0.07800", "2018-06-30": "0.07760", "2018-03-31": "0.07690", "2017-12-31": "0.07960", "2017-09-30": "0.08350", "2017-06-30": "0.07700", "2017-03-31": "0.07940", "2016-12-31": "0.08440", "2016-09-30": "0.08650", "2016-06-30": "0.08060", "2016-03-31": "0.08130", "2015-12-31": "0.08330", "2015-09-30": "0.08560", "2015-06-30": "0.08250", "2015-03-31": "0.07990", "2014-12-31": "0.08220", "2014-09-30": "0.08330", "2014-06-30": "0.08490", "2014-03-31": "0.08240", "2013-12-31": "0.08260", "2013-09-30": "0.07960", "2013-06-30": "0.07770", "2013-03-31": "0.07490", "2012-12-31": "0.07980", "2012-09-30": "0.07130", "2012-06-30": "0.07270", "2012-03-31": "0.07210", "2011-12-31": "0.07450", "2011-09-30": "0.06980", "2011-06-30": "0.06990", "2011-03-31": "0.06860", "2010-12-31": "0.07020", "2010-09-30": "0.06600", "2010-06-30": "0.06680", "2010-03-31": "0.06690", "2009-12-31": "0.06790", "2009-09-30": "0.06530", "2009-06-30": "0.06930", "2009-03-31": "0.05950", "2008-12-31": "0.06690", "2008-09-30": "0.06430", "2008-06-30": "0.07250", "2008-03-31": "0.08170", "2007-12-31": "0.08530", "2007-09-30": "0.08430", "2007-06-30": "0.08340", "2007-03-31": "0.08220", "2006-12-31": "0.08690", "2006-09-30": "0.08860", "2006-06-30": "0.09250", "2006-03-31": "0.09000", "2005-12-31": "0.09670", "2005-09-30": "0.09310", "2005-06-30": "0.09510", "2005-03-31": "0.09540"}, "Inventory Turnover Ratio": {"2020-09-30": "", "2020-06-30": "", "2020-03-31": "", "2019-12-31": "", "2019-09-30": "", "2019-06-30": "", "2019-03-31": "", "2018-12-31": "", "2018-09-30": "", "2018-06-30": "", "2018-03-31": "", "2017-12-31": "", "2017-09-30": "", "2017-06-30": "", "2017-03-31": "", "2016-12-31": "", "2016-09-30": "", "2016-06-30": "", "2016-03-31": "", "2015-12-31": "", "2015-09-30": "", "2015-06-30": "", "2015-03-31": "", "2014-12-31": "", "2014-09-30": "", "2014-06-30": "", "2014-03-31": "", "2013-12-31": "", "2013-09-30": "", "2013-06-30": "", "2013-03-31": "", "2012-12-31": "", "2012-09-30": "", "2012-06-30": "", "2012-03-31": "", "2011-12-31": "", "2011-09-30": "", "2011-06-30": "", "2011-03-31": "", "2010-12-31": "", "2010-09-30": "", "2010-06-30": "", "2010-03-31": "", "2009-12-31": "", "2009-09-30": "", "2009-06-30": "", "2009-03-31": "", "2008-12-31": "", "2008-09-30": "", "2008-06-30": "", "2008-03-31": "", "2007-12-31": "", "2007-09-30": "", "2007-06-30": "", "2007-03-31": "", "2006-12-31": "", "2006-09-30": "", "2006-06-30": "", "2006-03-31": "", "2005-12-31": "", "2005-09-30": "", "2005-06-30": "", "2005-03-31": ""}, "Receiveable Turnover": {"2020-09-30": "", "2020-06-30": "", "2020-03-31": "", "2019-12-31": "", "2019-09-30": "", "2019-06-30": "", "2019-03-31": "", "2018-12-31": "", "2018-09-30": "", "2018-06-30": "", "2018-03-31": "", "2017-12-31": "", "2017-09-30": "", "2017-06-30": "", "2017-03-31": "", "2016-12-31": "", "2016-09-30": "", "2016-06-30": "", "2016-03-31": "", "2015-12-31": "", "2015-09-30": "", "2015-06-30": "", "2015-03-31": "", "2014-12-31": "", "2014-09-30": "", "2014-06-30": "", "2014-03-31": "", "2013-12-31": "", "2013-09-30": "", "2013-06-30": "", "2013-03-31": "", "2012-12-31": "", "2012-09-30": "", "2012-06-30": "", "2012-03-31": "", "2011-12-31": "", "2011-09-30": "", "2011-06-30": "", "2011-03-31": "", "2010-12-31": "", "2010-09-30": "", "2010-06-30": "", "2010-03-31": "", "2009-12-31": "", "2009-09-30": "", "2009-06-30": "", "2009-03-31": "", "2008-12-31": "", "2008-09-30": "", "2008-06-30": "", "2008-03-31": "", "2007-12-31": "", "2007-09-30": "", "2007-06-30": "", "2007-03-31": "", "2006-12-31": "", "2006-09-30": "", "2006-06-30": "", "2006-03-31": "", "2005-12-31": "", "2005-09-30": "", "2005-06-30": "", "2005-03-31": ""}, "Days Sales In Receivables": {"2020-09-30": "", "2020-06-30": "", "2020-03-31": "", "2019-12-31": "", "2019-09-30": "", "2019-06-30": "", "2019-03-31": "", "2018-12-31": "", "2018-09-30": "", "2018-06-30": "", "2018-03-31": "", "2017-12-31": "", "2017-09-30": "", "2017-06-30": "", "2017-03-31": "", "2016-12-31": "", "2016-09-30": "", "2016-06-30": "", "2016-03-31": "", "2015-12-31": "", "2015-09-30": "", "2015-06-30": "", "2015-03-31": "", "2014-12-31": "", "2014-09-30": "", "2014-06-30": "", "2014-03-31": "", "2013-12-31": "", "2013-09-30": "", "2013-06-30": "", "2013-03-31": "", "2012-12-31": "", "2012-09-30": "", "2012-06-30": "", "2012-03-31": "", "2011-12-31": "", "2011-09-30": "", "2011-06-30": "", "2011-03-31": "", "2010-12-31": "", "2010-09-30": "", "2010-06-30": "", "2010-03-31": "", "2009-12-31": "", "2009-09-30": "", "2009-06-30": "", "2009-03-31": "", "2008-12-31": "", "2008-09-30": "", "2008-06-30": "", "2008-03-31": "", "2007-12-31": "", "2007-09-30": "", "2007-06-30": "", "2007-03-31": "", "2006-12-31": "", "2006-09-30": "", "2006-06-30": "", "2006-03-31": "", "2005-12-31": "", "2005-09-30": "", "2005-06-30": "", "2005-03-31": ""}, "ROE - Return On Equity": {"2020-09-30": "2.52280", "2020-06-30": "1.22590", "2020-03-31": "-0.06370", "2019-12-31": "1.95790", "2019-09-30": "2.70760", "2019-06-30": "3.61170", "2019-03-31": "3.12980", "2018-12-31": "2.48680", "2018-09-30": "3.00130", "2018-06-30": "3.30750", "2018-03-31": "3.05110", "2017-12-31": "2.86680", "2017-09-30": "2.97620", "2017-06-30": "2.05730", "2017-03-31": "2.38910", "2016-12-31": "3.02430", "2016-09-30": "4.44720", "2016-06-30": "2.20500", "2016-03-31": "2.51140", "2015-12-31": "2.37150", "2015-09-30": "3.30840", "2015-06-30": "2.71250", "2015-03-31": "2.56760", "2014-12-31": "2.39940", "2014-09-30": "3.98000", "2014-06-30": "3.87100", "2014-03-31": "3.84700", "2013-12-31": "3.09860", "2013-09-30": "3.14400", "2013-06-30": "2.69890", "2013-03-31": "2.64360", "2012-12-31": "3.81730", "2012-09-30": "2.33070", "2012-06-30": "2.58260", "2012-03-31": "3.27010", "2011-12-31": "2.95530", "2011-09-30": "1.97350", "2011-06-30": "2.09490", "2011-03-31": "3.04280", "2010-12-31": "3.34270", "2010-09-30": "2.44310", "2010-06-30": "2.98810", "2010-03-31": "3.25270", "2009-12-31": "3.72420", "2009-09-30": "2.70990", "2009-06-30": "2.95630", "2009-03-31": "-0.65860", "2008-12-31": "1.32400", "2008-09-30": "-0.91430", "2008-06-30": "2.44980", "2008-03-31": "5.46880", "2007-12-31": "5.75430", "2007-09-30": "5.13160", "2007-06-30": "5.33810", "2007-03-31": "5.32720", "2006-12-31": "5.93840", "2006-09-30": "5.62720", "2006-06-30": "5.90730", "2006-03-31": "5.97050", "2005-12-31": "6.52200", "2005-09-30": "5.05270", "2005-06-30": "5.67830", "2005-03-31": "5.57680"}, "Return On Tangible Equity": {"2020-09-30": "2.59570", "2020-06-30": "1.26250", "2020-03-31": "-0.06570", "2019-12-31": "2.01380", "2019-09-30": "2.78510", "2019-06-30": "3.71860", "2019-03-31": "3.22600", "2018-12-31": "2.56790", "2018-09-30": "3.09810", "2018-06-30": "3.41950", "2018-03-31": "3.15390", "2017-12-31": "2.96410", "2017-09-30": "3.07360", "2017-06-30": "2.11490", "2017-03-31": "2.45710", "2016-12-31": "3.11280", "2016-09-30": "4.57080", "2016-06-30": "2.27610", "2016-03-31": "2.59470", "2015-12-31": "2.45270", "2015-09-30": "3.42200", "2015-06-30": "2.80570", "2015-03-31": "2.65420", "2014-12-31": "2.48040", "2014-09-30": "4.06870", "2014-06-30": "3.95910", "2014-03-31": "3.94560", "2013-12-31": "3.17870", "2013-09-30": "3.22710", "2013-06-30": "2.77220", "2013-03-31": "2.70960", "2012-12-31": "3.89630", "2012-09-30": "2.37890", "2012-06-30": "2.63760", "2012-03-31": "3.34300", "2011-12-31": "3.02230", "2011-09-30": "2.02080", "2011-06-30": "2.14440", "2011-03-31": "3.11710", "2010-12-31": "3.42640", "2010-09-30": "2.51330", "2010-06-30": "3.07740", "2010-03-31": "3.35310", "2009-12-31": "3.82030", "2009-09-30": "2.79460", "2009-06-30": "3.05650", "2009-03-31": "-0.68210", "2008-12-31": "1.37230", "2008-09-30": "-0.94740", "2008-06-30": "2.53210", "2008-03-31": "5.64220", "2007-12-31": "5.92330", "2007-09-30": "5.28690", "2007-06-30": "5.44180", "2007-03-31": "5.44250", "2006-12-31": "6.06200", "2006-09-30": "5.74930", "2006-06-30": "6.04930", "2006-03-31": "6.11900", "2005-12-31": "6.69930", "2005-09-30": "5.19350", "2005-06-30": "5.84090", "2005-03-31": "5.73290"}, "ROA - Return On Assets": {"2020-09-30": "0.54010", "2020-06-30": "0.26230", "2020-03-31": "-0.01350", "2019-12-31": "0.44980", "2019-09-30": "0.62990", "2019-06-30": "0.82090", "2019-03-31": "0.70980", "2018-12-31": "0.54740", "2018-09-30": "0.66160", "2018-06-30": "0.73420", "2018-03-31": "0.68150", "2017-12-31": "0.64310", "2017-09-30": "0.66900", "2017-06-30": "0.45670", "2017-03-31": "0.52950", "2016-12-31": "0.65770", "2016-09-30": "0.94520", "2016-06-30": "0.47300", "2016-03-31": "0.54090", "2015-12-31": "0.50560", "2015-09-30": "0.70260", "2015-06-30": "0.56730", "2015-03-31": "0.54220", "2014-12-31": "0.51090", "2014-09-30": "0.85440", "2014-06-30": "0.85120", "2014-03-31": "0.81960", "2013-12-31": "0.65880", "2013-09-30": "0.67330", "2013-06-30": "0.56960", "2013-03-31": "0.57950", "2012-12-31": "0.82110", "2012-09-30": "0.50670", "2012-06-30": "0.55960", "2012-03-31": "0.70680", "2011-12-31": "0.63600", "2011-09-30": "0.41660", "2011-06-30": "0.45130", "2011-03-31": "0.64280", "2010-12-31": "0.70750", "2010-09-30": "0.52590", "2010-06-30": "0.63290", "2010-03-31": "0.68930", "2009-12-31": "0.77410", "2009-09-30": "0.56220", "2009-06-30": "0.58490", "2009-03-31": "-0.12530", "2008-12-31": "0.25060", "2008-09-30": "-0.16980", "2008-06-30": "0.48510", "2008-03-31": "1.12030", "2007-12-31": "1.22900", "2007-09-30": "1.08090", "2007-06-30": "1.14650", "2007-03-31": "1.13930", "2006-12-31": "1.26500", "2006-09-30": "1.12860", "2006-06-30": "1.12610", "2006-03-31": "1.11330", "2005-12-31": "1.20480", "2005-09-30": "0.89620", "2005-06-30": "1.04410", "2005-03-31": "0.99400"}, "ROI - Return On Investment": {"2020-09-30": "1.67210", "2020-06-30": "0.81710", "2020-03-31": "-0.04320", "2019-12-31": "1.36990", "2019-09-30": "1.95630", "2019-06-30": "2.47030", "2019-03-31": "2.11540", "2018-12-31": "1.64790", "2018-09-30": "2.01110", "2018-06-30": "2.21410", "2018-03-31": "2.05060", "2017-12-31": "1.96610", "2017-09-30": "2.04580", "2017-06-30": "1.40240", "2017-03-31": "1.61790", "2016-12-31": "2.03010", "2016-09-30": "2.96120", "2016-06-30": "1.45700", "2016-03-31": "1.70580", "2015-12-31": "1.61160", "2015-09-30": "2.24750", "2015-06-30": "1.83100", "2015-03-31": "1.67630", "2014-12-31": "1.56720", "2014-09-30": "2.62010", "2014-06-30": "2.69260", "2014-03-31": "2.63340", "2013-12-31": "2.11490", "2013-09-30": "2.14860", "2013-06-30": "1.82700", "2013-03-31": "1.83700", "2012-12-31": "2.56580", "2012-09-30": "1.56490", "2012-06-30": "1.72170", "2012-03-31": "2.17000", "2011-12-31": "2.05200", "2011-09-30": "1.36020", "2011-06-30": "1.44970", "2011-03-31": "2.08700", "2010-12-31": "2.27410", "2010-09-30": "1.68140", "2010-06-30": "2.08990", "2010-03-31": "2.26690", "2009-12-31": "2.58110", "2009-09-30": "1.88110", "2009-06-30": "2.13290", "2009-03-31": "-0.46610", "2008-12-31": "0.93460", "2008-09-30": "-0.64480", "2008-06-30": "1.76510", "2008-03-31": "3.92230", "2007-12-31": "4.16470", "2007-09-30": "3.69760", "2007-06-30": "3.86300", "2007-03-31": "3.84500", "2006-12-31": "4.45440", "2006-09-30": "3.94530", "2006-06-30": "4.01520", "2006-03-31": "4.01490", "2005-12-31": "4.20080", "2005-09-30": "3.18840", "2005-06-30": "3.79110", "2005-03-31": "3.79590"}, "Book Value Per Share": {"2020-09-30": "33.88920", "2020-06-30": "32.85200", "2020-03-31": "30.79200", "2019-12-31": "33.35850", "2019-09-30": "33.20800", "2019-06-30": "32.86640", "2019-03-31": "31.70510", "2018-12-31": "29.94520", "2018-09-30": "29.91110", "2018-06-30": "29.93650", "2018-03-31": "30.12450", "2017-12-31": "29.90670", "2017-09-30": "29.95100", "2017-06-30": "29.27850", "2017-03-31": "28.70060", "2016-12-31": "27.95040", "2016-09-30": "27.18420", "2016-06-30": "26.84810", "2016-03-31": "26.03640", "2015-12-31": "25.04950", "2015-09-30": "24.96800", "2015-06-30": "24.69120", "2015-03-31": "24.61610", "2014-12-31": "24.32170", "2014-09-30": "24.91820", "2014-06-30": "24.31600", "2014-03-31": "23.04890", "2013-12-31": "22.02880", "2013-09-30": "21.68300", "2013-06-30": "21.01700", "2013-03-31": "21.61630", "2012-12-31": "21.24950", "2012-09-30": "21.25110", "2012-06-30": "20.49490", "2012-03-31": "19.93850", "2011-12-31": "19.20150", "2011-09-30": "18.81990", "2011-06-30": "18.54630", "2011-03-31": "17.88610", "2010-12-31": "17.53950", "2010-09-30": "17.60340", "2010-06-30": "16.56910", "2010-03-31": "15.89250", "2009-12-31": "15.33870", "2009-09-30": "14.96690", "2009-06-30": "13.72890", "2009-03-31": "12.83570", "2008-12-31": "12.59980", "2008-09-30": "12.53760", "2008-06-30": "13.33070", "2008-03-31": "13.48700", "2007-12-31": "13.28140", "2007-09-30": "12.79220", "2007-06-30": "12.34360", "2007-03-31": "12.15400", "2006-12-31": "11.53400", "2006-09-30": "10.77960", "2006-06-30": "9.76160", "2006-03-31": "9.38950", "2005-12-31": "8.94780", "2005-09-30": "8.45760", "2005-06-30": "8.26420", "2005-03-31": "7.59870"}, "Operating Cash Flow Per Share": {"2020-09-30": 2.9701, "2020-06-30": 2.2848, "2020-03-31": "0.80180", "2019-12-31": 1.7889, "2019-09-30": 2.0213, "2019-06-30": 1.679, "2019-03-31": "0.40660", "2018-12-31": 1.454, "2018-09-30": 1.1562, "2018-06-30": 0.7242, "2018-03-31": "-0.10420", "2017-12-31": 0.9662, "2017-09-30": 1.5324, "2017-06-30": 0.774, "2017-03-31": "0.39170", "2016-12-31": 0.6321, "2016-09-30": 2.0444, "2016-06-30": 0.993, "2016-03-31": "0.73010", "2015-12-31": 1.3057, "2015-09-30": 1.4999, "2015-06-30": 1.4003, "2015-03-31": "0.30700", "2014-12-31": 0.7844, "2014-09-30": 1.6077, "2014-06-30": 0.5687, "2014-03-31": "0.70470", "2013-12-31": 0.915, "2013-09-30": 1.4868, "2013-06-30": 0.938, "2013-03-31": "0.54340", "2012-12-31": 1.0082, "2012-09-30": 0.6828, "2012-06-30": 1.1082, "2012-03-31": "0.34290", "2011-12-31": 0.8294, "2011-09-30": 1.2612, "2011-06-30": 0.7262, "2011-03-31": "0.25070", "2010-12-31": 0.2504, "2010-09-30": 0.8994, "2010-06-30": 0.5518, "2010-03-31": "0.23850", "2009-12-31": 0.604, "2009-09-30": 0.6979, "2009-06-30": -0.1262, "2009-03-31": "0.08920", "2008-12-31": 2.747, "2008-09-30": 1.6563, "2008-06-30": 0.7916, "2008-03-31": "0.77390", "2007-12-31": 1.0251, "2007-09-30": 1.8058, "2007-06-30": 0.9047, "2007-03-31": "1.17850", "2006-12-31": 1.4891, "2006-09-30": 1.8613, "2006-06-30": 1.0413, "2006-03-31": "0.77820", "2005-12-31": 1.2662, "2005-09-30": 2.03, "2005-06-30": 1.0585, "2005-03-31": "1.41420"}, "Free Cash Flow Per Share": {"2020-09-30": 2.8619, "2020-06-30": 2.2061, "2020-03-31": "0.59740", "2019-12-31": 1.6422, "2019-09-30": 1.766, "2019-06-30": 1.3047, "2019-03-31": "0.11490", "2018-12-31": 1.0578, "2018-09-30": 0.9462, "2018-06-30": 0.2181, "2018-03-31": "-1.92900", "2017-12-31": 0.3592, "2017-09-30": 1.3609, "2017-06-30": 0.0569, "2017-03-31": "0.07420", "2016-12-31": 0.0915, "2016-09-30": 1.4736, "2016-06-30": 0.6331, "2016-03-31": "0.38660", "2015-12-31": 0.8286, "2015-09-30": 1.067, "2015-06-30": 1.1056, "2015-03-31": "0.04610", "2014-12-31": 0.9259, "2014-09-30": 0.6216, "2014-06-30": 2.079, "2014-03-31": "0.48090", "2013-12-31": 0.5654, "2013-09-30": 1.297, "2013-06-30": 0.78, "2013-03-31": "0.43320", "2012-12-31": 0.0678, "2012-09-30": 0.4084, "2012-06-30": 1.0378, "2012-03-31": "0.24680", "2011-12-31": 1.956, "2011-09-30": 0.102, "2011-06-30": 0.426, "2011-03-31": "-0.06570", "2010-12-31": 0.1959, "2010-09-30": 0.8266, "2010-06-30": 0.5112, "2010-03-31": "0.19320", "2009-12-31": 0.5505, "2009-09-30": 0.6771, "2009-06-30": -0.1563, "2009-03-31": "0.07170", "2008-12-31": 2.5628, "2008-09-30": 1.617, "2008-06-30": 0.735, "2008-03-31": "0.75050", "2007-12-31": 0.9932, "2007-09-30": 1.7822, "2007-06-30": 0.8753, "2007-03-31": "1.15790", "2006-12-31": 1.4583, "2006-09-30": 1.8448, "2006-06-30": 1.0291, "2006-03-31": "0.69710", "2005-12-31": 1.2509, "2005-09-30": 1.9885, "2005-06-30": 1.0311, "2005-03-31": "1.39010"}}, "revenue": {"W.R Berkley Annual Revenue (Millions of US $)": {"2020": "$8,099", "2019": "$7,902", "2018": "$7,692", "2017": "$7,685", "2016": "$7,654", "2015": "$7,206", "2014": "$7,129", "2013": "$6,409", "2012": "$5,824", "2011": "$5,156", "2010": "$4,724", "2009": "$4,431", "2008": "$4,709", "2007": "$5,588", "2006": "$5,395", "2005": "$4,997"}, "W.R Berkley Quarterly Revenue (Millions of US $)": {"2020-12-31": "$2,312", "2020-09-30": "$2,040", "2020-06-30": "$1,936", "2020-03-31": "$1,811", "2019-12-31": "$1,976", "2019-09-30": "$1,966", "2019-06-30": "$2,023", "2019-03-31": "$1,937", "2018-12-31": "$1,952", "2018-09-30": "$1,938", "2018-06-30": "$1,911", "2018-03-31": "$1,891", "2017-12-31": "$1,935", "2017-09-30": "$2,031", "2017-06-30": "$1,848", "2017-03-31": "$1,870", "2016-12-31": "$1,971", "2016-09-30": "$2,020", "2016-06-30": "$1,856", "2016-03-31": "$1,807", "2015-12-31": "$1,811", "2015-09-30": "$1,861", "2015-06-30": "$1,790", "2015-03-31": "$1,745", "2014-12-31": "$1,784", "2014-09-30": "$1,841", "2014-06-30": "$1,797", "2014-03-31": "$1,707", "2013-12-31": "$1,697", "2013-09-30": "$1,634", "2013-06-30": "$1,571", "2013-03-31": "$1,507", "2012-12-31": "$1,609", "2012-09-30": "$1,421", "2012-06-30": "$1,416", "2012-03-31": "$1,379", "2011-12-31": "$1,371", "2011-09-30": "$1,280", "2011-06-30": "$1,271", "2011-03-31": "$1,234", "2010-12-31": "$1,231", "2010-09-30": "$1,176", "2010-06-30": "$1,163", "2010-03-31": "$1,154", "2009-12-31": "$1,176", "2009-09-30": "$1,136", "2009-06-30": "$1,155", "2009-03-31": "$964", "2008-12-31": "$1,079", "2008-09-30": "$1,056", "2008-06-30": "$1,199", "2008-03-31": "$1,375", "2007-12-31": "$1,435", "2007-09-30": "$1,408", "2007-06-30": "$1,387", "2007-03-31": "$1,359", "2006-12-31": "$1,360", "2006-09-30": "$1,369", "2006-06-30": "$1,358", "2006-03-31": "$1,308", "2005-12-31": "$1,344", "2005-09-30": "$1,272", "2005-06-30": "$1,221", "2005-03-31": "$1,160"}}, "gross-profit": {"W.R Berkley Annual Gross Profit (Millions of US $)": {"2020": "$3,630", "2019": "$3,771", "2018": "$3,717", "2017": "$3,682", "2016": "$3,808", "2015": "$3,550", "2014": "$3,638", "2013": "$3,212", "2012": "$2,875", "2011": "$2,498", "2010": "$2,414", "2009": "$2,094", "2008": "$2,020", "2007": "$2,809", "2006": "$2,530", "2005": "$2,215"}, "W.R Berkley Quarterly Gross Profit (Millions of US $)": {"2020-12-31": "$1,201", "2020-09-30": "$925", "2020-06-30": "$801", "2020-03-31": "$703", "2019-12-31": "$904", "2019-09-30": "$924", "2019-06-30": "$995", "2019-03-31": "$948", "2018-12-31": "$931", "2018-09-30": "$920", "2018-06-30": "$937", "2018-03-31": "$928", "2017-12-31": "$958", "2017-09-30": "$950", "2017-06-30": "$883", "2017-03-31": "$891", "2016-12-31": "$978", "2016-09-30": "$1,054", "2016-06-30": "$892", "2016-03-31": "$885", "2015-12-31": "$888", "2015-09-30": "$935", "2015-06-30": "$884", "2015-03-31": "$844", "2014-12-31": "$871", "2014-09-30": "$953", "2014-06-30": "$929", "2014-03-31": "$885", "2013-12-31": "$848", "2013-09-30": "$836", "2013-06-30": "$765", "2013-03-31": "$762", "2012-12-31": "$807", "2012-09-30": "$684", "2012-06-30": "$685", "2012-03-31": "$699", "2011-12-31": "$678", "2011-09-30": "$596", "2011-06-30": "$597", "2011-03-31": "$627", "2010-12-31": "$640", "2010-09-30": "$578", "2010-06-30": "$593", "2010-03-31": "$604", "2009-12-31": "$633", "2009-09-30": "$550", "2009-06-30": "$558", "2009-03-31": "$353", "2008-12-31": "$447", "2008-09-30": "$361", "2008-06-30": "$519", "2008-03-31": "$692", "2007-12-31": "$750", "2007-09-30": "$702", "2007-06-30": "$683", "2007-03-31": "$674", "2006-12-31": "$671", "2006-09-30": "$637", "2006-06-30": "$616", "2006-03-31": "$606", "2005-12-31": "$621", "2005-09-30": "$530", "2005-06-30": "$545", "2005-03-31": "$519"}}, "operating-income": {"W.R Berkley Annual Operating Income (Millions of US $)": {"2020": "$855", "2019": "$1,006", "2018": "$969", "2017": "$920", "2016": "$1,037", "2015": "$863", "2014": "$1,080", "2013": "$822", "2012": "$828", "2011": "$626", "2010": "$706", "2009": "$470", "2008": "$411", "2007": "$1,181", "2006": "$1,081", "2005": "$856"}, "W.R Berkley Quarterly Operating Income (Millions of US $)": {"2020-12-31": "$435", "2020-09-30": "$246", "2020-06-30": "$144", "2020-03-31": "$30", "2019-12-31": "$180", "2019-09-30": "$241", "2019-06-30": "$314", "2019-03-31": "$270", "2018-12-31": "$203", "2018-09-30": "$249", "2018-06-30": "$269", "2018-03-31": "$248", "2017-12-31": "$238", "2017-09-30": "$263", "2017-06-30": "$198", "2017-03-31": "$221", "2016-12-31": "$269", "2016-09-30": "$369", "2016-06-30": "$193", "2016-03-31": "$207", "2015-12-31": "$188", "2015-09-30": "$261", "2015-06-30": "$211", "2015-03-31": "$203", "2014-12-31": "$197", "2014-09-30": "$311", "2014-06-30": "$294", "2014-03-31": "$278", "2013-12-31": "$212", "2013-09-30": "$229", "2013-06-30": "$190", "2013-03-31": "$191", "2012-12-31": "$265", "2012-09-30": "$166", "2012-06-30": "$181", "2012-03-31": "$216", "2011-12-31": "$177", "2011-09-30": "$124", "2011-06-30": "$137", "2011-03-31": "$187", "2010-12-31": "$199", "2010-09-30": "$148", "2010-06-30": "$172", "2010-03-31": "$187", "2009-12-31": "$211", "2009-09-30": "$147", "2009-06-30": "$146", "2009-03-31": "$-34", "2008-12-31": "$44", "2008-09-30": "$-37", "2008-06-30": "$117", "2008-03-31": "$287", "2007-12-31": "$319", "2007-09-30": "$280", "2007-06-30": "$293", "2007-03-31": "$289", "2006-12-31": "$305", "2006-09-30": "$268", "2006-06-30": "$257", "2006-03-31": "$251", "2005-12-31": "$263", "2005-09-30": "$191", "2005-06-30": "$211", "2005-03-31": "$192"}}, "ebitda": {"W.R Berkley Annual EBITDA (Millions of US $)": {"2019": "$1,120", "2018": "$1,100", "2017": "$1,033", "2016": "$1,123", "2015": "$948", "2014": "$1,169", "2013": "$925", "2012": "$932", "2011": "$714", "2010": "$789", "2009": "$549", "2008": "$495", "2007": "$1,255", "2006": "$1,147", "2005": "$920"}, "W.R Berkley Quarterly EBITDA (Millions of US $)": {"2020-09-30": "$278", "2020-06-30": "$183", "2020-03-31": "$55", "2019-12-31": "$252", "2019-09-30": "$232", "2019-06-30": "$338", "2019-03-31": "$298", "2018-12-31": "$258", "2018-09-30": "$269", "2018-06-30": "$296", "2018-03-31": "$277", "2017-12-31": "$273", "2017-09-30": "$296", "2017-06-30": "$224", "2017-03-31": "$239", "2016-12-31": "$286", "2016-09-30": "$391", "2016-06-30": "$210", "2016-03-31": "$237", "2015-12-31": "$208", "2015-09-30": "$284", "2015-06-30": "$234", "2015-03-31": "$222", "2014-12-31": "$223", "2014-09-30": "$324", "2014-06-30": "$319", "2014-03-31": "$303", "2013-12-31": "$235", "2013-09-30": "$258", "2013-06-30": "$220", "2013-03-31": "$212", "2012-12-31": "$303", "2012-09-30": "$184", "2012-06-30": "$206", "2012-03-31": "$238", "2011-12-31": "$208", "2011-09-30": "$148", "2011-06-30": "$148", "2011-03-31": "$209", "2010-12-31": "$218", "2010-09-30": "$170", "2010-06-30": "$194", "2010-03-31": "$207", "2009-12-31": "$234", "2009-09-30": "$156", "2009-06-30": "$170", "2009-03-31": "$-11", "2008-12-31": "$67", "2008-09-30": "$-18", "2008-06-30": "$121", "2008-03-31": "$324", "2007-12-31": "$331", "2007-09-30": "$300", "2007-06-30": "$314", "2007-03-31": "$309", "2006-12-31": "$320", "2006-09-30": "$285", "2006-06-30": "$273", "2006-03-31": "$269", "2005-12-31": "$285", "2005-09-30": "$200", "2005-06-30": "$227", "2005-03-31": "$207"}}, "net-income": {"W.R Berkley Annual Net Income (Millions of US $)": {"2020": "$531", "2019": "$682", "2018": "$641", "2017": "$549", "2016": "$602", "2015": "$504", "2014": "$649", "2013": "$500", "2012": "$511", "2011": "$391", "2010": "$446", "2009": "$309", "2008": "$281", "2007": "$766", "2006": "$700", "2005": "$545"}, "W.R Berkley Quarterly Net Income (Millions of US $)": {"2020-12-31": "$312", "2020-09-30": "$152", "2020-06-30": "$71", "2020-03-31": "$-4", "2019-12-31": "$119", "2019-09-30": "$165", "2019-06-30": "$217", "2019-03-31": "$181", "2018-12-31": "$132", "2018-09-30": "$162", "2018-06-30": "$180", "2018-03-31": "$166", "2017-12-31": "$155", "2017-09-30": "$162", "2017-06-30": "$109", "2017-03-31": "$123", "2016-12-31": "$153", "2016-09-30": "$221", "2016-06-30": "$109", "2016-03-31": "$120", "2015-12-31": "$110", "2015-09-30": "$153", "2015-06-30": "$123", "2015-03-31": "$118", "2014-12-31": "$111", "2014-09-30": "$189", "2014-06-30": "$180", "2014-03-31": "$170", "2013-12-31": "$130", "2013-09-30": "$137", "2013-06-30": "$116", "2013-03-31": "$117", "2012-12-31": "$165", "2012-09-30": "$101", "2012-06-30": "$109", "2012-03-31": "$135", "2011-12-31": "$117", "2011-09-30": "$76", "2011-06-30": "$82", "2011-03-31": "$116", "2010-12-31": "$124", "2010-09-30": "$94", "2010-06-30": "$110", "2010-03-31": "$119", "2009-12-31": "$134", "2009-09-30": "$98", "2009-06-30": "$97", "2009-03-31": "$-20", "2008-12-31": "$40", "2008-09-30": "$-28", "2008-06-30": "$80", "2008-03-31": "$188", "2007-12-31": "$207", "2007-09-30": "$180", "2007-06-30": "$191", "2007-03-31": "$188", "2006-12-31": "$198", "2006-09-30": "$174", "2006-06-30": "$165", "2006-03-31": "$162", "2005-12-31": "$167", "2005-09-30": "$123", "2005-06-30": "$134", "2005-03-31": "$121"}}, "eps-earnings-per-share-diluted": {"W.R Berkley Annual EPS": {"2020": "$2.81", "2019": "$3.52", "2018": "$3.33", "2017": "$2.84", "2016": "$3.12", "2015": "$2.58", "2014": "$3.24", "2013": "$2.37", "2012": "$2.37", "2011": "$1.79", "2010": "$1.92", "2009": "$1.24", "2008": "$1.08", "2007": "$2.60", "2006": "$2.31", "2005": "$1.81"}, "W.R Berkley Quarterly EPS": {"2020-12-31": "$1.67", "2020-09-30": "$0.81", "2020-06-30": "$0.38", "2020-03-31": "$-0.02", "2019-12-31": "$0.61", "2019-09-30": "$0.85", "2019-06-30": "$1.12", "2019-03-31": "$0.94", "2018-12-31": "$0.69", "2018-09-30": "$0.84", "2018-06-30": "$0.93", "2018-03-31": "$0.87", "2017-12-31": "$0.79", "2017-09-30": "$0.84", "2017-06-30": "$0.57", "2017-03-31": "$0.64", "2016-12-31": "$0.79", "2016-09-30": "$1.15", "2016-06-30": "$0.57", "2016-03-31": "$0.62", "2015-12-31": "$0.57", "2015-09-30": "$0.79", "2015-06-30": "$0.63", "2015-03-31": "$0.59", "2014-12-31": "$0.56", "2014-09-30": "$0.95", "2014-06-30": "$0.90", "2014-03-31": "$0.83", "2013-12-31": "$0.62", "2013-09-30": "$0.65", "2013-06-30": "$0.55", "2013-03-31": "$0.55", "2012-12-31": "$0.77", "2012-09-30": "$0.47", "2012-06-30": "$0.51", "2012-03-31": "$0.63", "2011-12-31": "$0.55", "2011-09-30": "$0.35", "2011-06-30": "$0.37", "2011-03-31": "$0.52", "2010-12-31": "$0.55", "2010-09-30": "$0.41", "2010-06-30": "$0.47", "2010-03-31": "$0.49", "2009-12-31": "$0.54", "2009-09-30": "$0.39", "2009-06-30": "$0.39", "2009-03-31": "$-0.09", "2008-12-31": "$0.20", "2008-09-30": "$-0.11", "2008-06-30": "$0.31", "2008-03-31": "$0.69", "2007-12-31": "$0.74", "2007-09-30": "$0.62", "2007-06-30": "$0.62", "2007-03-31": "$0.62", "2006-12-31": "$0.65", "2006-09-30": "$0.58", "2006-06-30": "$0.55", "2006-03-31": "$0.53", "2005-12-31": "$0.55", "2005-09-30": "$0.41", "2005-06-30": "$0.45", "2005-03-31": "$0.41"}}, "shares-outstanding": {"W.R Berkley Annual Shares Outstanding (Millions of Shares)": {"2020": "189", "2019": "194", "2018": "192", "2017": "194", "2016": "193", "2015": "195", "2014": "200", "2013": "211", "2012": "215", "2011": "219", "2010": "233", "2009": "250", "2008": "260", "2007": "295", "2006": "303", "2005": "301"}, "W.R Berkley Quarterly Shares Outstanding (Millions of Shares)": {"2020-12-31": "187", "2020-09-30": "188", "2020-06-30": "188", "2020-03-31": "190", "2019-12-31": "194", "2019-09-30": "194", "2019-06-30": "193", "2019-03-31": "193", "2018-12-31": "192", "2018-09-30": "193", "2018-06-30": "193", "2018-03-31": "192", "2017-12-31": "194", "2017-09-30": "193", "2017-06-30": "193", "2017-03-31": "193", "2016-12-31": "193", "2016-09-30": "193", "2016-06-30": "193", "2016-03-31": "193", "2015-12-31": "195", "2015-09-30": "193", "2015-06-30": "195", "2015-03-31": "199", "2014-12-31": "200", "2014-09-30": "200", "2014-06-30": "200", "2014-03-31": "203", "2013-12-31": "211", "2013-09-30": "211", "2013-06-30": "212", "2013-03-31": "212", "2012-12-31": "215", "2012-09-30": "212", "2012-06-30": "215", "2012-03-31": "215", "2011-12-31": "219", "2011-09-30": "217", "2011-06-30": "222", "2011-03-31": "221", "2010-12-31": "233", "2010-09-30": "231", "2010-06-30": "236", "2010-03-31": "240", "2009-12-31": "250", "2009-09-30": "250", "2009-06-30": "249", "2009-03-31": "242", "2008-12-31": "260", "2008-09-30": "244", "2008-06-30": "261", "2008-03-31": "276", "2007-12-31": "295", "2007-09-30": "291", "2007-06-30": "306", "2007-03-31": "303", "2006-12-31": "303", "2006-09-30": "302", "2006-06-30": "304", "2006-03-31": "303", "2005-12-31": "301", "2005-09-30": "301", "2005-06-30": "300", "2005-03-31": "300"}}, "total-assets": {"W.R Berkley Annual Total Assets (Millions of US $)": {"2019": "$26,643", "2018": "$24,896", "2017": "$24,300", "2016": "$23,365", "2015": "$21,731", "2014": "$21,717", "2013": "$20,552", "2012": "$20,156", "2011": "$18,404", "2010": "$17,529", "2009": "$17,329", "2008": "$16,121", "2007": "$16,820", "2006": "$15,656", "2005": "$13,896"}, "W.R Berkley Quarterly Total Assets (Millions of US $)": {"2020-09-30": "$28,212", "2020-06-30": "$27,323", "2020-03-31": "$26,090", "2019-12-31": "$26,630", "2019-09-30": "$26,219", "2019-06-30": "$26,488", "2019-03-31": "$25,585", "2018-12-31": "$24,896", "2018-09-30": "$24,856", "2018-06-30": "$24,621", "2018-03-31": "$24,588", "2017-12-31": "$24,300", "2017-09-30": "$24,336", "2017-06-30": "$23,993", "2017-03-31": "$23,547", "2016-12-31": "$23,365", "2016-09-30": "$23,346", "2016-06-30": "$23,026", "2016-03-31": "$22,231", "2015-12-31": "$21,731", "2015-09-30": "$21,739", "2015-06-30": "$21,690", "2015-03-31": "$21,847", "2014-12-31": "$21,717", "2014-09-30": "$22,098", "2014-06-30": "$21,167", "2014-03-31": "$20,704", "2013-12-31": "$20,552", "2013-09-30": "$20,524", "2013-06-30": "$20,212", "2013-03-31": "$20,121", "2012-12-31": "$20,156", "2012-09-30": "$19,933", "2012-06-30": "$19,462", "2012-03-31": "$19,134", "2011-12-31": "$18,404", "2011-09-30": "$18,331", "2011-06-30": "$18,195", "2011-03-31": "$17,984", "2010-12-31": "$17,529", "2010-09-30": "$17,813", "2010-06-30": "$17,417", "2010-03-31": "$17,232", "2009-12-31": "$17,329", "2009-09-30": "$17,393", "2009-06-30": "$16,656", "2009-03-31": "$16,193", "2008-12-31": "$16,121", "2008-09-30": "$16,418", "2008-06-30": "$16,548", "2008-03-31": "$16,835", "2007-12-31": "$16,820", "2007-09-30": "$16,696", "2007-06-30": "$16,627", "2007-03-31": "$16,538", "2006-12-31": "$15,656", "2006-09-30": "$15,444", "2006-06-30": "$14,692", "2006-03-31": "$14,524", "2005-12-31": "$13,896", "2005-09-30": "$13,672", "2005-06-30": "$12,842", "2005-03-31": "$12,159"}}, "cash-on-hand": {"W.R Berkley Annual Cash on Hand (Millions of US $)": {"2019": "$1,024", "2018": "$818", "2017": "$950", "2016": "$795", "2015": "$764", "2014": "$674", "2013": "$840", "2012": "$906", "2011": "$912", "2010": "$643", "2009": "$515", "2008": "$1,135", "2007": "$952", "2006": "$754", "2005": "$673"}, "W.R Berkley Quarterly Cash on Hand (Millions of US $)": {"2020-09-30": "$2,571", "2020-06-30": "$2,431", "2020-03-31": "$965", "2019-12-31": "$1,024", "2019-09-30": "$813", "2019-06-30": "$1,258", "2019-03-31": "$937", "2018-12-31": "$818", "2018-09-30": "$819", "2018-06-30": "$911", "2018-03-31": "$957", "2017-12-31": "$950", "2017-09-30": "$774", "2017-06-30": "$788", "2017-03-31": "$608", "2016-12-31": "$795", "2016-09-30": "$873", "2016-06-30": "$949", "2016-03-31": "$838", "2015-12-31": "$764", "2015-09-30": "$880", "2015-06-30": "$756", "2015-03-31": "$615", "2014-12-31": "$674", "2014-09-30": "$1,342", "2014-06-30": "$843", "2014-03-31": "$644", "2013-12-31": "$840", "2013-09-30": "$966", "2013-06-30": "$659", "2013-03-31": "$945", "2012-12-31": "$906", "2012-09-30": "$1,190", "2012-06-30": "$1,012", "2012-03-31": "$1,082", "2011-12-31": "$912", "2011-09-30": "$866", "2011-06-30": "$795", "2011-03-31": "$630", "2010-12-31": "$643", "2010-09-30": "$922", "2010-06-30": "$781", "2010-03-31": "$441", "2009-12-31": "$515", "2009-09-30": "$736", "2009-06-30": "$772", "2009-03-31": "$826", "2008-12-31": "$1,135", "2008-09-30": "$1,004", "2008-06-30": "$615", "2008-03-31": "$718", "2007-12-31": "$952", "2007-09-30": "$591", "2007-06-30": "$802", "2007-03-31": "$713", "2006-12-31": "$754", "2006-09-30": "$659", "2006-06-30": "$783", "2006-03-31": "$637", "2005-12-31": "$673", "2005-09-30": "$979", "2005-06-30": "$708", "2005-03-31": "$708"}}, "long-term-debt": {"W.R Berkley Annual Long Term Debt (Millions of US $)": {"2019": "$2,626", "2018": "$2,790", "2017": "$2,497", "2016": "$2,488", "2015": "$2,185", "2014": "$2,456", "2013": "$2,032", "2012": "$2,115", "2011": "$1,744", "2010": "$1,743", "2009": "$1,595", "2008": "$1,271", "2007": "$1,371", "2006": "$1,111", "2005": "$1,418"}, "W.R Berkley Quarterly Long Term Debt (Millions of US $)": {"2020-09-30": "$3,073", "2020-06-30": "$2,925", "2020-03-31": "$2,631", "2019-12-31": "$2,626", "2019-09-30": "$2,343", "2019-06-30": "$2,782", "2019-03-31": "$2,783", "2018-12-31": "$2,790", "2018-09-30": "$2,698", "2018-06-30": "$2,699", "2018-03-31": "$2,680", "2017-12-31": "$2,497", "2017-09-30": "$2,488", "2017-06-30": "$2,487", "2017-03-31": "$2,487", "2016-12-31": "$2,488", "2016-09-30": "$2,490", "2016-06-30": "$2,536", "2016-03-31": "$2,261", "2015-12-31": "$2,185", "2015-09-30": "$2,179", "2015-06-30": "$2,184", "2015-03-31": "$2,453", "2014-12-31": "$2,456", "2014-09-30": "$2,462", "2014-06-30": "$2,037", "2014-03-31": "$2,033", "2013-12-31": "$2,032", "2013-09-30": "$2,036", "2013-06-30": "$2,036", "2013-03-31": "$1,937", "2012-12-31": "$2,115", "2012-09-30": "$2,121", "2012-06-30": "$2,108", "2012-03-31": "$2,097", "2011-12-31": "$1,744", "2011-09-30": "$1,745", "2011-06-30": "$1,745", "2011-03-31": "$1,740", "2010-12-31": "$1,743", "2010-09-30": "$1,737", "2010-06-30": "$1,585", "2010-03-31": "$1,588", "2009-12-31": "$1,595", "2009-09-30": "$1,590", "2009-06-30": "$1,272", "2009-03-31": "$1,272", "2008-12-31": "$1,271", "2008-09-30": "$1,274", "2008-06-30": "$1,271", "2008-03-31": "$1,360", "2007-12-31": "$1,371", "2007-09-30": "$1,364", "2007-06-30": "$1,364", "2007-03-31": "$1,364", "2006-12-31": "$1,111", "2006-09-30": "$1,321", "2006-06-30": "$1,320", "2006-03-31": "$1,319", "2005-12-31": "$1,418", "2005-09-30": "$1,418", "2005-06-30": "$1,175", "2005-03-31": "$1,017"}}, "total-liabilities": {"W.R Berkley Annual Total Liabilities (Millions of US $)": {"2019": "$20,525", "2018": "$19,416", "2017": "$18,849", "2016": "$18,284", "2015": "$17,098", "2014": "$17,093", "2013": "$16,182", "2012": "$15,820", "2011": "$14,443", "2010": "$13,819", "2009": "$13,727", "2008": "$13,069", "2007": "$13,228", "2006": "$12,321", "2005": "$11,329"}, "W.R Berkley Quarterly Total Liabilities (Millions of US $)": {"2020-09-30": "$22,173", "2020-06-30": "$21,478", "2020-03-31": "$20,552", "2019-12-31": "$20,512", "2019-09-30": "$20,119", "2019-06-30": "$20,468", "2019-03-31": "$19,782", "2018-12-31": "$19,416", "2018-09-30": "$19,377", "2018-06-30": "$19,156", "2018-03-31": "$19,096", "2017-12-31": "$18,849", "2017-09-30": "$18,865", "2017-06-30": "$18,668", "2017-03-31": "$18,329", "2016-12-31": "$18,284", "2016-09-30": "$18,384", "2016-06-30": "$18,087", "2016-03-31": "$17,443", "2015-12-31": "$17,098", "2015-09-30": "$17,122", "2015-06-30": "$17,153", "2015-03-31": "$17,234", "2014-12-31": "$17,093", "2014-09-30": "$17,354", "2014-06-30": "$16,513", "2014-03-31": "$16,293", "2013-12-31": "$16,182", "2013-09-30": "$16,128", "2013-06-30": "$15,946", "2013-03-31": "$15,710", "2012-12-31": "$15,820", "2012-09-30": "$15,599", "2012-06-30": "$15,245", "2012-03-31": "$14,998", "2011-12-31": "$14,443", "2011-09-30": "$14,461", "2011-06-30": "$14,275", "2011-03-31": "$14,185", "2010-12-31": "$13,819", "2010-09-30": "$13,979", "2010-06-30": "$13,728", "2010-03-31": "$13,580", "2009-12-31": "$13,727", "2009-09-30": "$13,784", "2009-06-30": "$13,361", "2009-03-31": "$13,113", "2008-12-31": "$13,069", "2008-09-30": "$13,368", "2008-06-30": "$13,271", "2008-03-31": "$13,386", "2007-12-31": "$13,228", "2007-09-30": "$13,179", "2007-06-30": "$13,056", "2007-03-31": "$13,001", "2006-12-31": "$12,321", "2006-09-30": "$12,347", "2006-06-30": "$11,891", "2006-03-31": "$11,816", "2005-12-31": "$11,329", "2005-09-30": "$11,247", "2005-06-30": "$10,480", "2005-03-31": "$9,992"}}, "total-share-holder-equity": {"W.R Berkley Annual Share Holder Equity (Millions of US $)": {"2019": "$6,118", "2018": "$5,480", "2017": "$5,451", "2016": "$5,081", "2015": "$4,633", "2014": "$4,624", "2013": "$4,369", "2012": "$4,335", "2011": "$3,961", "2010": "$3,710", "2009": "$3,602", "2008": "$3,052", "2007": "$3,592", "2006": "$3,335", "2005": "$2,567"}, "W.R Berkley Quarterly Share Holder Equity (Millions of US $)": {"2020-09-30": "$6,040", "2020-06-30": "$5,845", "2020-03-31": "$5,538", "2019-12-31": "$6,118", "2019-09-30": "$6,099", "2019-06-30": "$6,020", "2019-03-31": "$5,803", "2018-12-31": "$5,480", "2018-09-30": "$5,479", "2018-06-30": "$5,466", "2018-03-31": "$5,492", "2017-12-31": "$5,451", "2017-09-30": "$5,471", "2017-06-30": "$5,326", "2017-03-31": "$5,219", "2016-12-31": "$5,081", "2016-09-30": "$4,962", "2016-06-30": "$4,939", "2016-03-31": "$4,788", "2015-12-31": "$4,633", "2015-09-30": "$4,617", "2015-06-30": "$4,536", "2015-03-31": "$4,613", "2014-12-31": "$4,624", "2014-09-30": "$4,743", "2014-06-30": "$4,655", "2014-03-31": "$4,411", "2013-12-31": "$4,369", "2013-09-30": "$4,395", "2013-06-30": "$4,266", "2013-03-31": "$4,411", "2012-12-31": "$4,335", "2012-09-30": "$4,334", "2012-06-30": "$4,217", "2012-03-31": "$4,135", "2011-12-31": "$3,961", "2011-09-30": "$3,870", "2011-06-30": "$3,920", "2011-03-31": "$3,799", "2010-12-31": "$3,710", "2010-09-30": "$3,834", "2010-06-30": "$3,689", "2010-03-31": "$3,652", "2009-12-31": "$3,602", "2009-09-30": "$3,609", "2009-06-30": "$3,296", "2009-03-31": "$3,080", "2008-12-31": "$3,052", "2008-09-30": "$3,049", "2008-06-30": "$3,277", "2008-03-31": "$3,449", "2007-12-31": "$3,592", "2007-09-30": "$3,517", "2007-06-30": "$3,571", "2007-03-31": "$3,537", "2006-12-31": "$3,335", "2006-09-30": "$3,098", "2006-06-30": "$2,801", "2006-03-31": "$2,708", "2005-12-31": "$2,567", "2005-09-30": "$2,425", "2005-06-30": "$2,361", "2005-03-31": "$2,167"}}, "profit-margins": {"current": "6.55%"}, "gross margin": {"2020-12-31": "44.82%", "2020-09-30": "42.93%", "2020-06-30": "43.33%", "2020-03-31": "45.34%", "2019-12-31": "47.72%", "2019-09-30": "48.21%", "2019-06-30": "48.33%", "2019-03-31": "48.28%", "2018-12-31": "48.31%", "2018-09-30": "48.77%", "2018-06-30": "48.57%", "2018-03-31": "48.27%", "2017-12-31": "47.92%", "2017-09-30": "47.95%", "2017-06-30": "49.37%", "2017-03-31": "49.44%", "2016-12-31": "49.76%", "2016-09-30": "49.63%", "2016-06-30": "49.08%", "2016-03-31": "49.42%", "2015-12-31": "49.27%", "2015-09-30": "49.22%", "2015-06-30": "49.61%", "2015-03-31": "50.19%", "2014-12-31": "51.03%", "2014-09-30": "51.33%", "2014-06-30": "51.18%", "2014-03-31": "50.45%", "2013-12-31": "50.10%", "2013-09-30": "50.15%", "2013-06-30": "49.41%", "2013-03-31": "49.35%", "2012-12-31": "49.36%", "2012-09-30": "49.15%", "2012-06-30": "48.81%", "2012-03-31": "48.48%", "2011-12-31": "48.45%", "2011-09-30": "49.04%", "2011-06-30": "49.71%", "2011-03-31": "50.75%", "2010-12-31": "51.12%", "2010-09-30": "51.57%", "2010-06-30": "51.41%", "2010-03-31": "50.75%", "2009-12-31": "47.26%", "2009-09-30": "44.02%", "2009-06-30": "40.41%", "2009-03-31": "39.09%", "2008-12-31": "42.88%", "2008-09-30": "45.84%", "2008-06-30": "49.16%", "2008-03-31": "50.44%", "2007-12-31": "50.26%", "2007-09-30": "49.51%", "2007-06-30": "48.68%", "2007-03-31": "47.70%", "2006-12-31": "46.90%", "2006-09-30": "46.11%", "2006-06-30": "44.93%", "2006-03-31": "44.74%", "2005-12-31": "44.33%"}, "operating margin": {"2020-12-31": "10.56%", "2020-09-30": "7.73%", "2020-06-30": "7.74%", "2020-03-31": "9.84%", "2019-12-31": "12.72%", "2019-09-30": "13.05%", "2019-06-30": "13.20%", "2019-03-31": "12.81%", "2018-12-31": "12.60%", "2018-09-30": "13.08%", "2018-06-30": "13.11%", "2018-03-31": "12.29%", "2017-12-31": "11.97%", "2017-09-30": "12.32%", "2017-06-30": "13.71%", "2017-03-31": "13.63%", "2016-12-31": "13.56%", "2016-09-30": "12.77%", "2016-06-30": "11.57%", "2016-03-31": "11.93%", "2015-12-31": "11.97%", "2015-09-30": "12.14%", "2015-06-30": "12.88%", "2015-03-31": "14.02%", "2014-12-31": "15.15%", "2014-09-30": "15.55%", "2014-06-30": "14.82%", "2014-03-31": "13.75%", "2013-12-31": "12.83%", "2013-09-30": "13.84%", "2013-06-30": "13.29%", "2013-03-31": "13.49%", "2012-12-31": "14.21%", "2012-09-30": "13.25%", "2012-06-30": "12.82%", "2012-03-31": "12.34%", "2011-12-31": "12.12%", "2011-09-30": "12.90%", "2011-06-30": "13.66%", "2011-03-31": "14.70%", "2010-12-31": "14.94%", "2010-09-30": "15.38%", "2010-06-30": "15.49%", "2010-03-31": "14.95%", "2009-12-31": "10.61%", "2009-09-30": "6.99%", "2009-06-30": "2.80%", "2009-03-31": "2.09%", "2008-12-31": "8.73%", "2008-09-30": "13.54%", "2008-06-30": "18.52%", "2008-03-31": "21.03%", "2007-12-31": "21.13%", "2007-09-30": "21.16%", "2007-06-30": "21.10%", "2007-03-31": "20.55%", "2006-12-31": "20.04%", "2006-09-30": "19.32%", "2006-06-30": "18.21%", "2006-03-31": "17.80%", "2005-12-31": "17.15%"}, "ebitda margin": {"2020-09-30": "9.89%", "2020-06-30": "9.39%", "2020-03-31": "11.28%", "2019-12-31": "14.17%", "2019-09-30": "14.29%", "2019-06-30": "14.82%", "2019-03-31": "14.49%", "2018-12-31": "14.30%", "2018-09-30": "14.53%", "2018-06-30": "14.70%", "2018-03-31": "13.89%", "2017-12-31": "13.43%", "2017-09-30": "13.54%", "2017-06-30": "14.79%", "2017-03-31": "14.59%", "2016-12-31": "14.69%", "2016-09-30": "13.96%", "2016-06-30": "12.80%", "2016-03-31": "13.25%", "2015-12-31": "13.15%", "2015-09-30": "13.41%", "2015-06-30": "14.01%", "2015-03-31": "15.18%", "2014-12-31": "16.40%", "2014-09-30": "16.77%", "2014-06-30": "16.31%", "2014-03-31": "15.37%", "2013-12-31": "14.43%", "2013-09-30": "15.71%", "2013-06-30": "15.05%", "2013-03-31": "15.20%", "2012-12-31": "15.98%", "2012-09-30": "14.96%", "2012-06-30": "14.69%", "2012-03-31": "14.00%", "2011-12-31": "13.83%", "2011-09-30": "14.41%", "2011-06-30": "15.17%", "2011-03-31": "16.47%", "2010-12-31": "16.70%", "2010-09-30": "17.24%", "2010-06-30": "17.09%", "2010-03-31": "16.60%", "2009-12-31": "12.39%", "2009-09-30": "8.81%", "2009-06-30": "4.89%", "2009-03-31": "3.70%", "2008-12-31": "10.49%", "2008-09-30": "14.97%", "2008-06-30": "19.86%", "2008-03-31": "22.64%", "2007-12-31": "22.44%", "2007-09-30": "22.54%", "2007-06-30": "22.43%", "2007-03-31": "21.80%", "2006-12-31": "21.26%", "2006-09-30": "20.67%", "2006-06-30": "19.44%", "2006-03-31": "19.07%", "2005-12-31": "18.39%"}, "pre tax profit margin": {"2020-12-31": "8.69%", "2020-09-30": "5.82%", "2020-06-30": "5.84%", "2020-03-31": "7.95%", "2019-12-31": "10.79%", "2019-09-30": "11.03%", "2019-06-30": "11.15%", "2019-03-31": "10.73%", "2018-12-31": "10.56%", "2018-09-30": "11.07%", "2018-06-30": "11.16%", "2018-03-31": "10.37%", "2017-12-31": "10.05%", "2017-09-30": "10.40%", "2017-06-30": "11.79%", "2017-03-31": "11.74%", "2016-12-31": "11.72%", "2016-09-30": "10.96%", "2016-06-30": "9.79%", "2016-03-31": "10.15%", "2015-12-31": "10.16%", "2015-09-30": "10.29%", "2015-06-30": "11.01%", "2015-03-31": "12.18%", "2014-12-31": "13.35%", "2014-09-30": "13.79%", "2014-06-30": "13.04%", "2014-03-31": "11.91%", "2013-12-31": "10.91%", "2013-09-30": "11.85%", "2013-06-30": "11.21%", "2013-03-31": "11.32%", "2012-12-31": "12.03%", "2012-09-30": "11.06%", "2012-06-30": "10.65%", "2012-03-31": "10.21%", "2011-12-31": "9.95%", "2011-09-30": "10.67%", "2011-06-30": "11.40%", "2011-03-31": "12.43%", "2010-12-31": "12.68%", "2010-09-30": "13.13%", "2010-06-30": "13.35%", "2010-03-31": "12.92%", "2009-12-31": "8.62%", "2009-09-30": "5.08%", "2009-06-30": "0.87%", "2009-03-31": "0.16%", "2008-12-31": "6.90%", "2008-09-30": "11.81%", "2008-06-30": "16.85%", "2008-03-31": "19.41%", "2007-12-31": "19.54%", "2007-09-30": "19.55%", "2007-06-30": "19.45%", "2007-03-31": "18.89%", "2006-12-31": "18.31%", "2006-09-30": "17.55%", "2006-06-30": "16.40%", "2006-03-31": "16.02%", "2005-12-31": "15.43%"}, "net profit margin": {"2020-12-31": "6.56%", "2020-09-30": "4.35%", "2020-06-30": "4.56%", "2020-03-31": "6.39%", "2019-12-31": "8.63%", "2019-09-30": "8.82%", "2019-06-30": "8.82%", "2019-03-31": "8.46%", "2018-12-31": "8.32%", "2018-09-30": "8.64%", "2018-06-30": "8.54%", "2018-03-31": "7.68%", "2017-12-31": "7.14%", "2017-09-30": "7.09%", "2017-06-30": "7.86%", "2017-03-31": "7.85%", "2016-12-31": "7.88%", "2016-09-30": "7.47%", "2016-06-30": "6.71%", "2016-03-31": "6.96%", "2015-12-31": "6.99%", "2015-09-30": "7.03%", "2015-06-30": "7.56%", "2015-03-31": "8.34%", "2014-12-31": "9.12%", "2014-09-30": "9.50%", "2014-06-30": "9.03%", "2014-03-31": "8.37%", "2013-12-31": "7.80%", "2013-09-30": "8.46%", "2013-06-30": "8.17%", "2013-03-31": "8.26%", "2012-12-31": "8.76%", "2012-09-30": "8.27%", "2012-06-30": "8.02%", "2012-03-31": "7.73%", "2011-12-31": "7.58%", "2011-09-30": "7.93%", "2011-06-30": "8.47%", "2011-03-31": "9.24%", "2010-12-31": "9.46%", "2010-09-30": "9.79%", "2010-06-30": "9.96%", "2010-03-31": "9.69%", "2009-12-31": "6.97%", "2009-09-30": "4.96%", "2009-06-30": "2.09%", "2009-03-31": "1.68%", "2008-12-31": "5.95%", "2008-09-30": "8.83%", "2008-06-30": "12.09%", "2008-03-31": "13.67%", "2007-12-31": "13.71%", "2007-09-30": "13.73%", "2007-06-30": "13.72%", "2007-03-31": "13.31%", "2006-12-31": "12.96%", "2006-09-30": "12.42%", "2006-06-30": "11.68%", "2006-03-31": "11.39%", "2005-12-31": "10.91%"}, "pe ratio": {"current": "28.99", "2021-02-11": "58.60", "2020-12-31": "56.77", "2020-09-30": "34.10", "2020-06-30": "31.19", "2020-03-31": "20.18", "2019-12-31": "19.43", "2019-09-30": "19.68", "2019-06-30": "17.99", "2019-03-31": "16.10", "2018-12-31": "14.33", "2018-09-30": "14.84", "2018-06-30": "13.33", "2018-03-31": "14.95", "2017-12-31": "15.87", "2017-09-30": "14.68", "2017-06-30": "13.71", "2017-03-31": "13.87", "2016-12-31": "13.12", "2016-09-30": "12.18", "2016-06-30": "14.26", "2016-03-31": "13.00", "2015-12-31": "12.77", "2015-09-30": "12.72", "2015-06-30": "11.41", "2015-03-31": "10.09", "2014-12-31": "9.46", "2014-09-30": "8.45", "2014-06-30": "8.99", "2014-03-31": "9.13", "2013-12-31": "10.62", "2013-09-30": "9.81", "2013-06-30": "10.01", "2013-03-31": "11.03", "2012-12-31": "9.08", "2012-09-30": "9.72", "2012-06-30": "10.63", "2012-03-31": "10.53", "2011-12-31": "10.56", "2011-09-30": "8.99", "2011-06-30": "9.56", "2011-03-31": "9.02", "2010-12-31": "7.78", "2010-09-30": "7.78", "2010-06-30": "7.64", "2010-03-31": "7.81", "2009-12-31": "10.80", "2009-09-30": "15.95", "2009-06-30": "32.88", "2009-03-31": "45.63", "2008-12-31": "16.04", "2008-09-30": "8.28", "2008-06-30": "5.73", "2008-03-31": "5.75", "2007-12-31": "6.34", "2007-09-30": "6.28", "2007-06-30": "7.00", "2007-03-31": "7.33", "2006-12-31": "7.91"}, "price sales": {"2021-02-11": "1.59", "2020-12-31": "1.54", "2020-09-30": "1.49", "2020-06-30": "1.42", "2020-03-31": "1.29", "2019-12-31": "1.68", "2019-09-30": "1.73", "2019-06-30": "1.58", "2019-03-31": "1.36", "2018-12-31": "1.19", "2018-09-30": "1.29", "2018-06-30": "1.14", "2018-03-31": "1.15", "2017-12-31": "1.14", "2017-09-30": "1.04", "2017-06-30": "1.08", "2017-03-31": "1.09", "2016-12-31": "1.04", "2016-09-30": "0.91", "2016-06-30": "0.96", "2016-03-31": "0.91", "2015-12-31": "0.89", "2015-09-30": "0.89", "2015-06-30": "0.86", "2015-03-31": "0.84", "2014-12-31": "0.86", "2014-09-30": "0.81", "2014-06-30": "0.81", "2014-03-31": "0.77", "2013-12-31": "0.83", "2013-09-30": "0.83", "2013-06-30": "0.82", "2013-03-31": "0.92", "2012-12-31": "0.80", "2012-09-30": "0.81", "2012-06-30": "0.86", "2012-03-31": "0.83", "2011-12-31": "0.81", "2011-09-30": "0.73", "2011-06-30": "0.83", "2011-03-31": "0.85", "2010-12-31": "0.75", "2010-09-30": "0.76", "2010-06-30": "0.76", "2010-03-31": "0.76", "2009-12-31": "0.75", "2009-09-30": "0.79", "2009-06-30": "0.68", "2009-03-31": "0.71", "2008-12-31": "0.92", "2008-09-30": "0.67", "2008-06-30": "0.67", "2008-03-31": "0.77", "2007-12-31": "0.85", "2007-09-30": "0.86", "2007-06-30": "0.96", "2007-03-31": "0.98", "2006-12-31": "1.03"}, "price book": {"current": "1.98", "2021-02-11": "2.02", "2020-09-30": "1.80", "2020-06-30": "1.74", "2020-03-31": "1.68", "2019-12-31": "2.06", "2019-09-30": "2.13", "2019-06-30": "1.96", "2019-03-31": "1.73", "2018-12-31": "1.59", "2018-09-30": "1.71", "2018-06-30": "1.53", "2018-03-31": "1.53", "2017-12-31": "1.51", "2017-09-30": "1.40", "2017-06-30": "1.48", "2017-03-31": "1.52", "2016-12-31": "1.47", "2016-09-30": "1.30", "2016-06-30": "1.35", "2016-03-31": "1.30", "2015-12-31": "1.32", "2015-09-30": "1.31", "2015-06-30": "1.26", "2015-03-31": "1.23", "2014-12-31": "1.26", "2014-09-30": "1.12", "2014-06-30": "1.11", "2014-03-31": "1.05", "2013-12-31": "1.14", "2013-09-30": "1.14", "2013-06-30": "1.12", "2013-03-31": "1.18", "2012-12-31": "1.02", "2012-09-30": "0.99", "2012-06-30": "1.06", "2012-03-31": "1.01", "2011-12-31": "0.99", "2011-09-30": "0.87", "2011-06-30": "0.97", "2011-03-31": "0.99", "2010-12-31": "0.86", "2010-09-30": "0.84", "2010-06-30": "0.87", "2010-03-31": "0.89", "2009-12-31": "0.87", "2009-09-30": "0.92", "2009-06-30": "0.85", "2009-03-31": "0.95", "2008-12-31": "1.32", "2008-09-30": "1.01", "2008-06-30": "0.97", "2008-03-31": "1.10", "2007-12-31": "1.20", "2007-09-30": "1.23", "2007-06-30": "1.40", "2007-03-31": "1.45", "2006-12-31": "1.59", "2006-09-30": "1.74", "2006-06-30": "1.85", "2006-03-31": "2.18"}, "price fcf": {"2021-02-11": "", "2020-09-30": "$7.31", "2020-06-30": "$6.21", "2020-03-31": "$5.31", "2019-12-31": "$4.83", "2019-09-30": "$4.24", "2019-06-30": "$3.42", "2019-03-31": "$2.34", "2018-12-31": "$0.29", "2018-09-30": "$-0.41", "2018-06-30": "$0.01", "2018-03-31": "$-0.15", "2017-12-31": "$1.85", "2017-09-30": "$1.58", "2017-06-30": "$1.70", "2017-03-31": "$2.27", "2016-12-31": "$2.58", "2016-09-30": "$3.32", "2016-06-30": "$2.92", "2016-03-31": "$3.39", "2015-12-31": "$3.05", "2015-09-30": "$3.14", "2015-06-30": "$2.70", "2015-03-31": "$3.67", "2014-12-31": "$4.11", "2014-09-30": "$3.75", "2014-06-30": "$4.42", "2014-03-31": "$3.12", "2013-12-31": "$3.08", "2013-09-30": "$2.58", "2013-06-30": "$1.69", "2013-03-31": "$1.95", "2012-12-31": "$1.76", "2012-09-30": "$3.65", "2012-06-30": "$3.34", "2012-03-31": "$2.73", "2011-12-31": "$2.42", "2011-09-30": "$0.66", "2011-06-30": "$1.38", "2011-03-31": "$1.47", "2010-12-31": "$1.73", "2010-09-30": "$2.08", "2010-06-30": "$1.93", "2010-03-31": "$1.26", "2009-12-31": "$1.14", "2009-09-30": "$3.16", "2009-06-30": "$4.10", "2009-03-31": "$4.99", "2008-12-31": "$5.67", "2008-09-30": "$4.10", "2008-06-30": "$4.26", "2008-03-31": "$4.40", "2007-12-31": "$4.81", "2007-09-30": "$5.27", "2007-06-30": "$5.34", "2007-03-31": "$5.49", "2006-12-31": "$5.03"}, "net worth": {"value": "$11.97B"}, "current ratio": {"2020-12-31": "0.00", "2020-09-30": "0.41", "2020-06-30": "0.41", "2020-03-31": "0.32", "2019-12-31": "0.34", "2019-09-30": "0.31", "2019-06-30": "0.35", "2019-03-31": "0.33", "2018-12-31": "0.32", "2018-09-30": "0.31", "2018-06-30": "0.31", "2018-03-31": "0.30", "2017-12-31": "0.31", "2017-09-30": "0.30", "2017-06-30": "0.30", "2017-03-31": "0.27", "2016-12-31": "0.32", "2016-09-30": "0.30", "2016-06-30": "0.33", "2016-03-31": "0.32", "2015-12-31": "0.31", "2015-09-30": "0.32", "2015-06-30": "0.29", "2015-03-31": "0.28", "2014-12-31": "0.31", "2014-09-30": "0.33", "2014-06-30": "0.30", "2014-03-31": "0.29", "2013-12-31": "0.32", "2013-09-30": "0.32", "2013-06-30": "0.30", "2013-03-31": "0.31", "2012-12-31": "0.34", "2012-09-30": "0.35", "2012-06-30": "0.32", "2012-03-31": "0.34", "2011-12-31": "0.31", "2011-09-30": "0.31", "2011-06-30": "0.29", "2011-03-31": "0.28", "2010-12-31": "0.28", "2010-09-30": "0.29", "2010-06-30": "0.28", "2010-03-31": "0.24", "2009-12-31": "0.25", "2009-09-30": "0.26", "2009-06-30": "0.26", "2009-03-31": "0.27", "2008-12-31": "0.29", "2008-09-30": "0.31", "2008-06-30": "0.28", "2008-03-31": "0.30", "2007-12-31": "0.31", "2007-09-30": "0.28", "2007-06-30": "0.29", "2007-03-31": "0.31", "2006-12-31": "0.31", "2006-09-30": "0.30", "2006-06-30": "0.32", "2006-03-31": "0.30", "2005-12-31": "0.31", "2005-09-30": "0.35", "2005-06-30": "0.33", "2005-03-31": "0.34"}, "quick ratio": {"2020-12-31": "0.00", "2020-09-30": "0.00", "2020-06-30": "0.00", "2020-03-31": "0.00", "2019-12-31": "0.00", "2019-09-30": "0.00", "2019-06-30": "0.00", "2019-03-31": "0.00", "2018-12-31": "0.00", "2018-09-30": "0.00", "2018-06-30": "0.00", "2018-03-31": "0.00", "2017-12-31": "0.00", "2017-09-30": "0.00", "2017-06-30": "0.00", "2017-03-31": "0.00", "2016-12-31": "0.00", "2016-09-30": "0.00", "2016-06-30": "0.00", "2016-03-31": "0.00", "2015-12-31": "0.00", "2015-09-30": "0.00", "2015-06-30": "0.00", "2015-03-31": "0.00", "2014-12-31": "0.00", "2014-09-30": "0.00", "2014-06-30": "0.00", "2014-03-31": "0.00", "2013-12-31": "0.00", "2013-09-30": "0.00", "2013-06-30": "0.00", "2013-03-31": "0.00", "2012-12-31": "0.00", "2012-09-30": "0.00", "2012-06-30": "0.00", "2012-03-31": "0.00", "2011-12-31": "0.00", "2011-09-30": "0.00", "2011-06-30": "0.00", "2011-03-31": "0.00", "2010-12-31": "0.00", "2010-09-30": "0.00", "2010-06-30": "0.00", "2010-03-31": "0.00", "2009-12-31": "0.00", "2009-09-30": "0.00", "2009-06-30": "0.00", "2009-03-31": "0.00", "2008-12-31": "0.00", "2008-09-30": "0.00", "2008-06-30": "0.00", "2008-03-31": "0.00", "2007-12-31": "0.00", "2007-09-30": "0.00", "2007-06-30": "0.00", "2007-03-31": "0.00", "2006-12-31": "0.00", "2006-09-30": "0.00", "2006-06-30": "0.00", "2006-03-31": "0.00", "2005-12-31": "0.00", "2005-09-30": "0.00", "2005-06-30": "0.00", "2005-03-31": "0.00"}, "debt equity ratio": {"current": "0.51", "2020-12-31": "0.00", "2020-09-30": "3.67", "2020-06-30": "3.67", "2020-03-31": "3.71", "2019-12-31": "3.35", "2019-09-30": "3.30", "2019-06-30": "3.40", "2019-03-31": "3.41", "2018-12-31": "3.54", "2018-09-30": "3.54", "2018-06-30": "3.51", "2018-03-31": "3.48", "2017-12-31": "3.46", "2017-09-30": "3.45", "2017-06-30": "3.51", "2017-03-31": "3.51", "2016-12-31": "3.60", "2016-09-30": "3.71", "2016-06-30": "3.66", "2016-03-31": "3.64", "2015-12-31": "3.69", "2015-09-30": "3.71", "2015-06-30": "3.78", "2015-03-31": "3.74", "2014-12-31": "3.70", "2014-09-30": "3.66", "2014-06-30": "3.55", "2014-03-31": "3.69", "2013-12-31": "3.70", "2013-09-30": "3.67", "2013-06-30": "3.74", "2013-03-31": "3.56", "2012-12-31": "3.65", "2012-09-30": "3.60", "2012-06-30": "3.62", "2012-03-31": "3.63", "2011-12-31": "3.65", "2011-09-30": "3.74", "2011-06-30": "3.64", "2011-03-31": "3.73", "2010-12-31": "3.73", "2010-09-30": "3.65", "2010-06-30": "3.72", "2010-03-31": "3.72", "2009-12-31": "3.81", "2009-09-30": "3.82", "2009-06-30": "4.05", "2009-03-31": "4.26", "2008-12-31": "4.28", "2008-09-30": "4.38", "2008-06-30": "4.05", "2008-03-31": "3.88", "2007-12-31": "3.68", "2007-09-30": "3.75", "2007-06-30": "3.66", "2007-03-31": "3.68", "2006-12-31": "3.69", "2006-09-30": "3.99", "2006-06-30": "4.25", "2006-03-31": "4.36", "2005-12-31": "4.41", "2005-09-30": "4.64", "2005-06-30": "4.44", "2005-03-31": "4.61"}, "return on equity": {"2020-12-31": "12.19%", "2020-09-30": "5.74%", "2020-06-30": "5.95%", "2020-03-31": "8.36%", "2019-12-31": "11.35%", "2019-09-30": "11.88%", "2019-06-30": "12.15%", "2019-03-31": "11.79%", "2018-12-31": "11.68%", "2018-09-30": "12.12%", "2018-06-30": "12.12%", "2018-03-31": "10.89%", "2017-12-31": "10.23%", "2017-09-30": "10.37%", "2017-06-30": "11.77%", "2017-03-31": "12.00%", "2016-12-31": "12.20%", "2016-09-30": "11.59%", "2016-06-30": "10.37%", "2016-03-31": "10.90%", "2015-12-31": "10.96%", "2015-09-30": "10.98%", "2015-06-30": "11.69%", "2015-03-31": "12.84%", "2014-12-31": "14.11%", "2014-09-30": "14.72%", "2014-06-30": "13.84%", "2014-03-31": "12.68%", "2013-12-31": "11.47%", "2013-09-30": "12.29%", "2013-06-30": "11.51%", "2013-03-31": "11.38%", "2012-12-31": "11.99%", "2012-09-30": "11.10%", "2012-06-30": "10.80%", "2012-03-31": "10.32%", "2011-12-31": "10.06%", "2011-09-30": "10.41%", "2011-06-30": "10.90%", "2011-03-31": "11.81%", "2010-12-31": "12.01%", "2010-09-30": "12.37%", "2010-06-30": "12.67%", "2010-03-31": "12.66%", "2009-12-31": "9.10%", "2009-09-30": "6.60%", "2009-06-30": "2.85%", "2009-03-31": "2.31%", "2008-12-31": "8.73%", "2008-09-30": "13.38%", "2008-06-30": "18.94%", "2008-03-31": "21.69%", "2007-12-31": "21.55%", "2007-09-30": "21.69%", "2007-06-30": "22.18%", "2007-03-31": "22.71%", "2006-12-31": "23.41%", "2006-09-30": "23.91%", "2006-06-30": "23.50%", "2006-03-31": "23.30%", "2005-12-31": "22.90%"}, "return on assets": {"2020-12-31": "2.60%", "2020-09-30": "1.25%", "2020-06-30": "1.32%", "2020-03-31": "1.89%", "2019-12-31": "2.60%", "2019-09-30": "2.69%", "2019-06-30": "2.72%", "2019-03-31": "2.62%", "2018-12-31": "2.59%", "2018-09-30": "2.70%", "2018-06-30": "2.71%", "2018-03-31": "2.44%", "2017-12-31": "2.28%", "2017-09-30": "2.30%", "2017-06-30": "2.57%", "2017-03-31": "2.60%", "2016-12-31": "2.62%", "2016-09-30": "2.48%", "2016-06-30": "2.22%", "2016-03-31": "2.32%", "2015-12-31": "2.32%", "2015-09-30": "2.32%", "2015-06-30": "2.48%", "2015-03-31": "2.75%", "2014-12-31": "3.03%", "2014-09-30": "3.17%", "2014-06-30": "2.98%", "2014-03-31": "2.70%", "2013-12-31": "2.46%", "2013-09-30": "2.64%", "2013-06-30": "2.48%", "2013-03-31": "2.47%", "2012-12-31": "2.59%", "2012-09-30": "2.40%", "2012-06-30": "2.32%", "2012-03-31": "2.21%", "2011-12-31": "2.14%", "2011-09-30": "2.21%", "2011-06-30": "2.33%", "2011-03-31": "2.51%", "2010-12-31": "2.55%", "2010-09-30": "2.62%", "2010-06-30": "2.66%", "2010-03-31": "2.61%", "2009-12-31": "1.83%", "2009-09-30": "1.30%", "2009-06-30": "0.54%", "2009-03-31": "0.44%", "2008-12-31": "1.70%", "2008-09-30": "2.68%", "2008-06-30": "3.92%", "2008-03-31": "4.57%", "2007-12-31": "4.60%", "2007-09-30": "4.62%", "2007-06-30": "4.67%", "2007-03-31": "4.65%", "2006-12-31": "4.64%", "2006-09-30": "4.56%", "2006-06-30": "4.35%", "2006-03-31": "4.27%", "2005-12-31": "4.15%"}, "return on investments": {"2020-12-31": "13.13%", "2020-09-30": "6.90%", "2020-06-30": "6.97%", "2020-03-31": "8.96%", "2019-12-31": "11.63%", "2019-09-30": "12.06%", "2019-06-30": "12.25%", "2019-03-31": "11.94%", "2018-12-31": "11.82%", "2018-09-30": "12.37%", "2018-06-30": "12.63%", "2018-03-31": "11.88%", "2017-12-31": "11.71%", "2017-09-30": "12.25%", "2017-06-30": "13.84%", "2017-03-31": "13.93%", "2016-12-31": "14.05%", "2016-09-30": "13.29%", "2016-06-30": "12.07%", "2016-03-31": "12.66%", "2015-12-31": "12.60%", "2015-09-30": "12.61%", "2015-06-30": "13.14%", "2015-03-31": "14.34%", "2014-12-31": "15.75%", "2014-09-30": "16.38%", "2014-06-30": "15.60%", "2014-03-31": "14.22%", "2013-12-31": "12.90%", "2013-09-30": "13.71%", "2013-06-30": "12.71%", "2013-03-31": "12.56%", "2012-12-31": "13.01%", "2012-09-30": "11.98%", "2012-06-30": "11.69%", "2012-03-31": "11.27%", "2011-12-31": "11.10%", "2011-09-30": "11.62%", "2011-06-30": "12.07%", "2011-03-31": "12.93%", "2010-12-31": "13.11%", "2010-09-30": "13.49%", "2010-06-30": "13.72%", "2010-03-31": "13.68%", "2009-12-31": "9.73%", "2009-09-30": "6.57%", "2009-06-30": "2.71%", "2009-03-31": "2.05%", "2008-12-31": "9.13%", "2008-09-30": "14.72%", "2008-06-30": "20.89%", "2008-03-31": "24.08%", "2007-12-31": "24.00%", "2007-09-30": "24.36%", "2007-06-30": "24.71%", "2007-03-31": "25.03%", "2006-12-31": "25.42%", "2006-09-30": "25.11%", "2006-06-30": "24.08%", "2006-03-31": "23.80%", "2005-12-31": "23.56%"}, "return on tangible equity": {"2020-09-30": "5.91%", "2020-06-30": "6.12%", "2020-03-31": "8.61%", "2019-12-31": "11.68%", "2019-09-30": "12.24%", "2019-06-30": "12.53%", "2019-03-31": "12.17%", "2018-12-31": "12.07%", "2018-09-30": "12.52%", "2018-06-30": "12.53%", "2018-03-31": "11.24%", "2017-12-31": "10.55%", "2017-09-30": "10.68%", "2017-06-30": "12.11%", "2017-03-31": "12.35%", "2016-12-31": "12.57%", "2016-09-30": "11.96%", "2016-06-30": "10.72%", "2016-03-31": "11.27%", "2015-12-31": "11.33%", "2015-09-30": "11.36%", "2015-06-30": "12.05%", "2015-03-31": "13.20%", "2014-12-31": "14.47%", "2014-09-30": "15.08%", "2014-06-30": "14.19%", "2014-03-31": "13.02%", "2013-12-31": "11.77%", "2013-09-30": "12.60%", "2013-06-30": "11.78%", "2013-03-31": "11.63%", "2012-12-31": "12.24%", "2012-09-30": "11.34%", "2012-06-30": "11.05%", "2012-03-31": "10.56%", "2011-12-31": "10.30%", "2011-09-30": "10.66%", "2011-06-30": "11.18%", "2011-03-31": "12.13%", "2010-12-31": "12.36%", "2010-09-30": "12.73%", "2010-06-30": "13.05%", "2010-03-31": "13.04%", "2009-12-31": "9.38%", "2009-09-30": "6.82%", "2009-06-30": "2.95%", "2009-03-31": "2.39%", "2008-12-31": "9.03%", "2008-09-30": "13.81%", "2008-06-30": "19.53%", "2008-03-31": "22.29%", "2007-12-31": "22.09%", "2007-09-30": "22.19%", "2007-06-30": "22.65%", "2007-03-31": "23.21%", "2006-12-31": "23.94%", "2006-09-30": "24.49%", "2006-06-30": "24.11%", "2006-03-31": "23.93%", "2005-12-31": "23.54%"}, "dividend yield history": {"last payout": "$0.48", "last yield": "0.71%"}}