{"ticker": "WU", "price": {"title": "Western Union Historical Annual Stock Price Data", "value": 23.56, "historical": {"2020": {"Average Stock Price": "22.2964", "Year Open": "26.1900", "Year High": "28.3000", "Year Low": "17.6000", "Year Close": "21.9400", "Annual % Change": "-18.07%"}, "2019": {"Average Stock Price": "21.2929", "Year Open": "17.1400", "Year High": "27.8700", "Year Low": "16.8700", "Year Close": "26.7800", "Annual % Change": "56.98%"}, "2018": {"Average Stock Price": "19.3922", "Year Open": "19.0800", "Year High": "21.4900", "Year Low": "16.5500", "Year Close": "17.0600", "Annual % Change": "-10.26%"}, "2017": {"Average Stock Price": "19.6060", "Year Open": "21.9700", "Year High": "22.5700", "Year Low": "18.4700", "Year Close": "19.0100", "Annual % Change": "-12.48%"}, "2016": {"Average Stock Price": "19.6933", "Year Open": "17.6200", "Year High": "22.1400", "Year Low": "16.4400", "Year Close": "21.7200", "Annual % Change": "21.27%"}, "2015": {"Average Stock Price": "19.4566", "Year Open": "17.9300", "Year High": "22.5600", "Year Low": "16.9600", "Year Close": "17.9100", "Annual % Change": "0.00%"}, "2014": {"Average Stock Price": "16.7551", "Year Open": "17.0300", "Year High": "18.5800", "Year Low": "15.1500", "Year Close": "17.9100", "Annual % Change": "3.83%"}, "2013": {"Average Stock Price": "16.4140", "Year Open": "13.7600", "Year High": "19.3700", "Year Low": "13.3600", "Year Close": "17.2500", "Annual % Change": "26.75%"}, "2012": {"Average Stock Price": "16.8983", "Year Open": "18.5500", "Year High": "19.7300", "Year Low": "11.9500", "Year Close": "13.6100", "Annual % Change": "-25.47%"}, "2011": {"Average Stock Price": "18.9049", "Year Open": "18.7400", "Year High": "21.9900", "Year Low": "14.8900", "Year Close": "18.2600", "Annual % Change": "-1.67%"}, "2010": {"Average Stock Price": "17.1123", "Year Open": "19.0900", "Year High": "20.1300", "Year Low": "14.9000", "Year Close": "18.5700", "Annual % Change": "-1.49%"}, "2009": {"Average Stock Price": "16.6019", "Year Open": "15.2000", "Year High": "20.5600", "Year Low": "10.4300", "Year Close": "18.8500", "Annual % Change": "31.45%"}, "2008": {"Average Stock Price": "21.4666", "Year Open": "23.0300", "Year High": "28.3500", "Year Low": "10.8700", "Year Close": "14.3400", "Annual % Change": "-40.94%"}, "2007": {"Average Stock Price": "21.4945", "Year Open": "22.7100", "Year High": "24.7200", "Year Low": "18.3600", "Year Close": "24.2800", "Annual % Change": "8.30%"}, "2006": {"Average Stock Price": "21.7814", "Year Open": "19.7600", "Year High": "24.1200", "Year Low": "18.5800", "Year Close": "22.4200", "Annual % Change": "0.00%"}}}, "market cap": {"value": "$9.61B"}, "income statement": {"Revenue": {"2019-12-31": "5292.10000", "2018-12-31": "5589.90000", "2017-12-31": "5524.30000", "2016-12-31": "5422.90000", "2015-12-31": "5483.70000", "2014-12-31": "5607.20000", "2013-12-31": "5542.00000", "2012-12-31": "5664.80000", "2011-12-31": "5491.40000", "2010-12-31": "5192.70000", "2009-12-31": "5083.60000", "2008-12-31": "5282.00000", "2007-12-31": "4900.20000", "2006-12-31": "4470.20000", "2005-12-31": "3987.90000"}, "Cost Of Goods Sold": {"2019-12-31": "3086.50000", "2018-12-31": "3300.80000", "2017-12-31": "3353.00000", "2016-12-31": "3266.70000", "2015-12-31": "3199.40000", "2014-12-31": "3297.40000", "2013-12-31": "3235.00000", "2012-12-31": "3194.20000", "2011-12-31": "3102.00000", "2010-12-31": "2978.40000", "2009-12-31": "2874.90000", "2008-12-31": "3093.00000", "2007-12-31": "2808.40000", "2006-12-31": "2430.50000", "2005-12-31": "2118.90000"}, "Gross Profit": {"2019-12-31": "2205.60000", "2018-12-31": "2289.10000", "2017-12-31": "2171.30000", "2016-12-31": "2156.20000", "2015-12-31": "2284.30000", "2014-12-31": "2309.80000", "2013-12-31": "2307.00000", "2012-12-31": "2470.60000", "2011-12-31": "2389.40000", "2010-12-31": "2214.30000", "2009-12-31": "2208.70000", "2008-12-31": "2189.00000", "2007-12-31": "2091.80000", "2006-12-31": "2039.70000", "2005-12-31": "1869.00000"}, "Research And Development Expenses": {"2019-12-31": "", "2018-12-31": "", "2017-12-31": "", "2016-12-31": "", "2015-12-31": "", "2014-12-31": "", "2013-12-31": "", "2012-12-31": "", "2011-12-31": "", "2010-12-31": "", "2009-12-31": "", "2008-12-31": "", "2007-12-31": "", "2006-12-31": "", "2005-12-31": ""}, "SG&A Expenses": {"2019-12-31": "1271.60000", "2018-12-31": "1167.00000", "2017-12-31": "1231.50000", "2016-12-31": "1669.20000", "2015-12-31": "1174.90000", "2014-12-31": "1169.30000", "2013-12-31": "1199.60000", "2012-12-31": "1140.60000", "2011-12-31": "1004.40000", "2010-12-31": "914.20000", "2009-12-31": "926.00000", "2008-12-31": "834.00000", "2007-12-31": "769.80000", "2006-12-31": "728.30000", "2005-12-31": "599.80000"}, "Other Operating Income Or Expenses": {"2019-12-31": "", "2018-12-31": "", "2017-12-31": "", "2016-12-31": "", "2015-12-31": "", "2014-12-31": "", "2013-12-31": "", "2012-12-31": "", "2011-12-31": "", "2010-12-31": "", "2009-12-31": "", "2008-12-31": "", "2007-12-31": "", "2006-12-31": "", "2005-12-31": ""}, "Operating Expenses": {"2019-12-31": "4358.10000", "2018-12-31": "4467.80000", "2017-12-31": "5048.50000", "2016-12-31": "4935.90000", "2015-12-31": "4374.30000", "2014-12-31": "4466.70000", "2013-12-31": "4434.60000", "2012-12-31": "4334.80000", "2011-12-31": "4106.40000", "2010-12-31": "3892.60000", "2009-12-31": "3800.90000", "2008-12-31": "3927.00000", "2007-12-31": "3578.20000", "2006-12-31": "3158.80000", "2005-12-31": "2718.70000"}, "Operating Income": {"2019-12-31": "934.00000", "2018-12-31": "1122.10000", "2017-12-31": "475.79980", "2016-12-31": "487.00000", "2015-12-31": "1109.40000", "2014-12-31": "1140.50000", "2013-12-31": "1107.40000", "2012-12-31": "1330.00000", "2011-12-31": "1385.00000", "2010-12-31": "1300.10000", "2009-12-31": "1282.70000", "2008-12-31": "1355.00000", "2007-12-31": "1322.00000", "2006-12-31": "1311.40000", "2005-12-31": "1269.20000"}, "Total Non-Operating Income/Expense": {"2019-12-31": "387.40000", "2018-12-31": "-130.70000", "2017-12-31": "-128.30000", "2016-12-31": "-145.30000", "2015-12-31": "-167.60000", "2014-12-31": "-172.30000", "2013-12-31": "-180.50000", "2012-12-31": "-161.20000", "2011-12-31": "-110.40000", "2010-12-31": "-154.90000", "2009-12-31": "-151.20000", "2008-12-31": "-116.30000", "2007-12-31": "-99.60000", "2006-12-31": "23.70000", "2005-12-31": "74.90000"}, "Pre-Tax Income": {"2019-12-31": "1321.40000", "2018-12-31": "991.40000", "2017-12-31": "347.50000", "2016-12-31": "341.70000", "2015-12-31": "941.80000", "2014-12-31": "968.20000", "2013-12-31": "926.90000", "2012-12-31": "1168.80000", "2011-12-31": "1274.60000", "2010-12-31": "1145.20000", "2009-12-31": "1131.50000", "2008-12-31": "1238.70000", "2007-12-31": "1222.40000", "2006-12-31": "1335.10000", "2005-12-31": "1344.10000"}, "Income Taxes": {"2019-12-31": "263.10000", "2018-12-31": "139.50000", "2017-12-31": "904.60000", "2016-12-31": "88.50000", "2015-12-31": "104.00000", "2014-12-31": "115.80000", "2013-12-31": "128.50000", "2012-12-31": "142.90000", "2011-12-31": "109.20000", "2010-12-31": "235.30000", "2009-12-31": "282.70000", "2008-12-31": "319.70000", "2007-12-31": "365.10000", "2006-12-31": "421.10000", "2005-12-31": "416.70000"}, "Income After Taxes": {"2019-12-31": "1058.30000", "2018-12-31": "851.90000", "2017-12-31": "-557.10000", "2016-12-31": "253.20000", "2015-12-31": "837.80000", "2014-12-31": "852.40000", "2013-12-31": "798.40000", "2012-12-31": "1025.90000", "2011-12-31": "1165.40000", "2010-12-31": "909.90000", "2009-12-31": "848.80000", "2008-12-31": "918.99990", "2007-12-31": "857.30000", "2006-12-31": "914.00000", "2005-12-31": "927.40000"}, "Other Income": {"2019-12-31": "", "2018-12-31": "", "2017-12-31": "", "2016-12-31": "", "2015-12-31": "", "2014-12-31": "", "2013-12-31": "", "2012-12-31": "", "2011-12-31": "", "2010-12-31": "", "2009-12-31": "", "2008-12-31": "", "2007-12-31": "", "2006-12-31": "", "2005-12-31": ""}, "Income From Continuous Operations": {"2019-12-31": "1058.30000", "2018-12-31": "851.90000", "2017-12-31": "-557.10000", "2016-12-31": "253.20000", "2015-12-31": "837.80000", "2014-12-31": "852.40000", "2013-12-31": "798.40000", "2012-12-31": "1025.90000", "2011-12-31": "1165.40000", "2010-12-31": "909.90000", "2009-12-31": "848.80000", "2008-12-31": "918.99990", "2007-12-31": "857.30000", "2006-12-31": "914.00000", "2005-12-31": "927.40000"}, "Income From Discontinued Operations": {"2019-12-31": "", "2018-12-31": "", "2017-12-31": "", "2016-12-31": "", "2015-12-31": "", "2014-12-31": "", "2013-12-31": "", "2012-12-31": "", "2011-12-31": "", "2010-12-31": "", "2009-12-31": "", "2008-12-31": "", "2007-12-31": "", "2006-12-31": "", "2005-12-31": ""}, "Net Income": {"2019-12-31": "1058.30000", "2018-12-31": "851.90000", "2017-12-31": "-557.10000", "2016-12-31": "253.20000", "2015-12-31": "837.80000", "2014-12-31": "852.40000", "2013-12-31": "798.40000", "2012-12-31": "1025.90000", "2011-12-31": "1165.40000", "2010-12-31": "909.90000", "2009-12-31": "848.80000", "2008-12-31": "919.00000", "2007-12-31": "857.30000", "2006-12-31": "914.00000", "2005-12-31": "927.40000"}, "EBITDA": {"2019-12-31": "1191.70000", "2018-12-31": "1386.80000", "2017-12-31": "1202.70000", "2016-12-31": "750.20000", "2015-12-31": "1379.60000", "2014-12-31": "1412.40000", "2013-12-31": "1370.20000", "2012-12-31": "1576.10000", "2011-12-31": "1577.60000", "2010-12-31": "1476.00000", "2009-12-31": "1436.90000", "2008-12-31": "1499.00000", "2007-12-31": "1445.90000", "2006-12-31": "1414.90000", "2005-12-31": "1348.70000"}, "EBIT": {"2019-12-31": "934.00000", "2018-12-31": "1122.10000", "2017-12-31": "475.79980", "2016-12-31": "487.00000", "2015-12-31": "1109.40000", "2014-12-31": "1140.50000", "2013-12-31": "1107.40000", "2012-12-31": "1330.00000", "2011-12-31": "1385.00000", "2010-12-31": "1300.10000", "2009-12-31": "1282.70000", "2008-12-31": "1355.00000", "2007-12-31": "1322.00000", "2006-12-31": "1311.40000", "2005-12-31": "1269.20000"}, "Basic Shares Outstanding": {"2019-12-31": "427.60000", "2018-12-31": "451.80000", "2017-12-31": "467.90000", "2016-12-31": "490.20000", "2015-12-31": "512.60000", "2014-12-31": "533.40000", "2013-12-31": "556.60000", "2012-12-31": "604.90000", "2011-12-31": "630.60000", "2010-12-31": "666.50000", "2009-12-31": "698.90000", "2008-12-31": "730.10000", "2007-12-31": "760.20000", "2006-12-31": "764.50000", "2005-12-31": "763.90000"}, "Shares Outstanding": {"2019-12-31": "430.90000", "2018-12-31": "454.40000", "2017-12-31": "467.90000", "2016-12-31": "493.50000", "2015-12-31": "516.70000", "2014-12-31": "536.80000", "2013-12-31": "559.70000", "2012-12-31": "607.40000", "2011-12-31": "634.20000", "2010-12-31": "668.90000", "2009-12-31": "701.00000", "2008-12-31": "738.20000", "2007-12-31": "772.90000", "2006-12-31": "768.60000", "2005-12-31": "763.90000"}, "Basic EPS": {"2019-12-31": "2.47000", "2018-12-31": "1.89000", "2017-12-31": "-1.19000", "2016-12-31": "0.52000", "2015-12-31": "1.63000", "2014-12-31": "1.60000", "2013-12-31": "1.43000", "2012-12-31": "1.70000", "2011-12-31": "1.85000", "2010-12-31": "1.37000", "2009-12-31": "1.21000", "2008-12-31": "1.26000", "2007-12-31": "1.13000", "2006-12-31": "1.20000", "2005-12-31": "1.21000"}, "EPS - Earnings Per Share": {"2019-12-31": "2.46000", "2018-12-31": "1.87000", "2017-12-31": "-1.19000", "2016-12-31": "0.51000", "2015-12-31": "1.62000", "2014-12-31": "1.59000", "2013-12-31": "1.43000", "2012-12-31": "1.69000", "2011-12-31": "1.84000", "2010-12-31": "1.36000", "2009-12-31": "1.21000", "2008-12-31": "1.24000", "2007-12-31": "1.11000", "2006-12-31": "1.19000", "2005-12-31": "1.21000"}}, "income statement, quarterly": {"Revenue": {"2020-09-30": "1258.50000", "2020-06-30": "1114.70000", "2020-03-31": "1190.00000", "2019-12-31": "1307.70000", "2019-09-30": "1306.90000", "2019-06-30": "1340.50000", "2019-03-31": "1337.00000", "2018-12-31": "1401.59900", "2018-09-30": "1387.80000", "2018-06-30": "1411.10000", "2018-03-31": "1389.40000", "2017-12-31": "1438.30000", "2017-09-30": "1404.70000", "2017-06-30": "1378.90000", "2017-03-31": "1302.40000", "2016-12-31": "1371.70000", "2016-09-30": "1377.80000", "2016-06-30": "1375.70000", "2016-03-31": "1297.70000", "2015-12-31": "1380.00000", "2015-09-30": "1399.20000", "2015-06-30": "1383.60000", "2015-03-31": "1320.90000", "2014-12-31": "1409.90000", "2014-09-30": "1440.90000", "2014-06-30": "1405.60000", "2014-03-31": "1350.80000", "2013-12-31": "1421.90000", "2013-09-30": "1408.80000", "2013-06-30": "1385.90000", "2013-03-31": "1325.40000", "2012-12-31": "1424.70000", "2012-09-30": "1421.60000", "2012-06-30": "1425.10000", "2012-03-31": "1393.40000", "2011-12-31": "1431.30000", "2011-09-30": "1410.80000", "2011-06-30": "1366.30000", "2011-03-31": "1283.00000", "2010-12-31": "1357.00000", "2010-09-30": "1329.60000", "2010-06-30": "1273.40000", "2010-03-31": "1232.70000", "2009-12-31": "1314.00000", "2009-09-30": "1314.10000", "2009-06-30": "1254.30000", "2009-03-31": "1201.20000", "2008-12-31": "1291.60000", "2008-09-30": "1377.40000", "2008-06-30": "1347.10000", "2008-03-31": "1265.90000", "2007-12-31": "1309.10000", "2007-09-30": "1257.20000", "2007-06-30": "1202.90000", "2007-03-31": "1131.00000", "2006-12-31": "1173.20000", "2006-09-30": "1140.40000", "2006-06-30": "1113.60000", "2006-03-31": "1043.00000", "2005-12-31": "", "2005-09-30": "1019.30000"}, "Cost Of Goods Sold": {"2020-09-30": "721.70000", "2020-06-30": "662.20000", "2020-03-31": "683.40000", "2019-12-31": "756.49990", "2019-09-30": "768.60000", "2019-06-30": "776.40000", "2019-03-31": "785.00000", "2018-12-31": "833.79990", "2018-09-30": "812.40000", "2018-06-30": "829.20000", "2018-03-31": "825.40000", "2017-12-31": "870.29990", "2017-09-30": "840.50000", "2017-06-30": "842.30000", "2017-03-31": "799.90000", "2016-12-31": "842.49980", "2016-09-30": "822.90000", "2016-06-30": "821.90000", "2016-03-31": "779.40000", "2015-12-31": "810.99990", "2015-09-30": "817.20000", "2015-06-30": "799.40000", "2015-03-31": "771.80000", "2014-12-31": "831.89980", "2014-09-30": "840.50000", "2014-06-30": "827.80000", "2014-03-31": "797.20000", "2013-12-31": "845.70010", "2013-09-30": "818.20000", "2013-06-30": "811.70000", "2013-03-31": "759.40000", "2012-12-31": "817.39990", "2012-09-30": "796.30000", "2012-06-30": "797.50000", "2012-03-31": "783.00000", "2011-12-31": "792.40000", "2011-09-30": "800.00000", "2011-06-30": "764.20000", "2011-03-31": "745.40000", "2010-12-31": "783.49990", "2010-09-30": "752.60000", "2010-06-30": "727.70000", "2010-03-31": "714.60000", "2009-12-31": "762.89980", "2009-09-30": "742.60000", "2009-06-30": "700.30000", "2009-03-31": "669.10000", "2008-12-31": "749.39990", "2008-09-30": "785.60000", "2008-06-30": "799.40000", "2008-03-31": "758.60000", "2007-12-31": "752.70000", "2007-09-30": "722.20000", "2007-06-30": "687.90000", "2007-03-31": "645.60000", "2006-12-31": "651.10000", "2006-09-30": "626.00000", "2006-06-30": "595.60000", "2006-03-31": "557.80000", "2005-12-31": "", "2005-09-30": "528.50000"}, "Gross Profit": {"2020-09-30": "536.80000", "2020-06-30": "452.49990", "2020-03-31": "506.60000", "2019-12-31": "551.20030", "2019-09-30": "538.30000", "2019-06-30": "564.10000", "2019-03-31": "552.00000", "2018-12-31": "567.79960", "2018-09-30": "575.40000", "2018-06-30": "581.90000", "2018-03-31": "564.00000", "2017-12-31": "567.99980", "2017-09-30": "564.20000", "2017-06-30": "536.60000", "2017-03-31": "502.50000", "2016-12-31": "529.20020", "2016-09-30": "554.90000", "2016-06-30": "553.79990", "2016-03-31": "518.29990", "2015-12-31": "569.00040", "2015-09-30": "581.99990", "2015-06-30": "584.20000", "2015-03-31": "549.10000", "2014-12-31": "578.00030", "2014-09-30": "600.40000", "2014-06-30": "577.80000", "2014-03-31": "553.60000", "2013-12-31": "576.20020", "2013-09-30": "590.60000", "2013-06-30": "574.20000", "2013-03-31": "566.00000", "2012-12-31": "607.29970", "2012-09-30": "625.30000", "2012-06-30": "627.60000", "2012-03-31": "610.40000", "2011-12-31": "638.89980", "2011-09-30": "610.80000", "2011-06-30": "602.10000", "2011-03-31": "537.60000", "2010-12-31": "573.50040", "2010-09-30": "577.00000", "2010-06-30": "545.70000", "2010-03-31": "518.10000", "2009-12-31": "551.10020", "2009-09-30": "571.50000", "2009-06-30": "554.00010", "2009-03-31": "532.10000", "2008-12-31": "542.20010", "2008-09-30": "591.80000", "2008-06-30": "547.70000", "2008-03-31": "507.30000", "2007-12-31": "556.40010", "2007-09-30": "534.99990", "2007-06-30": "515.00000", "2007-03-31": "485.40000", "2006-12-31": "522.10020", "2006-09-30": "514.40000", "2006-06-30": "518.00000", "2006-03-31": "485.20000", "2005-12-31": "", "2005-09-30": "490.80000"}, "Research And Development Expenses": {"2020-09-30": "", "2020-06-30": "", "2020-03-31": "", "2019-12-31": "", "2019-09-30": "", "2019-06-30": "", "2019-03-31": "", "2018-12-31": "", "2018-09-30": "", "2018-06-30": "", "2018-03-31": "", "2017-12-31": "", "2017-09-30": "", "2017-06-30": "", "2017-03-31": "", "2016-12-31": "", "2016-09-30": "", "2016-06-30": "", "2016-03-31": "", "2015-12-31": "", "2015-09-30": "", "2015-06-30": "", "2015-03-31": "", "2014-12-31": "", "2014-09-30": "", "2014-06-30": "", "2014-03-31": "", "2013-12-31": "", "2013-09-30": "", "2013-06-30": "", "2013-03-31": "", "2012-12-31": "", "2012-09-30": "", "2012-06-30": "", "2012-03-31": "", "2011-12-31": "", "2011-09-30": "", "2011-06-30": "", "2011-03-31": "", "2010-12-31": "", "2010-09-30": "", "2010-06-30": "", "2010-03-31": "", "2009-12-31": "", "2009-09-30": "", "2009-06-30": "", "2009-03-31": "", "2008-12-31": "", "2008-09-30": "", "2008-06-30": "", "2008-03-31": "", "2007-12-31": "", "2007-09-30": "", "2007-06-30": "", "2007-03-31": "", "2006-12-31": "", "2006-09-30": "", "2006-06-30": "", "2006-03-31": "", "2005-12-31": "", "2005-09-30": ""}, "SG&A Expenses": {"2020-09-30": "251.60000", "2020-06-30": "230.70000", "2020-03-31": "273.40000", "2019-12-31": "324.70000", "2019-09-30": "340.90000", "2019-06-30": "305.20000", "2019-03-31": "300.80000", "2018-12-31": "296.80000", "2018-09-30": "272.80000", "2018-06-30": "298.30000", "2018-03-31": "299.10000", "2017-12-31": "355.90000", "2017-09-30": "292.00000", "2017-06-30": "321.20000", "2017-03-31": "262.40000", "2016-12-31": "839.40000", "2016-09-30": "276.60000", "2016-06-30": "293.50000", "2016-03-31": "259.70000", "2015-12-31": "287.20000", "2015-09-30": "277.50000", "2015-06-30": "333.40000", "2015-03-31": "276.80000", "2014-12-31": "301.90010", "2014-09-30": "286.30000", "2014-06-30": "299.50000", "2014-03-31": "281.60000", "2013-12-31": "337.80000", "2013-09-30": "295.30000", "2013-06-30": "297.40000", "2013-03-31": "269.10000", "2012-12-31": "321.30000", "2012-09-30": "259.70000", "2012-06-30": "281.70000", "2012-03-31": "277.90000", "2011-12-31": "280.50010", "2011-09-30": "247.80000", "2011-06-30": "251.40000", "2011-03-31": "224.70000", "2010-12-31": "251.40000", "2010-09-30": "225.80000", "2010-06-30": "234.70000", "2010-03-31": "202.30000", "2009-12-31": "232.50000", "2009-09-30": "290.00000", "2009-06-30": "212.30000", "2009-03-31": "191.20000", "2008-12-31": "207.90000", "2008-09-30": "216.60000", "2008-06-30": "211.50000", "2008-03-31": "198.00000", "2007-12-31": "191.80000", "2007-09-30": "204.90000", "2007-06-30": "192.30000", "2007-03-31": "180.80000", "2006-12-31": "186.90000", "2006-09-30": "177.30000", "2006-06-30": "191.60000", "2006-03-31": "172.50000", "2005-12-31": "", "2005-09-30": "148.10000"}, "Other Operating Income Or Expenses": {"2020-09-30": "", "2020-06-30": "", "2020-03-31": "", "2019-12-31": "", "2019-09-30": "", "2019-06-30": "", "2019-03-31": "", "2018-12-31": "", "2018-09-30": "", "2018-06-30": "", "2018-03-31": "", "2017-12-31": "", "2017-09-30": "", "2017-06-30": "", "2017-03-31": "", "2016-12-31": "", "2016-09-30": "", "2016-06-30": "", "2016-03-31": "", "2015-12-31": "", "2015-09-30": "", "2015-06-30": "", "2015-03-31": "", "2014-12-31": "", "2014-09-30": "", "2014-06-30": "", "2014-03-31": "", "2013-12-31": "", "2013-09-30": "", "2013-06-30": "", "2013-03-31": "", "2012-12-31": "", "2012-09-30": "", "2012-06-30": "", "2012-03-31": "", "2011-12-31": "", "2011-09-30": "", "2011-06-30": "", "2011-03-31": "", "2010-12-31": "", "2010-09-30": "", "2010-06-30": "", "2010-03-31": "", "2009-12-31": "", "2009-09-30": "", "2009-06-30": "", "2009-03-31": "", "2008-12-31": "", "2008-09-30": "", "2008-06-30": "", "2008-03-31": "", "2007-12-31": "", "2007-09-30": "", "2007-06-30": "", "2007-03-31": "", "2006-12-31": "", "2006-09-30": "", "2006-06-30": "", "2006-03-31": "", "2005-12-31": "", "2005-09-30": ""}, "Operating Expenses": {"2020-09-30": "973.30000", "2020-06-30": "892.90000", "2020-03-31": "956.80000", "2019-12-31": "1081.20000", "2019-09-30": "1109.50000", "2019-06-30": "1081.60000", "2019-03-31": "1085.80000", "2018-12-31": "1130.60000", "2018-09-30": "1085.20000", "2018-06-30": "1127.50000", "2018-03-31": "1124.50000", "2017-12-31": "1690.20000", "2017-09-30": "1132.50000", "2017-06-30": "1163.50000", "2017-03-31": "1062.30000", "2016-12-31": "1681.90000", "2016-09-30": "1099.50000", "2016-06-30": "1115.40000", "2016-03-31": "1039.10000", "2015-12-31": "1098.20000", "2015-09-30": "1094.70000", "2015-06-30": "1132.80000", "2015-03-31": "1048.60000", "2014-12-31": "1133.80000", "2014-09-30": "1126.80000", "2014-06-30": "1127.30000", "2014-03-31": "1078.80000", "2013-12-31": "1183.50000", "2013-09-30": "1113.50000", "2013-06-30": "1109.10000", "2013-03-31": "1028.50000", "2012-12-31": "1138.70000", "2012-09-30": "1056.00000", "2012-06-30": "1079.20000", "2012-03-31": "1060.90000", "2011-12-31": "1072.90000", "2011-09-30": "1047.80000", "2011-06-30": "1015.60000", "2011-03-31": "970.10000", "2010-12-31": "1034.90000", "2010-09-30": "978.40000", "2010-06-30": "962.40000", "2010-03-31": "916.90000", "2009-12-31": "995.39980", "2009-09-30": "1032.60000", "2009-06-30": "912.60000", "2009-03-31": "860.30000", "2008-12-31": "957.30000", "2008-09-30": "1002.20000", "2008-06-30": "1010.90000", "2008-03-31": "956.60000", "2007-12-31": "944.50020", "2007-09-30": "927.10000", "2007-06-30": "880.20000", "2007-03-31": "826.40000", "2006-12-31": "838.00010", "2006-09-30": "803.30000", "2006-06-30": "787.20000", "2006-03-31": "730.30000", "2005-12-31": "", "2005-09-30": "676.60000"}, "Operating Income": {"2020-09-30": "285.20000", "2020-06-30": "221.79990", "2020-03-31": "233.20000", "2019-12-31": "226.50020", "2019-09-30": "197.40000", "2019-06-30": "258.89990", "2019-03-31": "251.20000", "2018-12-31": "270.99960", "2018-09-30": "302.60010", "2018-06-30": "283.60000", "2018-03-31": "264.90000", "2017-12-31": "-251.90030", "2017-09-30": "272.20000", "2017-06-30": "215.40000", "2017-03-31": "240.10000", "2016-12-31": "-310.20000", "2016-09-30": "278.30000", "2016-06-30": "260.29990", "2016-03-31": "258.59990", "2015-12-31": "281.80050", "2015-09-30": "304.50000", "2015-06-30": "250.79990", "2015-03-31": "272.30000", "2014-12-31": "276.10010", "2014-09-30": "314.10000", "2014-06-30": "278.29990", "2014-03-31": "272.00000", "2013-12-31": "238.40030", "2013-09-30": "295.30000", "2013-06-30": "276.80000", "2013-03-31": "296.90000", "2012-12-31": "285.99980", "2012-09-30": "365.60000", "2012-06-30": "345.90000", "2012-03-31": "332.50000", "2011-12-31": "358.39990", "2011-09-30": "363.00000", "2011-06-30": "350.70010", "2011-03-31": "312.90000", "2010-12-31": "322.10030", "2010-09-30": "351.20000", "2010-06-30": "311.00000", "2010-03-31": "315.80000", "2009-12-31": "318.60020", "2009-09-30": "281.50000", "2009-06-30": "341.70010", "2009-03-31": "340.90000", "2008-12-31": "334.29990", "2008-09-30": "375.20010", "2008-06-30": "336.20000", "2008-03-31": "309.30000", "2007-12-31": "364.59990", "2007-09-30": "330.10000", "2007-06-30": "322.70000", "2007-03-31": "304.60000", "2006-12-31": "335.20010", "2006-09-30": "337.10000", "2006-06-30": "326.40000", "2006-03-31": "312.70000", "2005-12-31": "", "2005-09-30": "342.70000"}, "Total Non-Operating Income/Expense": {"2020-09-30": "-24.20000", "2020-06-30": "-28.60000", "2020-03-31": "-31.30000", "2019-12-31": "-29.00000", "2019-09-30": "-35.20000", "2019-06-30": "486.70000", "2019-03-31": "-35.10000", "2018-12-31": "-36.00000", "2018-09-30": "-36.20000", "2018-06-30": "-28.10000", "2018-03-31": "-30.40000", "2017-12-31": "-37.30000", "2017-09-30": "-33.00000", "2017-06-30": "-31.00000", "2017-03-31": "-27.00000", "2016-12-31": "-28.10000", "2016-09-30": "-38.30000", "2016-06-30": "-37.80000", "2016-03-31": "-41.10000", "2015-12-31": "-44.90000", "2015-09-30": "-39.10000", "2015-06-30": "-43.90000", "2015-03-31": "-39.70000", "2014-12-31": "-40.20000", "2014-09-30": "-41.30000", "2014-06-30": "-46.20000", "2014-03-31": "-44.60000", "2013-12-31": "-45.60000", "2013-09-30": "-43.60000", "2013-06-30": "-44.60000", "2013-03-31": "-46.70000", "2012-12-31": "-41.20000", "2012-09-30": "-41.80000", "2012-06-30": "-35.80000", "2012-03-31": "-42.40000", "2011-12-31": "-5.80000", "2011-09-30": "-49.10000", "2011-06-30": "-17.30000", "2011-03-31": "-38.20000", "2010-12-31": "-33.80000", "2010-09-30": "-42.60000", "2010-06-30": "-38.70000", "2010-03-31": "-39.80000", "2009-12-31": "-34.50000", "2009-09-30": "-35.00000", "2009-06-30": "-46.00000", "2009-03-31": "-35.70000", "2008-12-31": "-29.10000", "2008-09-30": "-42.20000", "2008-06-30": "-28.20000", "2008-03-31": "-16.80000", "2007-12-31": "-29.40000", "2007-09-30": "-23.20000", "2007-06-30": "-24.50000", "2007-03-31": "-22.50000", "2006-12-31": "-28.70000", "2006-09-30": "42.80000", "2006-06-30": "-2.60000", "2006-03-31": "12.20000", "2005-12-31": "", "2005-09-30": "8.60000"}, "Pre-Tax Income": {"2020-09-30": "261.00000", "2020-06-30": "193.20000", "2020-03-31": "201.90000", "2019-12-31": "197.50010", "2019-09-30": "162.20000", "2019-06-30": "745.60000", "2019-03-31": "216.10000", "2018-12-31": "235.00000", "2018-09-30": "266.40000", "2018-06-30": "255.50000", "2018-03-31": "234.50000", "2017-12-31": "-289.20000", "2017-09-30": "239.20000", "2017-06-30": "184.40000", "2017-03-31": "213.10000", "2016-12-31": "-338.30000", "2016-09-30": "240.00000", "2016-06-30": "222.50000", "2016-03-31": "217.50000", "2015-12-31": "236.90000", "2015-09-30": "265.40000", "2015-06-30": "206.90000", "2015-03-31": "232.60000", "2014-12-31": "235.90000", "2014-09-30": "272.80000", "2014-06-30": "232.10000", "2014-03-31": "227.40000", "2013-12-31": "192.80000", "2013-09-30": "251.70000", "2013-06-30": "232.20000", "2013-03-31": "250.20000", "2012-12-31": "244.80000", "2012-09-30": "323.80000", "2012-06-30": "310.10000", "2012-03-31": "290.10000", "2011-12-31": "352.59990", "2011-09-30": "313.90000", "2011-06-30": "333.40000", "2011-03-31": "274.70000", "2010-12-31": "288.30000", "2010-09-30": "308.60000", "2010-06-30": "272.30000", "2010-03-31": "276.00000", "2009-12-31": "284.10000", "2009-09-30": "246.50000", "2009-06-30": "295.70000", "2009-03-31": "305.20000", "2008-12-31": "305.20000", "2008-09-30": "333.00000", "2008-06-30": "308.00000", "2008-03-31": "292.50000", "2007-12-31": "335.20000", "2007-09-30": "306.90000", "2007-06-30": "298.20000", "2007-03-31": "282.10000", "2006-12-31": "306.50000", "2006-09-30": "379.90000", "2006-06-30": "323.80000", "2006-03-31": "324.90000", "2005-12-31": "", "2005-09-30": "351.30000"}, "Income Taxes": {"2020-09-30": "32.40000", "2020-06-30": "31.30000", "2020-03-31": "25.20000", "2019-12-31": "62.10000", "2019-09-30": "27.20000", "2019-06-30": "130.80000", "2019-03-31": "43.00000", "2018-12-31": "22.90000", "2018-09-30": "57.80000", "2018-06-30": "37.90000", "2018-03-31": "20.90000", "2017-12-31": "831.70000", "2017-09-30": "3.60000", "2017-06-30": "17.90000", "2017-03-31": "51.40000", "2016-12-31": "16.70000", "2016-09-30": "23.10000", "2016-06-30": "16.90000", "2016-03-31": "31.80000", "2015-12-31": "24.60000", "2015-09-30": "33.10000", "2015-06-30": "17.60000", "2015-03-31": "28.70000", "2014-12-31": "14.40000", "2014-09-30": "38.70000", "2014-06-30": "38.30000", "2014-03-31": "24.40000", "2013-12-31": "19.40000", "2013-09-30": "37.30000", "2013-06-30": "33.60000", "2013-03-31": "38.20000", "2012-12-31": "6.90000", "2012-09-30": "54.30000", "2012-06-30": "38.90000", "2012-03-31": "42.80000", "2011-12-31": "-99.70000", "2011-09-30": "74.20000", "2011-06-30": "70.20000", "2011-03-31": "64.50000", "2010-12-31": "45.70000", "2010-09-30": "70.20000", "2010-06-30": "51.30000", "2010-03-31": "68.10000", "2009-12-31": "60.40000", "2009-09-30": "65.50000", "2009-06-30": "75.50000", "2009-03-31": "81.30000", "2008-12-31": "65.60000", "2008-09-30": "92.20000", "2008-06-30": "76.50000", "2008-03-31": "85.40000", "2007-12-31": "91.90000", "2007-09-30": "90.60000", "2007-06-30": "93.70000", "2007-03-31": "88.90000", "2006-12-31": "89.30000", "2006-09-30": "121.80000", "2006-06-30": "104.90000", "2006-03-31": "105.10000", "2005-12-31": "", "2005-09-30": "109.40000"}, "Income After Taxes": {"2020-09-30": "228.60000", "2020-06-30": "161.90000", "2020-03-31": "176.70000", "2019-12-31": "135.40010", "2019-09-30": "135.00000", "2019-06-30": "614.80000", "2019-03-31": "173.10000", "2018-12-31": "212.10000", "2018-09-30": "208.60000", "2018-06-30": "217.60000", "2018-03-31": "213.60000", "2017-12-31": "-1120.90000", "2017-09-30": "235.60000", "2017-06-30": "166.50000", "2017-03-31": "161.70000", "2016-12-31": "-355.00000", "2016-09-30": "216.90000", "2016-06-30": "205.60000", "2016-03-31": "185.70000", "2015-12-31": "212.30000", "2015-09-30": "232.30000", "2015-06-30": "189.30000", "2015-03-31": "203.90000", "2014-12-31": "221.50010", "2014-09-30": "234.10000", "2014-06-30": "193.80000", "2014-03-31": "203.00000", "2013-12-31": "173.40000", "2013-09-30": "214.40000", "2013-06-30": "198.60000", "2013-03-31": "212.00000", "2012-12-31": "237.90000", "2012-09-30": "269.50000", "2012-06-30": "271.20000", "2012-03-31": "247.30000", "2011-12-31": "452.30000", "2011-09-30": "239.70000", "2011-06-30": "263.20000", "2011-03-31": "210.20000", "2010-12-31": "242.59990", "2010-09-30": "238.40000", "2010-06-30": "221.00000", "2010-03-31": "207.90000", "2009-12-31": "223.70000", "2009-09-30": "181.00000", "2009-06-30": "220.20000", "2009-03-31": "223.90000", "2008-12-31": "239.59990", "2008-09-30": "240.80000", "2008-06-30": "231.50000", "2008-03-31": "207.10000", "2007-12-31": "243.30000", "2007-09-30": "216.30000", "2007-06-30": "204.50000", "2007-03-31": "193.20000", "2006-12-31": "217.20000", "2006-09-30": "258.10000", "2006-06-30": "218.90000", "2006-03-31": "219.80000", "2005-12-31": "", "2005-09-30": "241.90000"}, "Other Income": {"2020-09-30": "", "2020-06-30": "", "2020-03-31": "", "2019-12-31": "", "2019-09-30": "", "2019-06-30": "", "2019-03-31": "", "2018-12-31": "", "2018-09-30": "", "2018-06-30": "", "2018-03-31": "", "2017-12-31": "", "2017-09-30": "", "2017-06-30": "", "2017-03-31": "", "2016-12-31": "", "2016-09-30": "", "2016-06-30": "", "2016-03-31": "", "2015-12-31": "", "2015-09-30": "", "2015-06-30": "", "2015-03-31": "", "2014-12-31": "", "2014-09-30": "", "2014-06-30": "", "2014-03-31": "", "2013-12-31": "", "2013-09-30": "", "2013-06-30": "", "2013-03-31": "", "2012-12-31": "", "2012-09-30": "", "2012-06-30": "", "2012-03-31": "", "2011-12-31": "", "2011-09-30": "", "2011-06-30": "", "2011-03-31": "", "2010-12-31": "", "2010-09-30": "", "2010-06-30": "", "2010-03-31": "", "2009-12-31": "", "2009-09-30": "", "2009-06-30": "", "2009-03-31": "", "2008-12-31": "", "2008-09-30": "", "2008-06-30": "", "2008-03-31": "", "2007-12-31": "", "2007-09-30": "", "2007-06-30": "", "2007-03-31": "", "2006-12-31": "", "2006-09-30": "", "2006-06-30": "", "2006-03-31": "", "2005-12-31": "", "2005-09-30": ""}, "Income From Continuous Operations": {"2020-09-30": "228.60000", "2020-06-30": "161.90000", "2020-03-31": "176.70000", "2019-12-31": "135.40010", "2019-09-30": "135.00000", "2019-06-30": "614.80000", "2019-03-31": "173.10000", "2018-12-31": "212.10000", "2018-09-30": "208.60000", "2018-06-30": "217.60000", "2018-03-31": "213.60000", "2017-12-31": "-1120.90000", "2017-09-30": "235.60000", "2017-06-30": "166.50000", "2017-03-31": "161.70000", "2016-12-31": "-355.00000", "2016-09-30": "216.90000", "2016-06-30": "205.60000", "2016-03-31": "185.70000", "2015-12-31": "212.30000", "2015-09-30": "232.30000", "2015-06-30": "189.30000", "2015-03-31": "203.90000", "2014-12-31": "221.50010", "2014-09-30": "234.10000", "2014-06-30": "193.80000", "2014-03-31": "203.00000", "2013-12-31": "173.40000", "2013-09-30": "214.40000", "2013-06-30": "198.60000", "2013-03-31": "212.00000", "2012-12-31": "237.90000", "2012-09-30": "269.50000", "2012-06-30": "271.20000", "2012-03-31": "247.30000", "2011-12-31": "452.30000", "2011-09-30": "239.70000", "2011-06-30": "263.20000", "2011-03-31": "210.20000", "2010-12-31": "242.59990", "2010-09-30": "238.40000", "2010-06-30": "221.00000", "2010-03-31": "207.90000", "2009-12-31": "223.70000", "2009-09-30": "181.00000", "2009-06-30": "220.20000", "2009-03-31": "223.90000", "2008-12-31": "239.59990", "2008-09-30": "240.80000", "2008-06-30": "231.50000", "2008-03-31": "207.10000", "2007-12-31": "243.30000", "2007-09-30": "216.30000", "2007-06-30": "204.50000", "2007-03-31": "193.20000", "2006-12-31": "217.20000", "2006-09-30": "258.10000", "2006-06-30": "218.90000", "2006-03-31": "219.80000", "2005-12-31": "", "2005-09-30": "241.90000"}, "Income From Discontinued Operations": {"2020-09-30": "", "2020-06-30": "", "2020-03-31": "", "2019-12-31": "", "2019-09-30": "", "2019-06-30": "", "2019-03-31": "", "2018-12-31": "", "2018-09-30": "", "2018-06-30": "", "2018-03-31": "", "2017-12-31": "", "2017-09-30": "", "2017-06-30": "", "2017-03-31": "", "2016-12-31": "", "2016-09-30": "", "2016-06-30": "", "2016-03-31": "", "2015-12-31": "", "2015-09-30": "", "2015-06-30": "", "2015-03-31": "", "2014-12-31": "", "2014-09-30": "", "2014-06-30": "", "2014-03-31": "", "2013-12-31": "", "2013-09-30": "", "2013-06-30": "", "2013-03-31": "", "2012-12-31": "", "2012-09-30": "", "2012-06-30": "", "2012-03-31": "", "2011-12-31": "", "2011-09-30": "", "2011-06-30": "", "2011-03-31": "", "2010-12-31": "", "2010-09-30": "", "2010-06-30": "", "2010-03-31": "", "2009-12-31": "", "2009-09-30": "", "2009-06-30": "", "2009-03-31": "", "2008-12-31": "", "2008-09-30": "", "2008-06-30": "", "2008-03-31": "", "2007-12-31": "", "2007-09-30": "", "2007-06-30": "", "2007-03-31": "", "2006-12-31": "", "2006-09-30": "", "2006-06-30": "", "2006-03-31": "", "2005-12-31": "", "2005-09-30": ""}, "Net Income": {"2020-09-30": "228.60000", "2020-06-30": "161.90000", "2020-03-31": "176.70000", "2019-12-31": "135.40010", "2019-09-30": "135.00000", "2019-06-30": "614.80000", "2019-03-31": "173.10000", "2018-12-31": "212.10000", "2018-09-30": "208.60000", "2018-06-30": "217.60000", "2018-03-31": "213.60000", "2017-12-31": "-1120.90000", "2017-09-30": "235.60000", "2017-06-30": "166.50000", "2017-03-31": "161.70000", "2016-12-31": "-355.00000", "2016-09-30": "216.90000", "2016-06-30": "205.60000", "2016-03-31": "185.70000", "2015-12-31": "212.30000", "2015-09-30": "232.30000", "2015-06-30": "189.30000", "2015-03-31": "203.90000", "2014-12-31": "221.50010", "2014-09-30": "234.10000", "2014-06-30": "193.80000", "2014-03-31": "203.00000", "2013-12-31": "173.40000", "2013-09-30": "214.40000", "2013-06-30": "198.60000", "2013-03-31": "212.00000", "2012-12-31": "237.90000", "2012-09-30": "269.50000", "2012-06-30": "271.20000", "2012-03-31": "247.30000", "2011-12-31": "452.30000", "2011-09-30": "239.70000", "2011-06-30": "263.20000", "2011-03-31": "210.20000", "2010-12-31": "242.60000", "2010-09-30": "238.40000", "2010-06-30": "221.00000", "2010-03-31": "207.90000", "2009-12-31": "223.70000", "2009-09-30": "181.00000", "2009-06-30": "220.20000", "2009-03-31": "223.90000", "2008-12-31": "239.60000", "2008-09-30": "240.80000", "2008-06-30": "231.50000", "2008-03-31": "207.10000", "2007-12-31": "243.30000", "2007-09-30": "216.30000", "2007-06-30": "204.50000", "2007-03-31": "193.20000", "2006-12-31": "217.20000", "2006-09-30": "258.10000", "2006-06-30": "218.90000", "2006-03-31": "219.80000", "2005-12-31": "", "2005-09-30": "241.90000"}, "EBITDA": {"2020-09-30": "339.40000", "2020-06-30": "278.89990", "2020-03-31": "291.40000", "2019-12-31": "293.50020", "2019-09-30": "258.50000", "2019-06-30": "323.69990", "2019-03-31": "315.99990", "2018-12-31": "339.69960", "2018-09-30": "366.20010", "2018-06-30": "349.30000", "2018-03-31": "331.60000", "2017-12-31": "277.89970", "2017-09-30": "337.70000", "2017-06-30": "280.60000", "2017-03-31": "306.50000", "2016-12-31": "-244.89990", "2016-09-30": "344.70000", "2016-06-30": "326.19990", "2016-03-31": "324.19990", "2015-12-31": "350.80050", "2015-09-30": "378.90000", "2015-06-30": "313.69990", "2015-03-31": "336.20000", "2014-12-31": "345.60010", "2014-09-30": "380.90000", "2014-06-30": "346.70000", "2014-03-31": "339.20000", "2013-12-31": "303.30030", "2013-09-30": "363.90000", "2013-06-30": "343.20000", "2013-03-31": "359.80000", "2012-12-31": "347.99980", "2012-09-30": "426.80000", "2012-06-30": "404.90000", "2012-03-31": "396.40000", "2011-12-31": "413.79990", "2011-09-30": "408.90000", "2011-06-30": "397.30010", "2011-03-31": "357.60000", "2010-12-31": "367.50030", "2010-09-30": "396.10000", "2010-06-30": "354.60000", "2010-03-31": "357.80000", "2009-12-31": "361.30020", "2009-09-30": "320.20000", "2009-06-30": "378.80010", "2009-03-31": "376.60000", "2008-12-31": "371.39990", "2008-09-30": "412.80010", "2008-06-30": "372.70000", "2008-03-31": "342.10000", "2007-12-31": "396.29990", "2007-09-30": "361.00000", "2007-06-30": "353.60000", "2007-03-31": "335.00000", "2006-12-31": "363.50010", "2006-09-30": "363.20000", "2006-06-30": "350.90000", "2006-03-31": "337.30000", "2005-12-31": "", "2005-09-30": "342.70000"}, "EBIT": {"2020-09-30": "285.20000", "2020-06-30": "221.79990", "2020-03-31": "233.20000", "2019-12-31": "226.50010", "2019-09-30": "197.40000", "2019-06-30": "258.89990", "2019-03-31": "251.20000", "2018-12-31": "271.00000", "2018-09-30": "302.60010", "2018-06-30": "283.60000", "2018-03-31": "264.90000", "2017-12-31": "-251.90010", "2017-09-30": "272.20000", "2017-06-30": "215.40000", "2017-03-31": "240.10000", "2016-12-31": "-310.19980", "2016-09-30": "278.30000", "2016-06-30": "260.29990", "2016-03-31": "258.59990", "2015-12-31": "281.80040", "2015-09-30": "304.50000", "2015-06-30": "250.79990", "2015-03-31": "272.30000", "2014-12-31": "276.10010", "2014-09-30": "314.10000", "2014-06-30": "278.29990", "2014-03-31": "272.00000", "2013-12-31": "238.39980", "2013-09-30": "295.30000", "2013-06-30": "276.80000", "2013-03-31": "296.90000", "2012-12-31": "286.00000", "2012-09-30": "365.60000", "2012-06-30": "345.90000", "2012-03-31": "332.50000", "2011-12-31": "358.40000", "2011-09-30": "363.00000", "2011-06-30": "350.70010", "2011-03-31": "312.90000", "2010-12-31": "322.10030", "2010-09-30": "351.20000", "2010-06-30": "311.00000", "2010-03-31": "315.80000", "2009-12-31": "318.60020", "2009-09-30": "281.50000", "2009-06-30": "341.70010", "2009-03-31": "340.90000", "2008-12-31": "334.29990", "2008-09-30": "375.20010", "2008-06-30": "336.20000", "2008-03-31": "309.30000", "2007-12-31": "364.60020", "2007-09-30": "330.10000", "2007-06-30": "322.70000", "2007-03-31": "304.60000", "2006-12-31": "335.20010", "2006-09-30": "337.10000", "2006-06-30": "326.40000", "2006-03-31": "312.70000", "2005-12-31": "", "2005-09-30": "342.70000"}, "Basic Shares Outstanding": {"2020-09-30": "411.60000", "2020-06-30": "411.50000", "2020-03-31": "414.30000", "2019-12-31": "427.60000", "2019-09-30": "423.30000", "2019-06-30": "430.00000", "2019-03-31": "437.70000", "2018-12-31": "451.80000", "2018-09-30": "446.80000", "2018-06-30": "457.20000", "2018-03-31": "460.30000", "2017-12-31": "467.90000", "2017-09-30": "462.80000", "2017-06-30": "469.40000", "2017-03-31": "479.80000", "2016-12-31": "490.20000", "2016-09-30": "487.00000", "2016-06-30": "490.30000", "2016-03-31": "500.00000", "2015-12-31": "512.60000", "2015-09-30": "509.60000", "2015-06-30": "515.20000", "2015-03-31": "521.00000", "2014-12-31": "533.40000", "2014-09-30": "527.80000", "2014-06-30": "537.10000", "2014-03-31": "545.90000", "2013-12-31": "556.60000", "2013-09-30": "552.10000", "2013-06-30": "555.70000", "2013-03-31": "567.60000", "2012-12-31": "604.90000", "2012-09-30": "601.50000", "2012-06-30": "610.90000", "2012-03-31": "619.10000", "2011-12-31": "630.60000", "2011-09-30": "624.90000", "2011-06-30": "631.10000", "2011-03-31": "646.90000", "2010-12-31": "666.50000", "2010-09-30": "659.10000", "2010-06-30": "669.30000", "2010-03-31": "681.90000", "2009-12-31": "698.90000", "2009-09-30": "698.40000", "2009-06-30": "700.60000", "2009-03-31": "707.10000", "2008-12-31": "730.10000", "2008-09-30": "724.90000", "2008-06-30": "736.50000", "2008-03-31": "746.70000", "2007-12-31": "760.20000", "2007-09-30": "757.50000", "2007-06-30": "764.80000", "2007-03-31": "768.20000", "2006-12-31": "764.50000", "2006-09-30": "763.90000", "2006-06-30": "763.90000", "2006-03-31": "763.90000", "2005-12-31": "", "2005-09-30": "763.90000"}, "Shares Outstanding": {"2020-09-30": "414.60000", "2020-06-30": "413.60000", "2020-03-31": "418.30000", "2019-12-31": "430.90000", "2019-09-30": "426.80000", "2019-06-30": "432.30000", "2019-03-31": "439.90000", "2018-12-31": "454.40000", "2018-09-30": "449.00000", "2018-06-30": "459.60000", "2018-03-31": "463.60000", "2017-12-31": "467.90000", "2017-09-30": "465.40000", "2017-06-30": "472.00000", "2017-03-31": "483.40000", "2016-12-31": "493.50000", "2016-09-30": "490.30000", "2016-06-30": "493.00000", "2016-03-31": "503.20000", "2015-12-31": "516.70000", "2015-09-30": "513.20000", "2015-06-30": "519.80000", "2015-03-31": "525.20000", "2014-12-31": "536.80000", "2014-09-30": "531.20000", "2014-06-30": "539.90000", "2014-03-31": "549.20000", "2013-12-31": "559.70000", "2013-09-30": "555.80000", "2013-06-30": "558.30000", "2013-03-31": "569.70000", "2012-12-31": "607.40000", "2012-09-30": "604.20000", "2012-06-30": "613.10000", "2012-03-31": "621.90000", "2011-12-31": "634.20000", "2011-09-30": "627.10000", "2011-06-30": "635.80000", "2011-03-31": "652.10000", "2010-12-31": "668.90000", "2010-09-30": "661.30000", "2010-06-30": "671.60000", "2010-03-31": "684.20000", "2009-12-31": "701.00000", "2009-09-30": "701.60000", "2009-06-30": "702.70000", "2009-03-31": "708.00000", "2008-12-31": "738.20000", "2008-09-30": "737.20000", "2008-06-30": "747.50000", "2008-03-31": "756.80000", "2007-12-31": "772.90000", "2007-09-30": "767.40000", "2007-06-30": "779.00000", "2007-03-31": "783.30000", "2006-12-31": "768.60000", "2006-09-30": "764.00000", "2006-06-30": "763.90000", "2006-03-31": "763.90000", "2005-12-31": "", "2005-09-30": "763.90000"}, "Basic EPS": {"2020-09-30": "0.56000", "2020-06-30": "0.39000", "2020-03-31": "0.43000", "2019-12-31": "0.32000", "2019-09-30": "0.32000", "2019-06-30": "1.43000", "2019-03-31": "0.40000", "2018-12-31": "0.48000", "2018-09-30": "0.47000", "2018-06-30": "0.48000", "2018-03-31": "0.46000", "2017-12-31": "-2.39000", "2017-09-30": "0.51000", "2017-06-30": "0.35000", "2017-03-31": "0.34000", "2016-12-31": "-0.72000", "2016-09-30": "0.45000", "2016-06-30": "0.42000", "2016-03-31": "0.37000", "2015-12-31": "0.41000", "2015-09-30": "0.46000", "2015-06-30": "0.37000", "2015-03-31": "0.39000", "2014-12-31": "0.43000", "2014-09-30": "0.44000", "2014-06-30": "0.36000", "2014-03-31": "0.37000", "2013-12-31": "0.31000", "2013-09-30": "0.39000", "2013-06-30": "0.36000", "2013-03-31": "0.37000", "2012-12-31": "0.41000", "2012-09-30": "0.45000", "2012-06-30": "0.44000", "2012-03-31": "0.40000", "2011-12-31": "0.73000", "2011-09-30": "0.38000", "2011-06-30": "0.42000", "2011-03-31": "0.32000", "2010-12-31": "0.38000", "2010-09-30": "0.36000", "2010-06-30": "0.33000", "2010-03-31": "0.30000", "2009-12-31": "0.32000", "2009-09-30": "0.26000", "2009-06-30": "0.31000", "2009-03-31": "0.32000", "2008-12-31": "0.34000", "2008-09-30": "0.33000", "2008-06-30": "0.31000", "2008-03-31": "0.28000", "2007-12-31": "0.32000", "2007-09-30": "0.29000", "2007-06-30": "0.27000", "2007-03-31": "0.25000", "2006-12-31": "0.28000", "2006-09-30": "0.34000", "2006-06-30": "0.29000", "2006-03-31": "0.29000", "2005-12-31": "", "2005-09-30": "0.32000"}, "EPS - Earnings Per Share": {"2020-09-30": "0.55000", "2020-06-30": "0.39000", "2020-03-31": "0.42000", "2019-12-31": "0.33000", "2019-09-30": "0.32000", "2019-06-30": "1.42000", "2019-03-31": "0.39000", "2018-12-31": "0.48000", "2018-09-30": "0.46000", "2018-06-30": "0.47000", "2018-03-31": "0.46000", "2017-12-31": "-2.38000", "2017-09-30": "0.51000", "2017-06-30": "0.35000", "2017-03-31": "0.33000", "2016-12-31": "-0.72000", "2016-09-30": "0.44000", "2016-06-30": "0.42000", "2016-03-31": "0.37000", "2015-12-31": "0.42000", "2015-09-30": "0.45000", "2015-06-30": "0.36000", "2015-03-31": "0.39000", "2014-12-31": "0.42000", "2014-09-30": "0.44000", "2014-06-30": "0.36000", "2014-03-31": "0.37000", "2013-12-31": "0.31000", "2013-09-30": "0.39000", "2013-06-30": "0.36000", "2013-03-31": "0.37000", "2012-12-31": "0.40000", "2012-09-30": "0.45000", "2012-06-30": "0.44000", "2012-03-31": "0.40000", "2011-12-31": "0.73000", "2011-09-30": "0.38000", "2011-06-30": "0.41000", "2011-03-31": "0.32000", "2010-12-31": "0.37000", "2010-09-30": "0.36000", "2010-06-30": "0.33000", "2010-03-31": "0.30000", "2009-12-31": "0.32000", "2009-09-30": "0.26000", "2009-06-30": "0.31000", "2009-03-31": "0.32000", "2008-12-31": "0.33000", "2008-09-30": "0.33000", "2008-06-30": "0.31000", "2008-03-31": "0.27000", "2007-12-31": "0.32000", "2007-09-30": "0.28000", "2007-06-30": "0.26000", "2007-03-31": "0.25000", "2006-12-31": "0.27000", "2006-09-30": "0.34000", "2006-06-30": "0.29000", "2006-03-31": "0.29000", "2005-12-31": "0.00000", "2005-09-30": "0.32000"}}, "balance sheet": {"Cash On Hand": {"2019-12-31": "1450.50000", "2018-12-31": "973.40000", "2017-12-31": "838.20000", "2016-12-31": "877.50000", "2015-12-31": "1315.90000", "2014-12-31": "1783.20000", "2013-12-31": "2073.10000", "2012-12-31": "1776.50000", "2011-12-31": "1370.90000", "2010-12-31": "2157.40000", "2009-12-31": "1685.20000", "2008-12-31": "1295.60000", "2007-12-31": "1793.10000", "2006-12-31": "1421.70000", "2005-12-31": "510.20000"}, "Receivables": {"2019-12-31": "3296.70000", "2018-12-31": "3813.80000", "2017-12-31": "4188.90000", "2016-12-31": "3749.10000", "2015-12-31": "3308.70000", "2014-12-31": "3313.70000", "2013-12-31": "3270.40000", "2012-12-31": "3114.60000", "2011-12-31": "3091.20000", "2010-12-31": "2635.20000", "2009-12-31": "2389.10000", "2008-12-31": "1207.50000", "2007-12-31": "1319.20000", "2006-12-31": "1284.20000", "2005-12-31": "1107.20000"}, "Inventory": {"2019-12-31": "", "2018-12-31": "", "2017-12-31": "", "2016-12-31": "", "2015-12-31": "", "2014-12-31": "", "2013-12-31": "", "2012-12-31": "", "2011-12-31": "", "2010-12-31": "", "2009-12-31": "", "2008-12-31": "", "2007-12-31": "", "2006-12-31": "", "2005-12-31": ""}, "Pre-Paid Expenses": {"2019-12-31": "", "2018-12-31": "", "2017-12-31": "", "2016-12-31": "", "2015-12-31": "", "2014-12-31": "", "2013-12-31": "", "2012-12-31": "", "2011-12-31": "", "2010-12-31": "", "2009-12-31": "", "2008-12-31": "", "2007-12-31": "", "2006-12-31": "", "2005-12-31": ""}, "Other Current Assets": {"2019-12-31": "", "2018-12-31": "", "2017-12-31": "", "2016-12-31": "", "2015-12-31": "", "2014-12-31": "", "2013-12-31": "", "2012-12-31": "", "2011-12-31": "", "2010-12-31": "", "2009-12-31": "", "2008-12-31": "", "2007-12-31": "", "2006-12-31": "", "2005-12-31": ""}, "Total Current Assets": {"2019-12-31": "4747.20000", "2018-12-31": "4787.20000", "2017-12-31": "5027.10000", "2016-12-31": "4626.60000", "2015-12-31": "4624.60000", "2014-12-31": "5096.90000", "2013-12-31": "5343.50000", "2012-12-31": "4891.10000", "2011-12-31": "4462.10000", "2010-12-31": "4792.60000", "2009-12-31": "4074.30000", "2008-12-31": "2503.10000", "2007-12-31": "3112.30000", "2006-12-31": "2705.90000", "2005-12-31": "2368.90000"}, "Property, Plant, And Equipment": {"2019-12-31": "186.90000", "2018-12-31": "270.40000", "2017-12-31": "214.20000", "2016-12-31": "220.50000", "2015-12-31": "231.80000", "2014-12-31": "206.40000", "2013-12-31": "209.90000", "2012-12-31": "196.10000", "2011-12-31": "198.10000", "2010-12-31": "196.50000", "2009-12-31": "204.30000", "2008-12-31": "192.30000", "2007-12-31": "200.30000", "2006-12-31": "176.10000", "2005-12-31": "82.40000"}, "Long-Term Investments": {"2019-12-31": "", "2018-12-31": "", "2017-12-31": "", "2016-12-31": "", "2015-12-31": "", "2014-12-31": "", "2013-12-31": "", "2012-12-31": "", "2011-12-31": "", "2010-12-31": "", "2009-12-31": "", "2008-12-31": "", "2007-12-31": "", "2006-12-31": "", "2005-12-31": ""}, "Goodwill And Intangible Assets": {"2019-12-31": "3061.50000", "2018-12-31": "3323.20000", "2017-12-31": "3314.20000", "2016-12-31": "3826.20000", "2015-12-31": "3868.80000", "2014-12-31": "3917.30000", "2013-12-31": "4005.80000", "2012-12-31": "4058.60000", "2011-12-31": "4046.30000", "2010-12-31": "2589.70000", "2009-12-31": "2632.60000", "2008-12-31": "2024.80000", "2007-12-31": "1973.60000", "2006-12-31": "1935.70000", "2005-12-31": "1798.40000"}, "Other Long-Term Assets": {"2019-12-31": "762.90000", "2018-12-31": "616.00000", "2017-12-31": "675.90000", "2016-12-31": "746.30000", "2015-12-31": "724.00000", "2014-12-31": "669.80000", "2013-12-31": "562.10000", "2012-12-31": "319.90000", "2011-12-31": "363.40000", "2010-12-31": "350.40000", "2009-12-31": "442.20000", "2008-12-31": "858.10000", "2007-12-31": "498.00000", "2006-12-31": "503.40000", "2005-12-31": "342.00000"}, "Total Long-Term Assets": {"2019-12-31": "4011.30000", "2018-12-31": "4209.60000", "2017-12-31": "4204.30000", "2016-12-31": "4793.00000", "2015-12-31": "4824.60000", "2014-12-31": "4793.50000", "2013-12-31": "4777.80000", "2012-12-31": "4574.60000", "2011-12-31": "4607.80000", "2010-12-31": "3136.60000", "2009-12-31": "3279.10000", "2008-12-31": "3075.20000", "2007-12-31": "2671.90000", "2006-12-31": "2615.20000", "2005-12-31": "2222.80000"}, "Total Assets": {"2019-12-31": "8758.50000", "2018-12-31": "8996.80000", "2017-12-31": "9231.40000", "2016-12-31": "9419.60000", "2015-12-31": "9449.20000", "2014-12-31": "9890.40000", "2013-12-31": "10121.30000", "2012-12-31": "9465.70000", "2011-12-31": "9069.90000", "2010-12-31": "7929.20000", "2009-12-31": "7353.40000", "2008-12-31": "5578.30000", "2007-12-31": "5784.20000", "2006-12-31": "5321.10000", "2005-12-31": "4591.70000"}, "Total Current Liabilities": {"2019-12-31": "4918.30000", "2018-12-31": "5432.70000", "2017-12-31": "6159.40000", "2016-12-31": "5286.00000", "2015-12-31": "4126.80000", "2014-12-31": "4080.40000", "2013-12-31": "4126.20000", "2012-12-31": "3889.10000", "2011-12-31": "3928.60000", "2010-12-31": "3512.20000", "2009-12-31": "3409.30000", "2008-12-31": "1974.80000", "2007-12-31": "1949.00000", "2006-12-31": "1837.30000", "2005-12-31": "1314.10000"}, "Long Term Debt": {"2019-12-31": "3229.30000", "2018-12-31": "3433.70000", "2017-12-31": "3033.60000", "2016-12-31": "2786.10000", "2015-12-31": "3215.90000", "2014-12-31": "3720.40000", "2013-12-31": "4213.00000", "2012-12-31": "4029.20000", "2011-12-31": "3583.20000", "2010-12-31": "3289.90000", "2009-12-31": "3048.50000", "2008-12-31": "3143.50000", "2007-12-31": "3338.00000", "2006-12-31": "3323.50000", "2005-12-31": ""}, "Other Non-Current Liabilities": {"2019-12-31": "498.30000", "2018-12-31": "279.10000", "2017-12-31": "356.80000", "2016-12-31": "359.40000", "2015-12-31": "429.00000", "2014-12-31": "484.20000", "2013-12-31": "358.20000", "2012-12-31": "254.70000", "2011-12-31": "273.60000", "2010-12-31": "254.50000", "2009-12-31": "273.20000", "2008-12-31": "198.00000", "2007-12-31": "182.90000", "2006-12-31": "200.30000", "2005-12-31": "147.90000"}, "Total Long Term Liabilities": {"2019-12-31": "3879.70000", "2018-12-31": "3873.90000", "2017-12-31": "3563.40000", "2016-12-31": "3231.40000", "2015-12-31": "3917.50000", "2014-12-31": "4509.60000", "2013-12-31": "4890.40000", "2012-12-31": "4636.00000", "2011-12-31": "4246.50000", "2010-12-31": "3834.30000", "2009-12-31": "3590.60000", "2008-12-31": "3611.60000", "2007-12-31": "3784.50000", "2006-12-31": "3798.60000", "2005-12-31": "465.80000"}, "Total Liabilities": {"2019-12-31": "8798.00000", "2018-12-31": "9306.60000", "2017-12-31": "9722.80000", "2016-12-31": "8517.40000", "2015-12-31": "8044.30000", "2014-12-31": "8590.00000", "2013-12-31": "9016.60000", "2012-12-31": "8525.10000", "2011-12-31": "8175.10000", "2010-12-31": "7346.50000", "2009-12-31": "6999.90000", "2008-12-31": "5586.40000", "2007-12-31": "5733.50000", "2006-12-31": "5635.90000", "2005-12-31": "1779.90000"}, "Common Stock Net": {"2019-12-31": "4.20000", "2018-12-31": "4.40000", "2017-12-31": "4.60000", "2016-12-31": "4.80000", "2015-12-31": "5.00000", "2014-12-31": "5.20000", "2013-12-31": "5.50000", "2012-12-31": "5.70000", "2011-12-31": "6.20000", "2010-12-31": "6.50000", "2009-12-31": "6.90000", "2008-12-31": "7.10000", "2007-12-31": "7.50000", "2006-12-31": "7.70000", "2005-12-31": ""}, "Retained Earnings (Accumulated Deficit)": {"2019-12-31": "-675.90000", "2018-12-31": "-838.80000", "2017-12-31": "-965.90000", "2016-12-31": "419.30000", "2015-12-31": "977.30000", "2014-12-31": "968.70000", "2013-12-31": "877.30000", "2012-12-31": "754.70000", "2011-12-31": "760.00000", "2010-12-31": "591.60000", "2009-12-31": "433.20000", "2008-12-31": "29.20000", "2007-12-31": "453.10000", "2006-12-31": "208.00000", "2005-12-31": ""}, "Comprehensive Income": {"2019-12-31": "-209.00000", "2018-12-31": "-231.00000", "2017-12-31": "-227.90000", "2016-12-31": "-162.80000", "2015-12-31": "-143.90000", "2014-12-31": "-118.90000", "2013-12-31": "-169.00000", "2012-12-31": "-152.60000", "2011-12-31": "-118.50000", "2010-12-31": "-132.80000", "2009-12-31": "-127.30000", "2008-12-31": "-30.00000", "2007-12-31": "-68.80000", "2006-12-31": "-73.50000", "2005-12-31": "-62.10000"}, "Other Share Holders Equity": {"2019-12-31": "", "2018-12-31": "", "2017-12-31": "", "2016-12-31": "", "2015-12-31": "", "2014-12-31": "", "2013-12-31": "", "2012-12-31": "", "2011-12-31": "", "2010-12-31": "", "2009-12-31": "", "2008-12-31": "", "2007-12-31": "", "2006-12-31": "", "2005-12-31": "2873.90000"}, "Share Holder Equity": {"2019-12-31": "-39.50000", "2018-12-31": "-309.80000", "2017-12-31": "-491.40000", "2016-12-31": "902.20000", "2015-12-31": "1404.90000", "2014-12-31": "1300.40000", "2013-12-31": "1104.70000", "2012-12-31": "940.60000", "2011-12-31": "894.80000", "2010-12-31": "582.70000", "2009-12-31": "353.50000", "2008-12-31": "-8.10000", "2007-12-31": "50.70000", "2006-12-31": "-314.80000", "2005-12-31": "2811.80000"}, "Total Liabilities And Share Holders Equity": {"2019-12-31": "8758.50000", "2018-12-31": "8996.80000", "2017-12-31": "9231.40000", "2016-12-31": "9419.60000", "2015-12-31": "9449.20000", "2014-12-31": "9890.40000", "2013-12-31": "10121.30000", "2012-12-31": "9465.70000", "2011-12-31": "9069.90000", "2010-12-31": "7929.20000", "2009-12-31": "7353.40000", "2008-12-31": "5578.30000", "2007-12-31": "5784.20000", "2006-12-31": "5321.10000", "2005-12-31": "4591.70000"}}, "balance sheet, quarterly": {"Cash On Hand": {"2020-09-30": "1251.40000", "2020-06-30": "1181.60000", "2020-03-31": "1072.80000", "2019-12-31": "1450.50000", "2019-09-30": "1390.90000", "2019-06-30": "1210.20000", "2019-03-31": "833.10000", "2018-12-31": "973.40000", "2018-09-30": "767.60000", "2018-06-30": "938.30000", "2018-03-31": "934.30000", "2017-12-31": "838.20000", "2017-09-30": "1034.70000", "2017-06-30": "1059.20000", "2017-03-31": "1323.30000", "2016-12-31": "877.50000", "2016-09-30": "1280.70000", "2016-06-30": "1162.60000", "2016-03-31": "1160.00000", "2015-12-31": "1315.90000", "2015-09-30": "1414.40000", "2015-06-30": "1630.50000", "2015-03-31": "1755.30000", "2014-12-31": "1783.20000", "2014-09-30": "1667.40000", "2014-06-30": "1604.70000", "2014-03-31": "1694.00000", "2013-12-31": "2073.10000", "2013-09-30": "1742.70000", "2013-06-30": "1395.40000", "2013-03-31": "1417.10000", "2012-12-31": "1776.50000", "2012-09-30": "1433.00000", "2012-06-30": "1403.80000", "2012-03-31": "1395.90000", "2011-12-31": "1370.90000", "2011-09-30": "2671.10000", "2011-06-30": "2089.70000", "2011-03-31": "2215.80000", "2010-12-31": "2157.40000", "2010-09-30": "1996.70000", "2010-06-30": "1746.80000", "2010-03-31": "1529.80000", "2009-12-31": "1685.20000", "2009-09-30": "1625.40000", "2009-06-30": "1782.40000", "2009-03-31": "1510.00000", "2008-12-31": "1295.60000", "2008-09-30": "1129.60000", "2008-06-30": "1874.60000", "2008-03-31": "1895.40000", "2007-12-31": "1793.10000", "2007-09-30": "1669.00000", "2007-06-30": "1487.80000", "2007-03-31": "1561.00000", "2006-12-31": "1421.70000", "2006-09-30": "1327.60000", "2006-06-30": "", "2006-03-31": "", "2005-12-31": "", "2005-09-30": ""}, "Receivables": {"2020-09-30": "3589.40000", "2020-06-30": "3522.30000", "2020-03-31": "3134.60000", "2019-12-31": "3296.70000", "2019-09-30": "3297.30000", "2019-06-30": "3728.40000", "2019-03-31": "3497.50000", "2018-12-31": "3813.80000", "2018-09-30": "4018.80000", "2018-06-30": "4011.80000", "2018-03-31": "4026.50000", "2017-12-31": "4188.90000", "2017-09-30": "3947.00000", "2017-06-30": "3646.40000", "2017-03-31": "3452.00000", "2016-12-31": "3749.10000", "2016-09-30": "3389.00000", "2016-06-30": "3357.10000", "2016-03-31": "3326.10000", "2015-12-31": "3308.70000", "2015-09-30": "3369.90000", "2015-06-30": "3490.40000", "2015-03-31": "3472.10000", "2014-12-31": "3313.70000", "2014-09-30": "3465.80000", "2014-06-30": "3603.70000", "2014-03-31": "3515.90000", "2013-12-31": "3270.40000", "2013-09-30": "3408.00000", "2013-06-30": "3462.80000", "2013-03-31": "3319.20000", "2012-12-31": "3114.60000", "2012-09-30": "3326.60000", "2012-06-30": "3103.30000", "2012-03-31": "3185.10000", "2011-12-31": "3091.20000", "2011-09-30": "2757.00000", "2011-06-30": "2585.30000", "2011-03-31": "2533.60000", "2010-12-31": "2635.20000", "2010-09-30": "2393.40000", "2010-06-30": "2341.30000", "2010-03-31": "2287.60000", "2009-12-31": "2389.10000", "2009-09-30": "1256.10000", "2009-06-30": "1219.70000", "2009-03-31": "1182.20000", "2008-12-31": "1207.50000", "2008-09-30": "1292.20000", "2008-06-30": "1442.40000", "2008-03-31": "1382.40000", "2007-12-31": "1319.20000", "2007-09-30": "1411.50000", "2007-06-30": "1250.30000", "2007-03-31": "1203.30000", "2006-12-31": "1284.20000", "2006-09-30": "1218.30000", "2006-06-30": "", "2006-03-31": "", "2005-12-31": "", "2005-09-30": ""}, "Inventory": {"2020-09-30": "", "2020-06-30": "", "2020-03-31": "", "2019-12-31": "", "2019-09-30": "", "2019-06-30": "", "2019-03-31": "", "2018-12-31": "", "2018-09-30": "", "2018-06-30": "", "2018-03-31": "", "2017-12-31": "", "2017-09-30": "", "2017-06-30": "", "2017-03-31": "", "2016-12-31": "", "2016-09-30": "", "2016-06-30": "", "2016-03-31": "", "2015-12-31": "", "2015-09-30": "", "2015-06-30": "", "2015-03-31": "", "2014-12-31": "", "2014-09-30": "", "2014-06-30": "", "2014-03-31": "", "2013-12-31": "", "2013-09-30": "", "2013-06-30": "", "2013-03-31": "", "2012-12-31": "", "2012-09-30": "", "2012-06-30": "", "2012-03-31": "", "2011-12-31": "", "2011-09-30": "", "2011-06-30": "", "2011-03-31": "", "2010-12-31": "", "2010-09-30": "", "2010-06-30": "", "2010-03-31": "", "2009-12-31": "", "2009-09-30": "", "2009-06-30": "", "2009-03-31": "", "2008-12-31": "", "2008-09-30": "", "2008-06-30": "", "2008-03-31": "", "2007-12-31": "", "2007-09-30": "", "2007-06-30": "", "2007-03-31": "", "2006-12-31": "", "2006-09-30": "", "2006-06-30": "", "2006-03-31": "", "2005-12-31": "", "2005-09-30": ""}, "Pre-Paid Expenses": {"2020-09-30": "", "2020-06-30": "", "2020-03-31": "", "2019-12-31": "", "2019-09-30": "", "2019-06-30": "", "2019-03-31": "", "2018-12-31": "", "2018-09-30": "", "2018-06-30": "", "2018-03-31": "", "2017-12-31": "", "2017-09-30": "", "2017-06-30": "", "2017-03-31": "", "2016-12-31": "", "2016-09-30": "", "2016-06-30": "", "2016-03-31": "", "2015-12-31": "", "2015-09-30": "", "2015-06-30": "", "2015-03-31": "", "2014-12-31": "", "2014-09-30": "", "2014-06-30": "", "2014-03-31": "", "2013-12-31": "", "2013-09-30": "", "2013-06-30": "", "2013-03-31": "", "2012-12-31": "", "2012-09-30": "", "2012-06-30": "", "2012-03-31": "", "2011-12-31": "", "2011-09-30": "", "2011-06-30": "", "2011-03-31": "", "2010-12-31": "", "2010-09-30": "", "2010-06-30": "", "2010-03-31": "", "2009-12-31": "", "2009-09-30": "", "2009-06-30": "", "2009-03-31": "", "2008-12-31": "", "2008-09-30": "", "2008-06-30": "", "2008-03-31": "", "2007-12-31": "", "2007-09-30": "", "2007-06-30": "", "2007-03-31": "", "2006-12-31": "", "2006-09-30": "", "2006-06-30": "", "2006-03-31": "", "2005-12-31": "", "2005-09-30": ""}, "Other Current Assets": {"2020-09-30": "", "2020-06-30": "", "2020-03-31": "", "2019-12-31": "", "2019-09-30": "", "2019-06-30": "", "2019-03-31": "", "2018-12-31": "", "2018-09-30": "", "2018-06-30": "", "2018-03-31": "", "2017-12-31": "", "2017-09-30": "", "2017-06-30": "", "2017-03-31": "", "2016-12-31": "", "2016-09-30": "", "2016-06-30": "", "2016-03-31": "", "2015-12-31": "", "2015-09-30": "", "2015-06-30": "", "2015-03-31": "", "2014-12-31": "", "2014-09-30": "", "2014-06-30": "", "2014-03-31": "", "2013-12-31": "", "2013-09-30": "", "2013-06-30": "", "2013-03-31": "", "2012-12-31": "", "2012-09-30": "", "2012-06-30": "", "2012-03-31": "", "2011-12-31": "", "2011-09-30": "", "2011-06-30": "", "2011-03-31": "", "2010-12-31": "", "2010-09-30": "", "2010-06-30": "", "2010-03-31": "", "2009-12-31": "", "2009-09-30": "", "2009-06-30": "", "2009-03-31": "", "2008-12-31": "", "2008-09-30": "", "2008-06-30": "", "2008-03-31": "", "2007-12-31": "", "2007-09-30": "", "2007-06-30": "", "2007-03-31": "", "2006-12-31": "", "2006-09-30": "", "2006-06-30": "", "2006-03-31": "", "2005-12-31": "", "2005-09-30": ""}, "Total Current Assets": {"2020-09-30": "4840.80000", "2020-06-30": "4703.90000", "2020-03-31": "4207.40000", "2019-12-31": "4747.20000", "2019-09-30": "4688.20000", "2019-06-30": "4938.60000", "2019-03-31": "4330.60000", "2018-12-31": "4787.20000", "2018-09-30": "4786.40000", "2018-06-30": "4950.10000", "2018-03-31": "4960.80000", "2017-12-31": "5027.10000", "2017-09-30": "4981.70000", "2017-06-30": "4705.60000", "2017-03-31": "4775.30000", "2016-12-31": "4626.60000", "2016-09-30": "4669.70000", "2016-06-30": "4519.70000", "2016-03-31": "4486.10000", "2015-12-31": "4624.60000", "2015-09-30": "4784.30000", "2015-06-30": "5120.90000", "2015-03-31": "5227.40000", "2014-12-31": "5096.90000", "2014-09-30": "5133.20000", "2014-06-30": "5208.40000", "2014-03-31": "5209.90000", "2013-12-31": "5343.50000", "2013-09-30": "5150.70000", "2013-06-30": "4858.20000", "2013-03-31": "4736.30000", "2012-12-31": "4891.10000", "2012-09-30": "4759.60000", "2012-06-30": "4507.10000", "2012-03-31": "4581.00000", "2011-12-31": "4462.10000", "2011-09-30": "5428.10000", "2011-06-30": "4675.00000", "2011-03-31": "4749.40000", "2010-12-31": "4792.60000", "2010-09-30": "4390.10000", "2010-06-30": "4088.10000", "2010-03-31": "3817.40000", "2009-12-31": "4074.30000", "2009-09-30": "2881.50000", "2009-06-30": "3002.10000", "2009-03-31": "2692.20000", "2008-12-31": "2503.10000", "2008-09-30": "2421.80000", "2008-06-30": "3317.00000", "2008-03-31": "3277.80000", "2007-12-31": "3112.30000", "2007-09-30": "3080.50000", "2007-06-30": "2738.10000", "2007-03-31": "2764.30000", "2006-12-31": "2705.90000", "2006-09-30": "2545.90000", "2006-06-30": "", "2006-03-31": "", "2005-12-31": "", "2005-09-30": ""}, "Property, Plant, And Equipment": {"2020-09-30": "156.00000", "2020-06-30": "167.50000", "2020-03-31": "173.70000", "2019-12-31": "186.90000", "2019-09-30": "212.20000", "2019-06-30": "224.10000", "2019-03-31": "229.00000", "2018-12-31": "270.40000", "2018-09-30": "266.80000", "2018-06-30": "241.80000", "2018-03-31": "215.70000", "2017-12-31": "214.20000", "2017-09-30": "211.90000", "2017-06-30": "215.30000", "2017-03-31": "209.30000", "2016-12-31": "220.50000", "2016-09-30": "224.40000", "2016-06-30": "221.70000", "2016-03-31": "226.30000", "2015-12-31": "231.80000", "2015-09-30": "224.80000", "2015-06-30": "201.20000", "2015-03-31": "202.60000", "2014-12-31": "206.40000", "2014-09-30": "205.70000", "2014-06-30": "208.50000", "2014-03-31": "214.00000", "2013-12-31": "209.90000", "2013-09-30": "208.60000", "2013-06-30": "203.60000", "2013-03-31": "198.70000", "2012-12-31": "196.10000", "2012-09-30": "196.70000", "2012-06-30": "196.40000", "2012-03-31": "196.30000", "2011-12-31": "198.10000", "2011-09-30": "193.50000", "2011-06-30": "196.40000", "2011-03-31": "194.10000", "2010-12-31": "196.50000", "2010-09-30": "195.20000", "2010-06-30": "196.10000", "2010-03-31": "196.00000", "2009-12-31": "204.30000", "2009-09-30": "198.30000", "2009-06-30": "194.00000", "2009-03-31": "192.40000", "2008-12-31": "192.30000", "2008-09-30": "194.60000", "2008-06-30": "199.50000", "2008-03-31": "197.80000", "2007-12-31": "200.30000", "2007-09-30": "199.20000", "2007-06-30": "192.90000", "2007-03-31": "187.90000", "2006-12-31": "176.10000", "2006-09-30": "157.80000", "2006-06-30": "", "2006-03-31": "", "2005-12-31": "", "2005-09-30": ""}, "Long-Term Investments": {"2020-09-30": "", "2020-06-30": "", "2020-03-31": "", "2019-12-31": "", "2019-09-30": "", "2019-06-30": "", "2019-03-31": "", "2018-12-31": "", "2018-09-30": "", "2018-06-30": "", "2018-03-31": "", "2017-12-31": "", "2017-09-30": "", "2017-06-30": "", "2017-03-31": "", "2016-12-31": "", "2016-09-30": "", "2016-06-30": "", "2016-03-31": "", "2015-12-31": "", "2015-09-30": "", "2015-06-30": "", "2015-03-31": "", "2014-12-31": "", "2014-09-30": "", "2014-06-30": "", "2014-03-31": "", "2013-12-31": "", "2013-09-30": "", "2013-06-30": "", "2013-03-31": "", "2012-12-31": "", "2012-09-30": "", "2012-06-30": "", "2012-03-31": "", "2011-12-31": "", "2011-09-30": "", "2011-06-30": "", "2011-03-31": "", "2010-12-31": "", "2010-09-30": "", "2010-06-30": "", "2010-03-31": "", "2009-12-31": "", "2009-09-30": "", "2009-06-30": "", "2009-03-31": "", "2008-12-31": "", "2008-09-30": "", "2008-06-30": "", "2008-03-31": "", "2007-12-31": "", "2007-09-30": "", "2007-06-30": "", "2007-03-31": "", "2006-12-31": "", "2006-09-30": "", "2006-06-30": "", "2006-03-31": "", "2005-12-31": "", "2005-09-30": ""}, "Goodwill And Intangible Assets": {"2020-09-30": "3015.90000", "2020-06-30": "3040.50000", "2020-03-31": "3051.70000", "2019-12-31": "3061.50000", "2019-09-30": "3081.10000", "2019-06-30": "3102.10000", "2019-03-31": "3131.20000", "2018-12-31": "3323.20000", "2018-09-30": "3329.50000", "2018-06-30": "3271.50000", "2018-03-31": "3295.90000", "2017-12-31": "3314.20000", "2017-09-30": "3762.20000", "2017-06-30": "3777.60000", "2017-03-31": "3811.60000", "2016-12-31": "3826.20000", "2016-09-30": "3855.70000", "2016-06-30": "3863.90000", "2016-03-31": "3859.80000", "2015-12-31": "3868.80000", "2015-09-30": "3906.10000", "2015-06-30": "3936.60000", "2015-03-31": "3940.80000", "2014-12-31": "3917.30000", "2014-09-30": "3938.40000", "2014-06-30": "3969.00000", "2014-03-31": "4004.10000", "2013-12-31": "4005.80000", "2013-09-30": "4044.10000", "2013-06-30": "4073.90000", "2013-03-31": "4041.80000", "2012-12-31": "4058.60000", "2012-09-30": "4034.20000", "2012-06-30": "4035.70000", "2012-03-31": "4044.60000", "2011-12-31": "4046.30000", "2011-09-30": "2813.90000", "2011-06-30": "2812.60000", "2011-03-31": "2580.40000", "2010-12-31": "2589.70000", "2010-09-30": "2608.10000", "2010-06-30": "2628.30000", "2010-03-31": "2632.40000", "2009-12-31": "2632.60000", "2009-09-30": "2652.10000", "2009-06-30": "2254.80000", "2009-03-31": "2254.70000", "2008-12-31": "2024.80000", "2008-09-30": "2004.20000", "2008-06-30": "1989.90000", "2008-03-31": "1967.00000", "2007-12-31": "1973.60000", "2007-09-30": "1947.90000", "2007-06-30": "1930.40000", "2007-03-31": "1927.70000", "2006-12-31": "1935.70000", "2006-09-30": "1861.00000", "2006-06-30": "", "2006-03-31": "", "2005-12-31": "", "2005-09-30": ""}, "Other Long-Term Assets": {"2020-09-30": "814.50000", "2020-06-30": "795.10000", "2020-03-31": "932.60000", "2019-12-31": "762.90000", "2019-09-30": "822.20000", "2019-06-30": "778.50000", "2019-03-31": "1741.20000", "2018-12-31": "616.00000", "2018-09-30": "606.90000", "2018-06-30": "652.20000", "2018-03-31": "715.60000", "2017-12-31": "675.90000", "2017-09-30": "917.80000", "2017-06-30": "709.70000", "2017-03-31": "689.80000", "2016-12-31": "746.30000", "2016-09-30": "768.90000", "2016-06-30": "789.60000", "2016-03-31": "846.10000", "2015-12-31": "724.00000", "2015-09-30": "900.70000", "2015-06-30": "805.10000", "2015-03-31": "982.20000", "2014-12-31": "669.80000", "2014-09-30": "569.30000", "2014-06-30": "488.70000", "2014-03-31": "494.60000", "2013-12-31": "562.10000", "2013-09-30": "537.50000", "2013-06-30": "453.70000", "2013-03-31": "384.90000", "2012-12-31": "319.90000", "2012-09-30": "364.60000", "2012-06-30": "426.80000", "2012-03-31": "375.90000", "2011-12-31": "363.40000", "2011-09-30": "384.20000", "2011-06-30": "325.50000", "2011-03-31": "363.80000", "2010-12-31": "350.40000", "2010-09-30": "377.00000", "2010-06-30": "435.20000", "2010-03-31": "395.20000", "2009-12-31": "442.20000", "2009-09-30": "482.30000", "2009-06-30": "408.30000", "2009-03-31": "514.70000", "2008-12-31": "858.10000", "2008-09-30": "883.60000", "2008-06-30": "517.90000", "2008-03-31": "530.20000", "2007-12-31": "498.00000", "2007-09-30": "457.70000", "2007-06-30": "466.30000", "2007-03-31": "474.00000", "2006-12-31": "503.40000", "2006-09-30": "473.90000", "2006-06-30": "", "2006-03-31": "", "2005-12-31": "", "2005-09-30": ""}, "Total Long-Term Assets": {"2020-09-30": "3986.40000", "2020-06-30": "4003.10000", "2020-03-31": "4158.00000", "2019-12-31": "4011.30000", "2019-09-30": "4115.50000", "2019-06-30": "4104.70000", "2019-03-31": "5101.40000", "2018-12-31": "4209.60000", "2018-09-30": "4203.20000", "2018-06-30": "4165.50000", "2018-03-31": "4227.20000", "2017-12-31": "4204.30000", "2017-09-30": "4891.90000", "2017-06-30": "4702.60000", "2017-03-31": "4710.70000", "2016-12-31": "4793.00000", "2016-09-30": "4849.00000", "2016-06-30": "4875.20000", "2016-03-31": "4932.20000", "2015-12-31": "4824.60000", "2015-09-30": "5031.60000", "2015-06-30": "4942.90000", "2015-03-31": "5125.60000", "2014-12-31": "4793.50000", "2014-09-30": "4713.40000", "2014-06-30": "4666.20000", "2014-03-31": "4712.70000", "2013-12-31": "4777.80000", "2013-09-30": "4790.20000", "2013-06-30": "4731.20000", "2013-03-31": "4625.40000", "2012-12-31": "4574.60000", "2012-09-30": "4595.50000", "2012-06-30": "4658.90000", "2012-03-31": "4616.80000", "2011-12-31": "4607.80000", "2011-09-30": "3391.60000", "2011-06-30": "3334.50000", "2011-03-31": "3138.30000", "2010-12-31": "3136.60000", "2010-09-30": "3180.30000", "2010-06-30": "3259.60000", "2010-03-31": "3223.60000", "2009-12-31": "3279.10000", "2009-09-30": "3332.70000", "2009-06-30": "2857.10000", "2009-03-31": "2961.80000", "2008-12-31": "3075.20000", "2008-09-30": "3082.40000", "2008-06-30": "2707.30000", "2008-03-31": "2695.00000", "2007-12-31": "2671.90000", "2007-09-30": "2604.80000", "2007-06-30": "2589.60000", "2007-03-31": "2589.60000", "2006-12-31": "2615.20000", "2006-09-30": "2492.70000", "2006-06-30": "", "2006-03-31": "", "2005-12-31": "", "2005-09-30": ""}, "Total Assets": {"2020-09-30": "8827.20000", "2020-06-30": "8707.00000", "2020-03-31": "8365.40000", "2019-12-31": "8758.50000", "2019-09-30": "8803.70000", "2019-06-30": "9043.30000", "2019-03-31": "9432.00000", "2018-12-31": "8996.80000", "2018-09-30": "8989.60000", "2018-06-30": "9115.60000", "2018-03-31": "9188.00000", "2017-12-31": "9231.40000", "2017-09-30": "9873.60000", "2017-06-30": "9408.20000", "2017-03-31": "9486.00000", "2016-12-31": "9419.60000", "2016-09-30": "9518.70000", "2016-06-30": "9394.90000", "2016-03-31": "9418.30000", "2015-12-31": "9449.20000", "2015-09-30": "9815.90000", "2015-06-30": "10063.80000", "2015-03-31": "10353.00000", "2014-12-31": "9890.40000", "2014-09-30": "9846.60000", "2014-06-30": "9874.60000", "2014-03-31": "9922.60000", "2013-12-31": "10121.30000", "2013-09-30": "9940.90000", "2013-06-30": "9589.40000", "2013-03-31": "9361.70000", "2012-12-31": "9465.70000", "2012-09-30": "9355.10000", "2012-06-30": "9166.00000", "2012-03-31": "9197.80000", "2011-12-31": "9069.90000", "2011-09-30": "8819.70000", "2011-06-30": "8009.50000", "2011-03-31": "7887.70000", "2010-12-31": "7929.20000", "2010-09-30": "7570.40000", "2010-06-30": "7347.70000", "2010-03-31": "7041.00000", "2009-12-31": "7353.40000", "2009-09-30": "6214.20000", "2009-06-30": "5859.20000", "2009-03-31": "5654.00000", "2008-12-31": "5578.30000", "2008-09-30": "5504.20000", "2008-06-30": "6024.30000", "2008-03-31": "5972.80000", "2007-12-31": "5784.20000", "2007-09-30": "5685.30000", "2007-06-30": "5327.70000", "2007-03-31": "5353.90000", "2006-12-31": "5321.10000", "2006-09-30": "5038.60000", "2006-06-30": "0.00000", "2006-03-31": "0.00000", "2005-12-31": "0.00000", "2005-09-30": "0.00000"}, "Total Current Liabilities": {"2020-09-30": "4973.10000", "2020-06-30": "4994.70000", "2020-03-31": "4642.70000", "2019-12-31": "4918.30000", "2019-09-30": "4880.30000", "2019-06-30": "5271.80000", "2019-03-31": "5053.90000", "2018-12-31": "5432.70000", "2018-09-30": "5688.90000", "2018-06-30": "5763.40000", "2018-03-31": "5883.00000", "2017-12-31": "6159.40000", "2017-09-30": "5002.00000", "2017-06-30": "4574.00000", "2017-03-31": "4828.20000", "2016-12-31": "5286.00000", "2016-09-30": "4182.20000", "2016-06-30": "4082.70000", "2016-03-31": "4127.30000", "2015-12-31": "4126.80000", "2015-09-30": "4217.00000", "2015-06-30": "4255.00000", "2015-03-31": "4238.60000", "2014-12-31": "4080.40000", "2014-09-30": "4263.40000", "2014-06-30": "4359.30000", "2014-03-31": "4312.00000", "2013-12-31": "4126.20000", "2013-09-30": "4203.90000", "2013-06-30": "4215.00000", "2013-03-31": "4071.90000", "2012-12-31": "3889.10000", "2012-09-30": "4139.00000", "2012-06-30": "3788.90000", "2012-03-31": "3943.00000", "2011-12-31": "3928.60000", "2011-09-30": "3804.60000", "2011-06-30": "3492.20000", "2011-03-31": "3473.40000", "2010-12-31": "3512.20000", "2010-09-30": "3331.30000", "2010-06-30": "3116.30000", "2010-03-31": "3070.60000", "2009-12-31": "3409.30000", "2009-09-30": "2279.80000", "2009-06-30": "2041.90000", "2009-03-31": "2023.80000", "2008-12-31": "1974.80000", "2008-09-30": "2102.90000", "2008-06-30": "2159.90000", "2008-03-31": "2107.50000", "2007-12-31": "1949.00000", "2007-09-30": "2068.90000", "2007-06-30": "1792.80000", "2007-03-31": "1792.80000", "2006-12-31": "1837.30000", "2006-09-30": "1635.10000", "2006-06-30": "", "2006-03-31": "", "2005-12-31": "", "2005-09-30": ""}, "Long Term Debt": {"2020-09-30": "3036.50000", "2020-06-30": "3085.80000", "2020-03-31": "3070.10000", "2019-12-31": "3229.30000", "2019-09-30": "3248.00000", "2019-06-30": "3080.20000", "2019-03-31": "3370.30000", "2018-12-31": "3433.70000", "2018-09-30": "3295.00000", "2018-06-30": "3331.80000", "2018-03-31": "3143.40000", "2017-12-31": "3033.60000", "2017-09-30": "3533.40000", "2017-06-30": "3627.40000", "2017-03-31": "3490.90000", "2016-12-31": "2786.10000", "2016-09-30": "3224.80000", "2016-06-30": "3228.50000", "2016-03-31": "3225.70000", "2015-12-31": "3215.90000", "2015-09-30": "3483.80000", "2015-06-30": "3725.80000", "2015-03-31": "3728.60000", "2014-12-31": "3720.40000", "2014-09-30": "3714.20000", "2014-06-30": "3754.10000", "2014-03-31": "3844.10000", "2013-12-31": "4213.00000", "2013-09-30": "3968.70000", "2013-06-30": "3717.30000", "2013-03-31": "3726.80000", "2012-12-31": "4029.20000", "2012-09-30": "3433.00000", "2012-06-30": "3673.10000", "2012-03-31": "3633.70000", "2011-12-31": "3583.20000", "2011-09-30": "3982.80000", "2011-06-30": "3585.50000", "2011-03-31": "3583.30000", "2010-12-31": "3289.90000", "2010-09-30": "3296.50000", "2010-06-30": "3296.50000", "2010-03-31": "3048.00000", "2009-12-31": "3048.50000", "2009-09-30": "3052.40000", "2009-06-30": "3049.80000", "2009-03-31": "3056.60000", "2008-12-31": "3143.50000", "2008-09-30": "3082.50000", "2008-06-30": "3368.70000", "2008-03-31": "3379.30000", "2007-12-31": "3338.00000", "2007-09-30": "3272.60000", "2007-06-30": "3155.80000", "2007-03-31": "3278.80000", "2006-12-31": "3323.50000", "2006-09-30": "3499.60000", "2006-06-30": "", "2006-03-31": "", "2005-12-31": "", "2005-09-30": ""}, "Other Non-Current Liabilities": {"2020-09-30": "578.80000", "2020-06-30": "532.00000", "2020-03-31": "651.70000", "2019-12-31": "498.30000", "2019-09-30": "533.80000", "2019-06-30": "494.80000", "2019-03-31": "1216.70000", "2018-12-31": "279.10000", "2018-09-30": "264.70000", "2018-06-30": "305.50000", "2018-03-31": "363.60000", "2017-12-31": "356.80000", "2017-09-30": "487.90000", "2017-06-30": "409.90000", "2017-03-31": "281.30000", "2016-12-31": "359.40000", "2016-09-30": "451.30000", "2016-06-30": "501.20000", "2016-03-31": "549.60000", "2015-12-31": "429.00000", "2015-09-30": "453.60000", "2015-06-30": "465.50000", "2015-03-31": "718.50000", "2014-12-31": "484.20000", "2014-09-30": "393.30000", "2014-06-30": "381.80000", "2014-03-31": "391.60000", "2013-12-31": "358.20000", "2013-09-30": "372.80000", "2013-06-30": "378.00000", "2013-03-31": "291.40000", "2012-12-31": "254.70000", "2012-09-30": "258.60000", "2012-06-30": "262.40000", "2012-03-31": "261.70000", "2011-12-31": "273.60000", "2011-09-30": "235.80000", "2011-06-30": "265.20000", "2011-03-31": "277.20000", "2010-12-31": "254.50000", "2010-09-30": "249.50000", "2010-06-30": "258.60000", "2010-03-31": "259.50000", "2009-12-31": "273.20000", "2009-09-30": "278.10000", "2009-06-30": "221.50000", "2009-03-31": "188.70000", "2008-12-31": "198.00000", "2008-09-30": "120.90000", "2008-06-30": "197.70000", "2008-03-31": "212.60000", "2007-12-31": "182.90000", "2007-09-30": "178.70000", "2007-06-30": "148.50000", "2007-03-31": "142.40000", "2006-12-31": "200.30000", "2006-09-30": "140.50000", "2006-06-30": "", "2006-03-31": "", "2005-12-31": "", "2005-09-30": ""}, "Total Long Term Liabilities": {"2020-09-30": "3787.00000", "2020-06-30": "3785.70000", "2020-03-31": "3872.40000", "2019-12-31": "3879.70000", "2019-09-30": "3943.10000", "2019-06-30": "3741.30000", "2019-03-31": "4752.30000", "2018-12-31": "3873.90000", "2018-09-30": "3716.00000", "2018-06-30": "3803.50000", "2018-03-31": "3680.80000", "2017-12-31": "3563.40000", "2017-09-30": "4162.20000", "2017-06-30": "4173.00000", "2017-03-31": "3907.50000", "2016-12-31": "3231.40000", "2016-09-30": "3948.90000", "2016-06-30": "3997.80000", "2016-03-31": "4052.00000", "2015-12-31": "3917.50000", "2015-09-30": "4251.70000", "2015-06-30": "4501.40000", "2015-03-31": "4764.50000", "2014-12-31": "4509.60000", "2014-09-30": "4403.50000", "2014-06-30": "4445.10000", "2014-03-31": "4542.90000", "2013-12-31": "4890.40000", "2013-09-30": "4686.70000", "2013-06-30": "4445.80000", "2013-03-31": "4372.20000", "2012-12-31": "4636.00000", "2012-09-30": "4069.40000", "2012-06-30": "4324.30000", "2012-03-31": "4287.40000", "2011-12-31": "4246.50000", "2011-09-30": "4513.20000", "2011-06-30": "4138.20000", "2011-03-31": "4134.00000", "2010-12-31": "3834.30000", "2010-09-30": "3801.30000", "2010-06-30": "3831.70000", "2010-03-31": "3589.80000", "2009-12-31": "3590.60000", "2009-09-30": "3606.80000", "2009-06-30": "3531.70000", "2009-03-31": "3516.30000", "2008-12-31": "3611.60000", "2008-09-30": "3491.50000", "2008-06-30": "3838.90000", "2008-03-31": "3857.90000", "2007-12-31": "3784.50000", "2007-09-30": "3762.80000", "2007-06-30": "3620.90000", "2007-03-31": "3733.50000", "2006-12-31": "3798.60000", "2006-09-30": "3978.10000", "2006-06-30": "", "2006-03-31": "", "2005-12-31": "", "2005-09-30": ""}, "Total Liabilities": {"2020-09-30": "8760.10000", "2020-06-30": "8780.40000", "2020-03-31": "8515.10000", "2019-12-31": "8798.00000", "2019-09-30": "8823.40000", "2019-06-30": "9013.10000", "2019-03-31": "9806.20000", "2018-12-31": "9306.60000", "2018-09-30": "9404.90000", "2018-06-30": "9566.90000", "2018-03-31": "9563.80000", "2017-12-31": "9722.80000", "2017-09-30": "9164.20000", "2017-06-30": "8747.00000", "2017-03-31": "8735.70000", "2016-12-31": "8517.40000", "2016-09-30": "8131.10000", "2016-06-30": "8080.50000", "2016-03-31": "8179.30000", "2015-12-31": "8044.30000", "2015-09-30": "8468.70000", "2015-06-30": "8756.40000", "2015-03-31": "9003.10000", "2014-12-31": "8590.00000", "2014-09-30": "8666.90000", "2014-06-30": "8804.40000", "2014-03-31": "8854.90000", "2013-12-31": "9016.60000", "2013-09-30": "8890.60000", "2013-06-30": "8660.80000", "2013-03-31": "8444.10000", "2012-12-31": "8525.10000", "2012-09-30": "8208.40000", "2012-06-30": "8113.20000", "2012-03-31": "8230.40000", "2011-12-31": "8175.10000", "2011-09-30": "8317.80000", "2011-06-30": "7630.40000", "2011-03-31": "7607.40000", "2010-12-31": "7346.50000", "2010-09-30": "7132.60000", "2010-06-30": "6948.00000", "2010-03-31": "6660.40000", "2009-12-31": "6999.90000", "2009-09-30": "5886.60000", "2009-06-30": "5573.60000", "2009-03-31": "5540.10000", "2008-12-31": "5586.40000", "2008-09-30": "5594.40000", "2008-06-30": "5998.80000", "2008-03-31": "5965.40000", "2007-12-31": "5733.50000", "2007-09-30": "5831.70000", "2007-06-30": "5413.70000", "2007-03-31": "5526.30000", "2006-12-31": "5635.90000", "2006-09-30": "5613.20000", "2006-06-30": "", "2006-03-31": "", "2005-12-31": "", "2005-09-30": ""}, "Common Stock Net": {"2020-09-30": "4.10000", "2020-06-30": "4.10000", "2020-03-31": "4.10000", "2019-12-31": "4.20000", "2019-09-30": "4.20000", "2019-06-30": "4.30000", "2019-03-31": "4.30000", "2018-12-31": "4.40000", "2018-09-30": "4.40000", "2018-06-30": "4.50000", "2018-03-31": "4.60000", "2017-12-31": "4.60000", "2017-09-30": "4.60000", "2017-06-30": "4.60000", "2017-03-31": "4.70000", "2016-12-31": "4.80000", "2016-09-30": "4.90000", "2016-06-30": "4.90000", "2016-03-31": "4.90000", "2015-12-31": "5.00000", "2015-09-30": "5.10000", "2015-06-30": "5.10000", "2015-03-31": "5.20000", "2014-12-31": "5.20000", "2014-09-30": "5.20000", "2014-06-30": "5.30000", "2014-03-31": "5.40000", "2013-12-31": "5.50000", "2013-09-30": "5.50000", "2013-06-30": "5.50000", "2013-03-31": "5.60000", "2012-12-31": "5.70000", "2012-09-30": "6.00000", "2012-06-30": "6.00000", "2012-03-31": "6.10000", "2011-12-31": "6.20000", "2011-09-30": "6.20000", "2011-06-30": "6.30000", "2011-03-31": "6.30000", "2010-12-31": "6.50000", "2010-09-30": "6.60000", "2010-06-30": "6.60000", "2010-03-31": "6.70000", "2009-12-31": "6.90000", "2009-09-30": "6.90000", "2009-06-30": "7.00000", "2009-03-31": "7.00000", "2008-12-31": "7.10000", "2008-09-30": "7.20000", "2008-06-30": "7.30000", "2008-03-31": "7.40000", "2007-12-31": "7.50000", "2007-09-30": "7.70000", "2007-06-30": "7.70000", "2007-03-31": "7.70000", "2006-12-31": "7.70000", "2006-09-30": "7.70000", "2006-06-30": "", "2006-03-31": "", "2005-12-31": "", "2005-09-30": ""}, "Retained Earnings (Accumulated Deficit)": {"2020-09-30": "-625.30000", "2020-06-30": "-760.20000", "2020-03-31": "-828.20000", "2019-12-31": "-675.90000", "2019-09-30": "-659.40000", "2019-06-30": "-569.70000", "2019-03-31": "-938.00000", "2018-12-31": "-838.80000", "2018-09-30": "-916.80000", "2018-06-30": "-939.90000", "2018-03-31": "-819.80000", "2017-12-31": "-965.90000", "2017-09-30": "247.90000", "2017-06-30": "193.90000", "2017-03-31": "259.70000", "2016-12-31": "419.30000", "2016-09-30": "930.90000", "2016-06-30": "877.20000", "2016-03-31": "827.90000", "2015-12-31": "977.30000", "2015-09-30": "912.30000", "2015-06-30": "884.20000", "2015-03-31": "931.90000", "2014-12-31": "968.70000", "2014-09-30": "856.20000", "2014-06-30": "810.10000", "2014-03-31": "827.10000", "2013-12-31": "877.30000", "2013-09-30": "832.00000", "2013-06-30": "707.40000", "2013-03-31": "702.80000", "2012-12-31": "754.70000", "2012-09-30": "940.30000", "2012-06-30": "842.80000", "2012-03-31": "794.90000", "2011-12-31": "760.00000", "2011-09-30": "357.30000", "2011-06-30": "307.70000", "2011-03-31": "230.20000", "2010-12-31": "591.60000", "2010-09-30": "465.30000", "2010-06-30": "364.90000", "2010-03-31": "400.50000", "2009-12-31": "433.20000", "2009-09-30": "425.60000", "2009-06-30": "373.20000", "2009-03-31": "153.10000", "2008-12-31": "29.20000", "2008-09-30": "-72.90000", "2008-06-30": "209.50000", "2008-03-31": "363.00000", "2007-12-31": "453.10000", "2007-09-30": "776.20000", "2007-06-30": "570.70000", "2007-03-31": "385.20000", "2006-12-31": "208.00000", "2006-09-30": "-1.50000", "2006-06-30": "", "2006-03-31": "", "2005-12-31": "", "2005-09-30": ""}, "Comprehensive Income": {"2020-09-30": "-186.60000", "2020-06-30": "-177.80000", "2020-03-31": "-180.30000", "2019-12-31": "-209.00000", "2019-09-30": "-183.10000", "2019-06-30": "-205.70000", "2019-03-31": "-211.60000", "2018-12-31": "-231.00000", "2018-09-30": "-246.60000", "2018-06-30": "-248.00000", "2018-03-31": "-276.00000", "2017-12-31": "-227.90000", "2017-09-30": "-228.30000", "2017-06-30": "-209.40000", "2017-03-31": "-173.80000", "2016-12-31": "-162.80000", "2016-09-30": "-176.90000", "2016-06-30": "-165.00000", "2016-03-31": "-179.10000", "2015-12-31": "-143.90000", "2015-09-30": "-126.30000", "2015-06-30": "-123.50000", "2015-03-31": "-78.10000", "2014-12-31": "-118.90000", "2014-09-30": "-110.90000", "2014-06-30": "-162.50000", "2014-03-31": "-170.00000", "2013-12-31": "-169.00000", "2013-09-30": "-165.30000", "2013-06-30": "-138.30000", "2013-03-31": "-133.70000", "2012-12-31": "-152.60000", "2012-09-30": "-124.50000", "2012-06-30": "-107.00000", "2012-03-31": "-132.50000", "2011-12-31": "-118.50000", "2011-09-30": "-94.70000", "2011-06-30": "-156.50000", "2011-03-31": "-153.40000", "2010-12-31": "-132.80000", "2010-09-30": "-121.80000", "2010-06-30": "-45.00000", "2010-03-31": "-86.30000", "2009-12-31": "-127.30000", "2009-09-30": "-128.10000", "2009-06-30": "-102.40000", "2009-03-31": "-44.70000", "2008-12-31": "-30.00000", "2008-09-30": "0.70000", "2008-06-30": "-77.80000", "2008-03-31": "-91.10000", "2007-12-31": "-68.80000", "2007-09-30": "-88.20000", "2007-06-30": "-67.60000", "2007-03-31": "-68.10000", "2006-12-31": "-73.50000", "2006-09-30": "-55.40000", "2006-06-30": "", "2006-03-31": "", "2005-12-31": "", "2005-09-30": ""}, "Other Share Holders Equity": {"2020-09-30": "", "2020-06-30": "", "2020-03-31": "", "2019-12-31": "", "2019-09-30": "", "2019-06-30": "", "2019-03-31": "", "2018-12-31": "", "2018-09-30": "", "2018-06-30": "", "2018-03-31": "", "2017-12-31": "", "2017-09-30": "", "2017-06-30": "", "2017-03-31": "", "2016-12-31": "", "2016-09-30": "", "2016-06-30": "", "2016-03-31": "", "2015-12-31": "", "2015-09-30": "", "2015-06-30": "", "2015-03-31": "", "2014-12-31": "", "2014-09-30": "", "2014-06-30": "", "2014-03-31": "", "2013-12-31": "", "2013-09-30": "", "2013-06-30": "", "2013-03-31": "", "2012-12-31": "", "2012-09-30": "", "2012-06-30": "", "2012-03-31": "", "2011-12-31": "", "2011-09-30": "", "2011-06-30": "", "2011-03-31": "", "2010-12-31": "", "2010-09-30": "", "2010-06-30": "", "2010-03-31": "", "2009-12-31": "", "2009-09-30": "", "2009-06-30": "", "2009-03-31": "", "2008-12-31": "", "2008-09-30": "", "2008-06-30": "", "2008-03-31": "", "2007-12-31": "", "2007-09-30": "", "2007-06-30": "", "2007-03-31": "", "2006-12-31": "", "2006-09-30": "", "2006-06-30": "", "2006-03-31": "", "2005-12-31": "", "2005-09-30": ""}, "Share Holder Equity": {"2020-09-30": "67.10000", "2020-06-30": "-73.40000", "2020-03-31": "-149.70000", "2019-12-31": "-39.50000", "2019-09-30": "-19.70000", "2019-06-30": "30.20000", "2019-03-31": "-374.20000", "2018-12-31": "-309.80000", "2018-09-30": "-415.30000", "2018-06-30": "-451.30000", "2018-03-31": "-375.80000", "2017-12-31": "-491.40000", "2017-09-30": "709.40000", "2017-06-30": "661.20000", "2017-03-31": "750.30000", "2016-12-31": "902.20000", "2016-09-30": "1387.60000", "2016-06-30": "1314.40000", "2016-03-31": "1239.00000", "2015-12-31": "1404.90000", "2015-09-30": "1347.20000", "2015-06-30": "1307.40000", "2015-03-31": "1349.90000", "2014-12-31": "1300.40000", "2014-09-30": "1179.70000", "2014-06-30": "1070.20000", "2014-03-31": "1067.70000", "2013-12-31": "1104.70000", "2013-09-30": "1050.30000", "2013-06-30": "928.60000", "2013-03-31": "917.60000", "2012-12-31": "940.60000", "2012-09-30": "1146.70000", "2012-06-30": "1052.80000", "2012-03-31": "967.40000", "2011-12-31": "894.80000", "2011-09-30": "501.90000", "2011-06-30": "379.10000", "2011-03-31": "280.30000", "2010-12-31": "582.70000", "2010-09-30": "437.80000", "2010-06-30": "399.70000", "2010-03-31": "380.60000", "2009-12-31": "353.50000", "2009-09-30": "327.60000", "2009-06-30": "285.60000", "2009-03-31": "113.90000", "2008-12-31": "-8.10000", "2008-09-30": "-90.20000", "2008-06-30": "25.50000", "2008-03-31": "7.40000", "2007-12-31": "50.70000", "2007-09-30": "-146.40000", "2007-06-30": "-86.00000", "2007-03-31": "-172.40000", "2006-12-31": "-314.80000", "2006-09-30": "-574.60000", "2006-06-30": "", "2006-03-31": "", "2005-12-31": "", "2005-09-30": ""}, "Total Liabilities And Share Holders Equity": {"2020-09-30": "8827.20000", "2020-06-30": "8707.00000", "2020-03-31": "8365.40000", "2019-12-31": "8758.50000", "2019-09-30": "8803.70000", "2019-06-30": "9043.30000", "2019-03-31": "9432.00000", "2018-12-31": "8996.80000", "2018-09-30": "8989.60000", "2018-06-30": "9115.60000", "2018-03-31": "9188.00000", "2017-12-31": "9231.40000", "2017-09-30": "9873.60000", "2017-06-30": "9408.20000", "2017-03-31": "9486.00000", "2016-12-31": "9419.60000", "2016-09-30": "9518.70000", "2016-06-30": "9394.90000", "2016-03-31": "9418.30000", "2015-12-31": "9449.20000", "2015-09-30": "9815.90000", "2015-06-30": "10063.80000", "2015-03-31": "10353.00000", "2014-12-31": "9890.40000", "2014-09-30": "9846.60000", "2014-06-30": "9874.60000", "2014-03-31": "9922.60000", "2013-12-31": "10121.30000", "2013-09-30": "9940.90000", "2013-06-30": "9589.40000", "2013-03-31": "9361.70000", "2012-12-31": "9465.70000", "2012-09-30": "9355.10000", "2012-06-30": "9166.00000", "2012-03-31": "9197.80000", "2011-12-31": "9069.90000", "2011-09-30": "8819.70000", "2011-06-30": "8009.50000", "2011-03-31": "7887.70000", "2010-12-31": "7929.20000", "2010-09-30": "7570.40000", "2010-06-30": "7347.70000", "2010-03-31": "7041.00000", "2009-12-31": "7353.40000", "2009-09-30": "6214.20000", "2009-06-30": "5859.20000", "2009-03-31": "5654.00000", "2008-12-31": "5578.30000", "2008-09-30": "5504.20000", "2008-06-30": "6024.30000", "2008-03-31": "5972.80000", "2007-12-31": "5784.20000", "2007-09-30": "5685.30000", "2007-06-30": "5327.70000", "2007-03-31": "5353.90000", "2006-12-31": "5321.10000", "2006-09-30": "5038.60000", "2006-06-30": "", "2006-03-31": "", "2005-12-31": "", "2005-09-30": ""}}, "cash flow statement": {"Net Income/Loss": {"2019-12-31": "1058.30000", "2018-12-31": "851.90000", "2017-12-31": "-557.10000", "2016-12-31": "253.20000", "2015-12-31": "837.80000", "2014-12-31": "852.40000", "2013-12-31": "798.40000", "2012-12-31": "1025.90000", "2011-12-31": "1165.40000", "2010-12-31": "909.90000", "2009-12-31": "848.80000", "2008-12-31": "919.00000", "2007-12-31": "857.30000", "2006-12-31": "914.00000", "2005-12-31": "927.40000"}, "Total Depreciation And Amortization - Cash Flow": {"2019-12-31": "257.70000", "2018-12-31": "264.70000", "2017-12-31": "726.90000", "2016-12-31": "263.20000", "2015-12-31": "270.20000", "2014-12-31": "271.90000", "2013-12-31": "262.80000", "2012-12-31": "246.10000", "2011-12-31": "192.60000", "2010-12-31": "175.90000", "2009-12-31": "154.20000", "2008-12-31": "144.00000", "2007-12-31": "123.90000", "2006-12-31": "103.50000", "2005-12-31": "79.50000"}, "Other Non-Cash Items": {"2019-12-31": "-438.20000", "2018-12-31": "51.10000", "2017-12-31": "193.70000", "2016-12-31": "-75.90000", "2015-12-31": "23.80000", "2014-12-31": "22.70000", "2013-12-31": "14.00000", "2012-12-31": "42.00000", "2011-12-31": "1.10000", "2010-12-31": "66.50000", "2009-12-31": "55.20000", "2008-12-31": "85.10000", "2007-12-31": "69.00000", "2006-12-31": "56.40000", "2005-12-31": "51.20000"}, "Total Non-Cash Items": {"2019-12-31": "-180.50000", "2018-12-31": "315.80000", "2017-12-31": "920.60000", "2016-12-31": "187.30000", "2015-12-31": "294.00000", "2014-12-31": "294.60000", "2013-12-31": "276.80000", "2012-12-31": "288.10000", "2011-12-31": "193.70000", "2010-12-31": "242.40000", "2009-12-31": "209.40000", "2008-12-31": "229.10000", "2007-12-31": "192.90000", "2006-12-31": "159.90000", "2005-12-31": "130.70000"}, "Change In Accounts Receivable": {"2019-12-31": "", "2018-12-31": "", "2017-12-31": "", "2016-12-31": "", "2015-12-31": "", "2014-12-31": "", "2013-12-31": "", "2012-12-31": "", "2011-12-31": "", "2010-12-31": "", "2009-12-31": "", "2008-12-31": "", "2007-12-31": "", "2006-12-31": "", "2005-12-31": ""}, "Change In Inventories": {"2019-12-31": "", "2018-12-31": "", "2017-12-31": "", "2016-12-31": "", "2015-12-31": "", "2014-12-31": "", "2013-12-31": "", "2012-12-31": "", "2011-12-31": "", "2010-12-31": "", "2009-12-31": "", "2008-12-31": "", "2007-12-31": "", "2006-12-31": "", "2005-12-31": ""}, "Change In Accounts Payable": {"2019-12-31": "", "2018-12-31": "", "2017-12-31": "", "2016-12-31": "", "2015-12-31": "", "2014-12-31": "", "2013-12-31": "", "2012-12-31": "", "2011-12-31": "", "2010-12-31": "", "2009-12-31": "", "2008-12-31": "", "2007-12-31": "", "2006-12-31": "", "2005-12-31": ""}, "Change In Assets/Liabilities": {"2019-12-31": "-20.70000", "2018-12-31": "-26.80000", "2017-12-31": "-54.30000", "2016-12-31": "-112.30000", "2015-12-31": "-122.00000", "2014-12-31": "-32.40000", "2013-12-31": "-71.10000", "2012-12-31": "-58.10000", "2011-12-31": "-78.90000", "2010-12-31": "-9.20000", "2009-12-31": "-53.90000", "2008-12-31": "-20.60000", "2007-12-31": "-5.40000", "2006-12-31": "-88.20000", "2005-12-31": "-37.40000"}, "Total Change In Assets/Liabilities": {"2019-12-31": "36.80000", "2018-12-31": "-346.40000", "2017-12-31": "378.50000", "2016-12-31": "601.40000", "2015-12-31": "-60.70000", "2014-12-31": "-101.10000", "2013-12-31": "13.40000", "2012-12-31": "-128.70000", "2011-12-31": "-184.20000", "2010-12-31": "-157.90000", "2009-12-31": "159.90000", "2008-12-31": "105.80000", "2007-12-31": "53.30000", "2006-12-31": "35.00000", "2005-12-31": "-55.30000"}, "Cash Flow From Operating Activities": {"2019-12-31": "914.60000", "2018-12-31": "821.30000", "2017-12-31": "742.00000", "2016-12-31": "1041.90000", "2015-12-31": "1071.10000", "2014-12-31": "1045.90000", "2013-12-31": "1088.60000", "2012-12-31": "1185.30000", "2011-12-31": "1174.90000", "2010-12-31": "994.40000", "2009-12-31": "1218.10000", "2008-12-31": "1253.90000", "2007-12-31": "1103.50000", "2006-12-31": "1108.90000", "2005-12-31": "1002.80000"}, "Net Change In Property, Plant, And Equipment": {"2019-12-31": "-81.10000", "2018-12-31": "-188.70000", "2017-12-31": "-102.30000", "2016-12-31": "-122.50000", "2015-12-31": "-143.70000", "2014-12-31": "-105.90000", "2013-12-31": "-122.00000", "2012-12-31": "-93.30000", "2011-12-31": "-65.80000", "2010-12-31": "-78.70000", "2009-12-31": "-71.60000", "2008-12-31": "-70.90000", "2007-12-31": "-111.20000", "2006-12-31": "-78.20000", "2005-12-31": "-42.50000"}, "Net Change In Intangible Assets": {"2019-12-31": "-46.60000", "2018-12-31": "-150.30000", "2017-12-31": "-74.80000", "2016-12-31": "-107.30000", "2015-12-31": "-122.80000", "2014-12-31": "-73.10000", "2013-12-31": "-119.30000", "2012-12-31": "-174.90000", "2011-12-31": "-96.70000", "2010-12-31": "-35.00000", "2009-12-31": "-27.30000", "2008-12-31": "-82.80000", "2007-12-31": "-80.90000", "2006-12-31": "-124.10000", "2005-12-31": "-22.50000"}, "Net Acquisitions/Divestitures": {"2019-12-31": "711.70000", "2018-12-31": "", "2017-12-31": "-24.90000", "2016-12-31": "", "2015-12-31": "", "2014-12-31": "-10.60000", "2013-12-31": "", "2012-12-31": "10.00000", "2011-12-31": "-1197.80000", "2010-12-31": "-4.70000", "2009-12-31": "-515.90000", "2008-12-31": "-42.80000", "2007-12-31": "", "2006-12-31": "-66.50000", "2005-12-31": "-349.10000"}, "Net Change In Short-term Investments": {"2019-12-31": "", "2018-12-31": "", "2017-12-31": "", "2016-12-31": "", "2015-12-31": "", "2014-12-31": "", "2013-12-31": "", "2012-12-31": "", "2011-12-31": "", "2010-12-31": "", "2009-12-31": "", "2008-12-31": "", "2007-12-31": "", "2006-12-31": "", "2005-12-31": ""}, "Net Change In Long-Term Investments": {"2019-12-31": "48.30000", "2018-12-31": "10.20000", "2017-12-31": "-2.60000", "2016-12-31": "-41.30000", "2015-12-31": "-19.90000", "2014-12-31": "100.20000", "2013-12-31": "-100.00000", "2012-12-31": "", "2011-12-31": "", "2010-12-31": "36.90000", "2009-12-31": "255.50000", "2008-12-31": "-298.10000", "2007-12-31": "-35.80000", "2006-12-31": "4.10000", "2005-12-31": "-5.90000"}, "Net Change In Investments - Total": {"2019-12-31": "48.30000", "2018-12-31": "10.20000", "2017-12-31": "-2.60000", "2016-12-31": "-41.30000", "2015-12-31": "-19.90000", "2014-12-31": "100.20000", "2013-12-31": "-100.00000", "2012-12-31": "", "2011-12-31": "", "2010-12-31": "36.90000", "2009-12-31": "255.50000", "2008-12-31": "-298.10000", "2007-12-31": "-35.80000", "2006-12-31": "4.10000", "2005-12-31": "-5.90000"}, "Investing Activities - Other": {"2019-12-31": "", "2018-12-31": "", "2017-12-31": "", "2016-12-31": "", "2015-12-31": "", "2014-12-31": "", "2013-12-31": "", "2012-12-31": "", "2011-12-31": "", "2010-12-31": "16.90000", "2009-12-31": "35.20000", "2008-12-31": "40.90000", "2007-12-31": "25.90000", "2006-12-31": "-120.00000", "2005-12-31": "-8.40000"}, "Cash Flow From Investing Activities": {"2019-12-31": "632.30000", "2018-12-31": "-328.80000", "2017-12-31": "-204.60000", "2016-12-31": "-271.10000", "2015-12-31": "-286.40000", "2014-12-31": "-89.40000", "2013-12-31": "-341.30000", "2012-12-31": "-258.20000", "2011-12-31": "-1360.30000", "2010-12-31": "-64.60000", "2009-12-31": "-324.10000", "2008-12-31": "-453.70000", "2007-12-31": "-202.00000", "2006-12-31": "-384.70000", "2005-12-31": "-428.40000"}, "Net Long-Term Debt": {"2019-12-31": "-209.00000", "2018-12-31": "396.00000", "2017-12-31": "246.20000", "2016-12-31": "-430.40000", "2015-12-31": "-500.00000", "2014-12-31": "-500.00000", "2013-12-31": "197.30000", "2012-12-31": "445.80000", "2011-12-31": "297.00000", "2010-12-31": "247.00000", "2009-12-31": "-86.20000", "2008-12-31": "-255.30000", "2007-12-31": "13.60000", "2006-12-31": "-2072.40000", "2005-12-31": ""}, "Net Current Debt": {"2019-12-31": "", "2018-12-31": "", "2017-12-31": "", "2016-12-31": "", "2015-12-31": "", "2014-12-31": "", "2013-12-31": "", "2012-12-31": "", "2011-12-31": "", "2010-12-31": "", "2009-12-31": "", "2008-12-31": "", "2007-12-31": "-3.00000", "2006-12-31": "4231.50000", "2005-12-31": "153.60000"}, "Debt Issuance/Retirement Net - Total": {"2019-12-31": "-209.00000", "2018-12-31": "396.00000", "2017-12-31": "246.20000", "2016-12-31": "-430.40000", "2015-12-31": "-500.00000", "2014-12-31": "-500.00000", "2013-12-31": "197.30000", "2012-12-31": "445.80000", "2011-12-31": "297.00000", "2010-12-31": "247.00000", "2009-12-31": "-86.20000", "2008-12-31": "-255.30000", "2007-12-31": "10.60000", "2006-12-31": "2159.10000", "2005-12-31": "153.60000"}, "Net Common Equity Issued/Repurchased": {"2019-12-31": "-515.90000", "2018-12-31": "-402.30000", "2017-12-31": "-489.80000", "2016-12-31": "-465.20000", "2015-12-31": "-435.50000", "2014-12-31": "-481.20000", "2013-12-31": "-370.80000", "2012-12-31": "-713.10000", "2011-12-31": "-703.90000", "2010-12-31": "-539.30000", "2009-12-31": "-377.00000", "2008-12-31": "-1014.00000", "2007-12-31": "-510.70000", "2006-12-31": "60.90000", "2005-12-31": ""}, "Net Total Equity Issued/Repurchased": {"2019-12-31": "-515.90000", "2018-12-31": "-402.30000", "2017-12-31": "-489.80000", "2016-12-31": "-465.20000", "2015-12-31": "-435.50000", "2014-12-31": "-481.20000", "2013-12-31": "-370.80000", "2012-12-31": "-713.10000", "2011-12-31": "-703.90000", "2010-12-31": "-539.30000", "2009-12-31": "-377.00000", "2008-12-31": "-1014.00000", "2007-12-31": "-510.70000", "2006-12-31": "60.90000", "2005-12-31": ""}, "Total Common And Preferred Stock Dividends Paid": {"2019-12-31": "-340.80000", "2018-12-31": "-341.70000", "2017-12-31": "-325.60000", "2016-12-31": "-312.20000", "2015-12-31": "-316.50000", "2014-12-31": "-265.20000", "2013-12-31": "-277.20000", "2012-12-31": "-254.20000", "2011-12-31": "-194.20000", "2010-12-31": "-165.30000", "2009-12-31": "-41.20000", "2008-12-31": "-28.40000", "2007-12-31": "-30.00000", "2006-12-31": "-2961.60000", "2005-12-31": "-417.20000"}, "Financial Activities - Other": {"2019-12-31": "-4.10000", "2018-12-31": "-9.20000", "2017-12-31": "-1.30000", "2016-12-31": "-1.40000", "2015-12-31": "", "2014-12-31": "", "2013-12-31": "", "2012-12-31": "", "2011-12-31": "", "2010-12-31": "", "2009-12-31": "", "2008-12-31": "", "2007-12-31": "", "2006-12-31": "928.90000", "2005-12-31": "-270.30000"}, "Cash Flow From Financial Activities": {"2019-12-31": "-1069.80000", "2018-12-31": "-357.20000", "2017-12-31": "-570.50000", "2016-12-31": "-1209.20000", "2015-12-31": "-1252.00000", "2014-12-31": "-1246.40000", "2013-12-31": "-450.70000", "2012-12-31": "-521.50000", "2011-12-31": "-601.10000", "2010-12-31": "-457.60000", "2009-12-31": "-504.40000", "2008-12-31": "-1297.70000", "2007-12-31": "-530.10000", "2006-12-31": "187.30000", "2005-12-31": "-533.90000"}, "Net Cash Flow": {"2019-12-31": "477.10000", "2018-12-31": "135.30000", "2017-12-31": "-33.10000", "2016-12-31": "-438.40000", "2015-12-31": "-467.30000", "2014-12-31": "-289.90000", "2013-12-31": "296.60000", "2012-12-31": "405.60000", "2011-12-31": "-786.50000", "2010-12-31": "472.20000", "2009-12-31": "389.60000", "2008-12-31": "-497.50000", "2007-12-31": "371.40000", "2006-12-31": "911.50000", "2005-12-31": "40.50000"}, "Stock-Based Compensation": {"2019-12-31": "", "2018-12-31": "", "2017-12-31": "", "2016-12-31": "", "2015-12-31": "", "2014-12-31": "", "2013-12-31": "", "2012-12-31": "", "2011-12-31": "", "2010-12-31": "", "2009-12-31": "31.90000", "2008-12-31": "26.30000", "2007-12-31": "50.20000", "2006-12-31": "23.30000", "2005-12-31": ""}, "Common Stock Dividends Paid": {"2019-12-31": "-340.80000", "2018-12-31": "-341.70000", "2017-12-31": "-325.60000", "2016-12-31": "-312.20000", "2015-12-31": "-316.50000", "2014-12-31": "-265.20000", "2013-12-31": "-277.20000", "2012-12-31": "-254.20000", "2011-12-31": "-194.20000", "2010-12-31": "-165.30000", "2009-12-31": "-41.20000", "2008-12-31": "-28.40000", "2007-12-31": "-30.00000", "2006-12-31": "-2961.60000", "2005-12-31": "-417.20000"}}, "cash flow statement, quarterly": {"Net Income/Loss": {"2020-09-30": 228.6, "2020-06-30": 161.9, "2020-03-31": "176.70000", "2019-12-31": 135.4, "2019-09-30": 135, "2019-06-30": 614.8, "2019-03-31": "173.10000", "2018-12-31": 212.1, "2018-09-30": 208.6, "2018-06-30": 217.6, "2018-03-31": "213.60000", "2017-12-31": -1120.9, "2017-09-30": 235.6, "2017-06-30": 166.5, "2017-03-31": "161.70000", "2016-12-31": -355, "2016-09-30": 216.9, "2016-06-30": 205.6, "2016-03-31": "185.70000", "2015-12-31": 212.3, "2015-09-30": 232.3, "2015-06-30": 189.3, "2015-03-31": "203.90000", "2014-12-31": 221.5, "2014-09-30": 234.1, "2014-06-30": 193.8, "2014-03-31": "203.00000", "2013-12-31": 173.4, "2013-09-30": 214.4, "2013-06-30": 198.6, "2013-03-31": "212.00000", "2012-12-31": 237.9, "2012-09-30": 269.5, "2012-06-30": 271.2, "2012-03-31": "247.30000", "2011-12-31": 452.3, "2011-09-30": 239.7, "2011-06-30": 263.2, "2011-03-31": "210.20000", "2010-12-31": 242.6, "2010-09-30": 238.4, "2010-06-30": 221, "2010-03-31": "207.90000", "2009-12-31": 223.7, "2009-09-30": 181, "2009-06-30": 220.2, "2009-03-31": "223.90000", "2008-12-31": 239.6, "2008-09-30": 240.8, "2008-06-30": 231.5, "2008-03-31": "207.10000", "2007-12-31": 243.3, "2007-09-30": 216.3, "2007-06-30": 204.5, "2007-03-31": "193.20000", "2006-12-31": 217.2, "2006-09-30": 258.1, "2006-06-30": 218.9, "2006-03-31": "219.80000", "2005-12-31": 233.9, "2005-09-30": 693.5}, "Total Depreciation And Amortization - Cash Flow": {"2020-09-30": 54.2, "2020-06-30": 57.1, "2020-03-31": "58.20000", "2019-12-31": 67, "2019-09-30": 61.1, "2019-06-30": 64.8, "2019-03-31": "64.80000", "2018-12-31": 68.7, "2018-09-30": 63.6, "2018-06-30": 65.7, "2018-03-31": "66.70000", "2017-12-31": 529.8, "2017-09-30": 65.5, "2017-06-30": 65.2, "2017-03-31": "66.40000", "2016-12-31": 65.3, "2016-09-30": 66.4, "2016-06-30": 65.9, "2016-03-31": "65.60000", "2015-12-31": 69, "2015-09-30": 74.4, "2015-06-30": 62.9, "2015-03-31": "63.90000", "2014-12-31": 69.5, "2014-09-30": 66.8, "2014-06-30": 68.4, "2014-03-31": "67.20000", "2013-12-31": 64.9, "2013-09-30": 68.6, "2013-06-30": 66.4, "2013-03-31": "62.90000", "2012-12-31": 62, "2012-09-30": 61.2, "2012-06-30": 59, "2012-03-31": "63.90000", "2011-12-31": 55.4, "2011-09-30": 45.9, "2011-06-30": 46.6, "2011-03-31": "44.70000", "2010-12-31": 45.4, "2010-09-30": 44.9, "2010-06-30": 43.6, "2010-03-31": "42.00000", "2009-12-31": 42.7, "2009-09-30": 38.7, "2009-06-30": 37.1, "2009-03-31": "35.70000", "2008-12-31": 37.1, "2008-09-30": 37.6, "2008-06-30": 36.5, "2008-03-31": "32.80000", "2007-12-31": 31.7, "2007-09-30": 30.9, "2007-06-30": 30.9, "2007-03-31": "30.40000", "2006-12-31": 28.3, "2006-09-30": 26.1, "2006-06-30": 24.5, "2006-03-31": "24.60000", "2005-12-31": 21.6, "2005-09-30": 57.9}, "Other Non-Cash Items": {"2020-09-30": 42.5, "2020-06-30": 43.1, "2020-03-31": "20.80000", "2019-12-31": 30.4, "2019-09-30": 11.2, "2019-06-30": -508.2, "2019-03-31": "28.40000", "2018-12-31": 27.6, "2018-09-30": 24.2, "2018-06-30": -9.6, "2018-03-31": "8.90000", "2017-12-31": 63.4, "2017-09-30": 26.1, "2017-06-30": 28.2, "2017-03-31": "76.00000", "2016-12-31": -137.9, "2016-09-30": 19.7, "2016-06-30": 5.6, "2016-03-31": "36.70000", "2015-12-31": -9, "2015-09-30": 7.9, "2015-06-30": 8, "2015-03-31": "16.90000", "2014-12-31": 15.2, "2014-09-30": -24.5, "2014-06-30": 37.3, "2014-03-31": "-5.30000", "2013-12-31": 3.5, "2013-09-30": 2.9, "2013-06-30": -1.7, "2013-03-31": "9.30000", "2012-12-31": 4.2, "2012-09-30": 36.6, "2012-06-30": -0.4, "2012-03-31": "1.60000", "2011-12-31": 8.5, "2011-09-30": 18.4, "2011-06-30": -18.6, "2011-03-31": "-7.20000", "2010-12-31": 47.5, "2010-09-30": 3.3, "2010-06-30": 1.5, "2010-03-31": "14.20000", "2009-12-31": 16.2, "2009-09-30": -5.8, "2009-06-30": 22.9, "2009-03-31": "21.90000", "2008-12-31": 35.7, "2008-09-30": 23.9, "2008-06-30": 13.6, "2008-03-31": "11.90000", "2007-12-31": -0.3, "2007-09-30": 36, "2007-06-30": 20.8, "2007-03-31": "12.50000", "2006-12-31": 6.1, "2006-09-30": 17.8, "2006-06-30": 27.8, "2006-03-31": "4.70000", "2005-12-31": -42.3, "2005-09-30": 42.3}, "Total Non-Cash Items": {"2020-09-30": 96.7, "2020-06-30": 100.2, "2020-03-31": "79.00000", "2019-12-31": 97.4, "2019-09-30": 72.3, "2019-06-30": -443.4, "2019-03-31": "93.20000", "2018-12-31": 96.3, "2018-09-30": 87.8, "2018-06-30": 56.1, "2018-03-31": "75.60000", "2017-12-31": 593.2, "2017-09-30": 91.6, "2017-06-30": 93.4, "2017-03-31": "142.40000", "2016-12-31": -72.6, "2016-09-30": 86.1, "2016-06-30": 71.5, "2016-03-31": "102.30000", "2015-12-31": 60, "2015-09-30": 82.3, "2015-06-30": 70.9, "2015-03-31": "80.80000", "2014-12-31": 84.7, "2014-09-30": 42.3, "2014-06-30": 105.7, "2014-03-31": "61.90000", "2013-12-31": 68.4, "2013-09-30": 71.5, "2013-06-30": 64.7, "2013-03-31": "72.20000", "2012-12-31": 66.2, "2012-09-30": 97.8, "2012-06-30": 58.6, "2012-03-31": "65.50000", "2011-12-31": 63.9, "2011-09-30": 64.3, "2011-06-30": 28, "2011-03-31": "37.50000", "2010-12-31": 92.9, "2010-09-30": 48.2, "2010-06-30": 45.1, "2010-03-31": "56.20000", "2009-12-31": 58.9, "2009-09-30": 32.9, "2009-06-30": 60, "2009-03-31": "57.60000", "2008-12-31": 72.8, "2008-09-30": 61.5, "2008-06-30": 50.1, "2008-03-31": "44.70000", "2007-12-31": 31.4, "2007-09-30": 66.9, "2007-06-30": 51.7, "2007-03-31": "42.90000", "2006-12-31": 34.4, "2006-09-30": 43.9, "2006-06-30": 52.3, "2006-03-31": "29.30000", "2005-12-31": -20.7, "2005-09-30": 100.2}, "Change In Accounts Receivable": {"2020-09-30": 0, "2020-06-30": 0, "2020-03-31": "", "2019-12-31": 0, "2019-09-30": 0, "2019-06-30": 0, "2019-03-31": "", "2018-12-31": 0, "2018-09-30": 0, "2018-06-30": 0, "2018-03-31": "", "2017-12-31": 0, "2017-09-30": 0, "2017-06-30": 0, "2017-03-31": "", "2016-12-31": 0, "2016-09-30": 0, "2016-06-30": 0, "2016-03-31": "", "2015-12-31": 0, "2015-09-30": 0, "2015-06-30": 0, "2015-03-31": "", "2014-12-31": 0, "2014-09-30": 0, "2014-06-30": 0, "2014-03-31": "", "2013-12-31": 0, "2013-09-30": 0, "2013-06-30": 0, "2013-03-31": "", "2012-12-31": 0, "2012-09-30": 0, "2012-06-30": 0, "2012-03-31": "", "2011-12-31": 0, "2011-09-30": 0, "2011-06-30": 0, "2011-03-31": "", "2010-12-31": 0, "2010-09-30": 0, "2010-06-30": 0, "2010-03-31": "", "2009-12-31": 0, "2009-09-30": 0, "2009-06-30": 0, "2009-03-31": "", "2008-12-31": 0, "2008-09-30": 0, "2008-06-30": 0, "2008-03-31": "", "2007-12-31": 0, "2007-09-30": 0, "2007-06-30": 0, "2007-03-31": "", "2006-12-31": 0, "2006-09-30": 0, "2006-06-30": 0, "2006-03-31": "", "2005-12-31": 0, "2005-09-30": 0}, "Change In Inventories": {"2020-09-30": 0, "2020-06-30": 0, "2020-03-31": "", "2019-12-31": 0, "2019-09-30": 0, "2019-06-30": 0, "2019-03-31": "", "2018-12-31": 0, "2018-09-30": 0, "2018-06-30": 0, "2018-03-31": "", "2017-12-31": 0, "2017-09-30": 0, "2017-06-30": 0, "2017-03-31": "", "2016-12-31": 0, "2016-09-30": 0, "2016-06-30": 0, "2016-03-31": "", "2015-12-31": 0, "2015-09-30": 0, "2015-06-30": 0, "2015-03-31": "", "2014-12-31": 0, "2014-09-30": 0, "2014-06-30": 0, "2014-03-31": "", "2013-12-31": 0, "2013-09-30": 0, "2013-06-30": 0, "2013-03-31": "", "2012-12-31": 0, "2012-09-30": 0, "2012-06-30": 0, "2012-03-31": "", "2011-12-31": 0, "2011-09-30": 0, "2011-06-30": 0, "2011-03-31": "", "2010-12-31": 0, "2010-09-30": 0, "2010-06-30": 0, "2010-03-31": "", "2009-12-31": 0, "2009-09-30": 0, "2009-06-30": 0, "2009-03-31": "", "2008-12-31": 0, "2008-09-30": 0, "2008-06-30": 0, "2008-03-31": "", "2007-12-31": 0, "2007-09-30": 0, "2007-06-30": 0, "2007-03-31": "", "2006-12-31": 0, "2006-09-30": 0, "2006-06-30": 0, "2006-03-31": "", "2005-12-31": 0, "2005-09-30": 0}, "Change In Accounts Payable": {"2020-09-30": 0, "2020-06-30": 0, "2020-03-31": "", "2019-12-31": 0, "2019-09-30": 0, "2019-06-30": 0, "2019-03-31": "", "2018-12-31": 0, "2018-09-30": 0, "2018-06-30": 0, "2018-03-31": "", "2017-12-31": 0, "2017-09-30": 0, "2017-06-30": 0, "2017-03-31": "", "2016-12-31": 0, "2016-09-30": 0, "2016-06-30": 0, "2016-03-31": "", "2015-12-31": 0, "2015-09-30": 0, "2015-06-30": 0, "2015-03-31": "", "2014-12-31": 0, "2014-09-30": 0, "2014-06-30": 0, "2014-03-31": "", "2013-12-31": 0, "2013-09-30": 0, "2013-06-30": 0, "2013-03-31": "", "2012-12-31": 0, "2012-09-30": 0, "2012-06-30": 0, "2012-03-31": "", "2011-12-31": 0, "2011-09-30": 0, "2011-06-30": 0, "2011-03-31": "", "2010-12-31": 0, "2010-09-30": 0, "2010-06-30": 0, "2010-03-31": "", "2009-12-31": 0, "2009-09-30": 0, "2009-06-30": 0, "2009-03-31": "", "2008-12-31": 0, "2008-09-30": 0, "2008-06-30": 0, "2008-03-31": "", "2007-12-31": 0, "2007-09-30": 0, "2007-06-30": 0, "2007-03-31": "", "2006-12-31": 0, "2006-09-30": 0, "2006-06-30": 0, "2006-03-31": "", "2005-12-31": 0, "2005-09-30": 0}, "Change In Assets/Liabilities": {"2020-09-30": 2.7, "2020-06-30": 11.3, "2020-03-31": "-31.20000", "2019-12-31": -19.4, "2019-09-30": -4, "2019-06-30": 16.4, "2019-03-31": "-13.70000", "2018-12-31": 31.5, "2018-09-30": -18.9, "2018-06-30": 5.4, "2018-03-31": "-44.80000", "2017-12-31": -67, "2017-09-30": -9.9, "2017-06-30": 42.5, "2017-03-31": "-19.90000", "2016-12-31": -90.7, "2016-09-30": -36.3, "2016-06-30": 53.1, "2016-03-31": "-38.40000", "2015-12-31": 7.9, "2015-09-30": -62.9, "2015-06-30": -7.6, "2015-03-31": "-59.40000", "2014-12-31": -20.2, "2014-09-30": -7.3, "2014-06-30": 8.1, "2014-03-31": "-13.00000", "2013-12-31": -27, "2013-09-30": -3.6, "2013-06-30": -22.4, "2013-03-31": "-18.10000", "2012-12-31": -0.8, "2012-09-30": -16.8, "2012-06-30": -18.5, "2012-03-31": "-22.00000", "2011-12-31": -28.9, "2011-09-30": -23.4, "2011-06-30": -9.7, "2011-03-31": "-16.90000", "2010-12-31": -25.9, "2010-09-30": -29, "2010-06-30": -2.2, "2010-03-31": "47.90000", "2009-12-31": -16.7, "2009-09-30": -38.1, "2009-06-30": -13.5, "2009-03-31": "14.40000", "2008-12-31": 56.3, "2008-09-30": -38, "2008-06-30": -10.6, "2008-03-31": "-28.30000", "2007-12-31": -17.3, "2007-09-30": -0.7, "2007-06-30": -8.8, "2007-03-31": "21.40000", "2006-12-31": -49.9, "2006-09-30": -10.3, "2006-06-30": -13, "2006-03-31": "-15.00000", "2005-12-31": 73.7, "2005-09-30": -73.7}, "Total Change In Assets/Liabilities": {"2020-09-30": -87.5, "2020-06-30": -26.7, "2020-03-31": "-143.30000", "2019-12-31": 16.5, "2019-09-30": 55.4, "2019-06-30": -8.4, "2019-03-31": "-26.70000", "2018-12-31": -5.6, "2018-09-30": -76.6, "2018-06-30": -107.7, "2018-03-31": "-156.50000", "2017-12-31": 846.6, "2017-09-30": 119.9001, "2017-06-30": -370.2001, "2017-03-31": "-217.80000", "2016-12-31": 647.6, "2016-09-30": 33.3, "2016-06-30": -4.2, "2016-03-31": "-75.30000", "2015-12-31": -5.4, "2015-09-30": 23.9, "2015-06-30": -6.3, "2015-03-31": "-72.90000", "2014-12-31": -35.6, "2014-09-30": 48.8, "2014-06-30": -46.2, "2014-03-31": "-68.10000", "2013-12-31": 35.9, "2013-09-30": 47.5, "2013-06-30": -23.1, "2013-03-31": "-46.90000", "2012-12-31": 21.6, "2012-09-30": 46.6, "2012-06-30": -99.1, "2012-03-31": "-97.80000", "2011-12-31": -224.1, "2011-09-30": 72.5, "2011-06-30": -36.5, "2011-03-31": "3.90000", "2010-12-31": -51, "2010-09-30": 97.2, "2010-06-30": -14.4, "2010-03-31": "-189.70000", "2009-12-31": -22.5, "2009-09-30": 137.8, "2009-06-30": -30.5, "2009-03-31": "75.10000", "2008-12-31": 16.2, "2008-09-30": 62.7, "2008-06-30": -39.3, "2008-03-31": "66.20000", "2007-12-31": -54.5, "2007-09-30": 113, "2007-06-30": -56.2, "2007-03-31": "51.00000", "2006-12-31": 79.7, "2006-09-30": -6.3, "2006-06-30": 5.2, "2006-03-31": "-43.60000", "2005-12-31": 27.4, "2005-09-30": -82.7}, "Cash Flow From Operating Activities": {"2020-09-30": 237.8, "2020-06-30": 235.4, "2020-03-31": "112.40000", "2019-12-31": 249.3, "2019-09-30": 262.7, "2019-06-30": 163, "2019-03-31": "239.60000", "2018-12-31": 302.8, "2018-09-30": 219.8, "2018-06-30": 166, "2018-03-31": "132.70000", "2017-12-31": 318.9, "2017-09-30": 447.1, "2017-06-30": -110.3, "2017-03-31": "86.30000", "2016-12-31": 220, "2016-09-30": 336.3, "2016-06-30": 272.9, "2016-03-31": "212.70000", "2015-12-31": 266.9, "2015-09-30": 338.5, "2015-06-30": 253.9, "2015-03-31": "211.80000", "2014-12-31": 270.6, "2014-09-30": 325.2, "2014-06-30": 253.3, "2014-03-31": "196.80000", "2013-12-31": 277.7, "2013-09-30": 333.4, "2013-06-30": 240.2, "2013-03-31": "237.30000", "2012-12-31": 325.7, "2012-09-30": 413.9, "2012-06-30": 230.7, "2012-03-31": "215.00000", "2011-12-31": 292.1, "2011-09-30": 376.5, "2011-06-30": 254.7, "2011-03-31": "251.60000", "2010-12-31": 284.5, "2010-09-30": 383.8, "2010-06-30": 251.7, "2010-03-31": "74.40000", "2009-12-31": 260.1, "2009-09-30": 351.7, "2009-06-30": 249.7, "2009-03-31": "356.60000", "2008-12-31": 328.6, "2008-09-30": 365, "2008-06-30": 242.3, "2008-03-31": "318.00000", "2007-12-31": 220.2, "2007-09-30": 396.2, "2007-06-30": 200, "2007-03-31": "287.10000", "2006-12-31": 331.3, "2006-09-30": 295.7, "2006-06-30": 276.4, "2006-03-31": "205.50000", "2005-12-31": 291.8, "2005-09-30": 711}, "Net Change In Property, Plant, And Equipment": {"2020-09-30": -16.4, "2020-06-30": -24, "2020-03-31": "-14.20000", "2019-12-31": -14.8, "2019-09-30": -15.8, "2019-06-30": -28, "2019-03-31": "-22.50000", "2018-12-31": -50.1, "2018-09-30": -67.3, "2018-06-30": -44.4, "2018-03-31": "-26.90000", "2017-12-31": -26, "2017-09-30": -21.5, "2017-06-30": -35.2, "2017-03-31": "-19.60000", "2016-12-31": -31.4, "2016-09-30": -42.4, "2016-06-30": -21, "2016-03-31": "-27.70000", "2015-12-31": -47.5, "2015-09-30": -48.5, "2015-06-30": -20.5, "2015-03-31": "-27.20000", "2014-12-31": -25.6, "2014-09-30": -28.4, "2014-06-30": -22.9, "2014-03-31": "-29.00000", "2013-12-31": -24.7, "2013-09-30": -32.7, "2013-06-30": -38.5, "2013-03-31": "-26.10000", "2012-12-31": -27.3, "2012-09-30": -23, "2012-06-30": -23, "2012-03-31": "-20.00000", "2011-12-31": -17.8, "2011-09-30": -17.4, "2011-06-30": -15.8, "2011-03-31": "-14.80000", "2010-12-31": -18.4, "2010-09-30": -29.7, "2010-06-30": -19.6, "2010-03-31": "-11.00000", "2009-12-31": -22.9, "2009-09-30": -14.3, "2009-06-30": -21.8, "2009-03-31": "-12.60000", "2008-12-31": -14.7, "2008-09-30": -16.4, "2008-06-30": -23.4, "2008-03-31": "-16.40000", "2007-12-31": -25, "2007-09-30": -27.2, "2007-06-30": -25.5, "2007-03-31": "-33.50000", "2006-12-31": -27.3, "2006-09-30": -16.4, "2006-06-30": -13.5, "2006-03-31": "-21.00000", "2005-12-31": -34.8, "2005-09-30": -30.2}, "Net Change In Intangible Assets": {"2020-09-30": -5.7, "2020-06-30": -24.5, "2020-03-31": "-21.50000", "2019-12-31": -19.4, "2019-09-30": -2.7, "2019-06-30": -9.4, "2019-03-31": "-15.10000", "2018-12-31": -40.8, "2018-09-30": -90.3, "2018-06-30": -8.9, "2018-03-31": "-10.30000", "2017-12-31": -28.6, "2017-09-30": -25.7, "2017-06-30": -13.7, "2017-03-31": "-6.80000", "2016-12-31": -21.4, "2016-09-30": -25.9, "2016-06-30": -39.8, "2016-03-31": "-20.20000", "2015-12-31": -12.3, "2015-09-30": -35.8, "2015-06-30": -57.5, "2015-03-31": "-17.20000", "2014-12-31": -24.1, "2014-09-30": -4.6, "2014-06-30": -27.8, "2014-03-31": "-16.60000", "2013-12-31": -50.4, "2013-09-30": -26.8, "2013-06-30": -30.3, "2013-03-31": "-11.80000", "2012-12-31": -57.8, "2012-09-30": -38.8, "2012-06-30": -22.5, "2012-03-31": "-55.80000", "2011-12-31": -20.4, "2011-09-30": -31.5, "2011-06-30": -37.7, "2011-03-31": "-7.10000", "2010-12-31": -7.5, "2010-09-30": -14.5, "2010-06-30": -9.3, "2010-03-31": "-3.70000", "2009-12-31": -9.1, "2009-09-30": -12.7, "2009-06-30": -2.3, "2009-03-31": "-3.20000", "2008-12-31": -14, "2008-09-30": -28.1, "2008-06-30": -33.6, "2008-03-31": "-7.10000", "2007-12-31": -44.8, "2007-09-30": -26.4, "2007-06-30": -5.3, "2007-03-31": "-4.40000", "2006-12-31": -17.4, "2006-09-30": -26.8, "2006-06-30": -10.9, "2006-03-31": "-69.00000", "2005-12-31": 9.4, "2005-09-30": -9.4}, "Net Acquisitions/Divestitures": {"2020-09-30": 0, "2020-06-30": 0, "2020-03-31": "", "2019-12-31": 0, "2019-09-30": -20.9, "2019-06-30": 732.6, "2019-03-31": "", "2018-12-31": 0, "2018-09-30": 0, "2018-06-30": 0, "2018-03-31": "", "2017-12-31": -24.9, "2017-09-30": 0, "2017-06-30": 0, "2017-03-31": "", "2016-12-31": 0, "2016-09-30": 0, "2016-06-30": 0, "2016-03-31": "", "2015-12-31": 0, "2015-09-30": 0, "2015-06-30": 0, "2015-03-31": "", "2014-12-31": 0, "2014-09-30": 0, "2014-06-30": -0.4, "2014-03-31": "-10.20000", "2013-12-31": 0, "2013-09-30": 0, "2013-06-30": 0, "2013-03-31": "", "2012-12-31": -9.3, "2012-09-30": 24.1, "2012-06-30": -4.8, "2012-03-31": "", "2011-12-31": -1060.9, "2011-09-30": -1.2, "2011-06-30": -135.7, "2011-03-31": "", "2010-12-31": -2.4, "2010-09-30": -2.3, "2010-06-30": 0, "2010-03-31": "", "2009-12-31": -1, "2009-09-30": -369.7, "2009-06-30": -1.6, "2009-03-31": "-143.60000", "2008-12-31": -24.6, "2008-09-30": -18.2, "2008-06-30": 0, "2008-03-31": "", "2007-12-31": 0, "2007-09-30": 0, "2007-06-30": 0, "2007-03-31": "", "2006-12-31": -66.5, "2006-09-30": 0, "2006-06-30": 0, "2006-03-31": "", "2005-12-31": -349.1, "2005-09-30": 0}, "Net Change In Short-term Investments": {"2020-09-30": 0, "2020-06-30": 0, "2020-03-31": "", "2019-12-31": 0, "2019-09-30": 0, "2019-06-30": 0, "2019-03-31": "", "2018-12-31": 0, "2018-09-30": 0, "2018-06-30": 0, "2018-03-31": "", "2017-12-31": 0, "2017-09-30": 0, "2017-06-30": 0, "2017-03-31": "", "2016-12-31": 0, "2016-09-30": 0, "2016-06-30": 0, "2016-03-31": "", "2015-12-31": 0, "2015-09-30": 0, "2015-06-30": 0, "2015-03-31": "", "2014-12-31": 0, "2014-09-30": 0, "2014-06-30": 0, "2014-03-31": "", "2013-12-31": 0, "2013-09-30": 0, "2013-06-30": 0, "2013-03-31": "", "2012-12-31": 0, "2012-09-30": 0, "2012-06-30": 0, "2012-03-31": "", "2011-12-31": 0, "2011-09-30": 0, "2011-06-30": 0, "2011-03-31": "", "2010-12-31": 0, "2010-09-30": 0, "2010-06-30": 0, "2010-03-31": "", "2009-12-31": 0, "2009-09-30": 0, "2009-06-30": 0, "2009-03-31": "", "2008-12-31": 0, "2008-09-30": 0, "2008-06-30": 0, "2008-03-31": "", "2007-12-31": 0, "2007-09-30": 0, "2007-06-30": 0, "2007-03-31": "", "2006-12-31": 0, "2006-09-30": 0, "2006-06-30": 0, "2006-03-31": "", "2005-12-31": 0, "2005-09-30": 0}, "Net Change In Long-Term Investments": {"2020-09-30": -2.4, "2020-06-30": -1.9, "2020-03-31": "44.50000", "2019-12-31": 9.5, "2019-09-30": 9.4, "2019-06-30": 8.5, "2019-03-31": "20.90000", "2018-12-31": -8.1, "2018-09-30": -3.5, "2018-06-30": 17.5, "2018-03-31": "4.30000", "2017-12-31": 161, "2017-09-30": -147.6, "2017-06-30": 8.2, "2017-03-31": "-24.20000", "2016-12-31": 15.6, "2016-09-30": -8.5, "2016-06-30": -33, "2016-03-31": "-15.40000", "2015-12-31": 91.3, "2015-09-30": -11.2, "2015-06-30": -100, "2015-03-31": "", "2014-12-31": 0, "2014-09-30": 0, "2014-06-30": 0, "2014-03-31": "100.20000", "2013-12-31": 0, "2013-09-30": -100, "2013-06-30": 0, "2013-03-31": "", "2012-12-31": 0, "2012-09-30": 0, "2012-06-30": 0, "2012-03-31": "", "2011-12-31": 0, "2011-09-30": 0, "2011-06-30": 0, "2011-03-31": "", "2010-12-31": 36.9, "2010-09-30": 0, "2010-06-30": 0, "2010-03-31": "", "2009-12-31": 20.6, "2009-09-30": 0, "2009-06-30": 41.3, "2009-03-31": "193.60000", "2008-12-31": 0, "2008-09-30": -298.1, "2008-06-30": 0, "2008-03-31": "", "2007-12-31": -35.8, "2007-09-30": 0, "2007-06-30": 0, "2007-03-31": "", "2006-12-31": 0, "2006-09-30": -3.8, "2006-06-30": 0.3, "2006-03-31": "7.60000", "2005-12-31": 13.7, "2005-09-30": -13.7}, "Net Change In Investments - Total": {"2020-09-30": -2.4, "2020-06-30": -1.9, "2020-03-31": "44.50000", "2019-12-31": 9.5, "2019-09-30": 9.4, "2019-06-30": 8.5, "2019-03-31": "20.90000", "2018-12-31": -8.1, "2018-09-30": -3.5, "2018-06-30": 17.5, "2018-03-31": "4.30000", "2017-12-31": 161, "2017-09-30": -147.6, "2017-06-30": 8.2, "2017-03-31": "-24.20000", "2016-12-31": 15.6, "2016-09-30": -8.5, "2016-06-30": -33, "2016-03-31": "-15.40000", "2015-12-31": 91.3, "2015-09-30": -11.2, "2015-06-30": -100, "2015-03-31": "", "2014-12-31": 0, "2014-09-30": 0, "2014-06-30": 0, "2014-03-31": "100.20000", "2013-12-31": 0, "2013-09-30": -100, "2013-06-30": 0, "2013-03-31": "", "2012-12-31": 0, "2012-09-30": 0, "2012-06-30": 0, "2012-03-31": "", "2011-12-31": 0, "2011-09-30": 0, "2011-06-30": 0, "2011-03-31": "", "2010-12-31": 36.9, "2010-09-30": 0, "2010-06-30": 0, "2010-03-31": "", "2009-12-31": 20.6, "2009-09-30": 0, "2009-06-30": 41.3, "2009-03-31": "193.60000", "2008-12-31": 0, "2008-09-30": -298.1, "2008-06-30": 0, "2008-03-31": "", "2007-12-31": -35.8, "2007-09-30": 0, "2007-06-30": 0, "2007-03-31": "", "2006-12-31": 0, "2006-09-30": -3.8, "2006-06-30": 0.3, "2006-03-31": "7.60000", "2005-12-31": 8.3, "2005-09-30": -13.7}, "Investing Activities - Other": {"2020-09-30": 0, "2020-06-30": -2.6, "2020-03-31": "", "2019-12-31": 0, "2019-09-30": 0, "2019-06-30": 0, "2019-03-31": "", "2018-12-31": 0, "2018-09-30": 0, "2018-06-30": 0, "2018-03-31": "", "2017-12-31": 0, "2017-09-30": 0, "2017-06-30": 0, "2017-03-31": "", "2016-12-31": 0, "2016-09-30": 0, "2016-06-30": 0, "2016-03-31": "", "2015-12-31": 0, "2015-09-30": 0, "2015-06-30": 0, "2015-03-31": "", "2014-12-31": 0, "2014-09-30": 0, "2014-06-30": 0, "2014-03-31": "", "2013-12-31": 0, "2013-09-30": 0, "2013-06-30": 0, "2013-03-31": "", "2012-12-31": 0, "2012-09-30": 0, "2012-06-30": 0, "2012-03-31": "", "2011-12-31": 0, "2011-09-30": 0, "2011-06-30": 0, "2011-03-31": "", "2010-12-31": 0, "2010-09-30": 0, "2010-06-30": 0, "2010-03-31": "16.90000", "2009-12-31": 17.8, "2009-09-30": 6.3, "2009-06-30": 5.7, "2009-03-31": "5.40000", "2008-12-31": 23, "2008-09-30": 5.2, "2008-06-30": 7.5, "2008-03-31": "5.20000", "2007-12-31": 15.6, "2007-09-30": 5, "2007-06-30": 6.1, "2007-03-31": "-0.80000", "2006-12-31": 7.2, "2006-09-30": 12.8, "2006-06-30": 0, "2006-03-31": "-140.00000", "2005-12-31": -0.5, "2005-09-30": -8.4}, "Cash Flow From Investing Activities": {"2020-09-30": -24.5, "2020-06-30": -53, "2020-03-31": "8.80000", "2019-12-31": -24.7, "2019-09-30": -30, "2019-06-30": 703.7, "2019-03-31": "-16.70000", "2018-12-31": -99, "2018-09-30": -161.1, "2018-06-30": -35.8, "2018-03-31": "-32.90000", "2017-12-31": 81.5, "2017-09-30": -194.8, "2017-06-30": -40.7, "2017-03-31": "-50.60000", "2016-12-31": -37.2, "2016-09-30": -76.8, "2016-06-30": -93.8, "2016-03-31": "-63.30000", "2015-12-31": 31.5, "2015-09-30": -95.5, "2015-06-30": -178, "2015-03-31": "-44.40000", "2014-12-31": -49.7, "2014-09-30": -33, "2014-06-30": -51.1, "2014-03-31": "44.40000", "2013-12-31": -75.1, "2013-09-30": -159.5, "2013-06-30": -68.8, "2013-03-31": "-37.90000", "2012-12-31": -94.4, "2012-09-30": -37.7, "2012-06-30": -50.3, "2012-03-31": "-75.80000", "2011-12-31": -1099.1, "2011-09-30": -50.1, "2011-06-30": -189.2, "2011-03-31": "-21.90000", "2010-12-31": 8.6, "2010-09-30": -46.5, "2010-06-30": -28.9, "2010-03-31": "2.20000", "2009-12-31": 5.4, "2009-09-30": -390.4, "2009-06-30": 21.3, "2009-03-31": "39.60000", "2008-12-31": -30.3, "2008-09-30": -355.6, "2008-06-30": -49.5, "2008-03-31": "-18.30000", "2007-12-31": -90, "2007-09-30": -48.6, "2007-06-30": -24.7, "2007-03-31": "-38.70000", "2006-12-31": -104, "2006-09-30": -34.2, "2006-06-30": -24.1, "2006-03-31": "-222.40000", "2005-12-31": -366.7, "2005-09-30": -61.7}, "Net Long-Term Debt": {"2020-09-30": -50, "2020-06-30": 15, "2020-03-31": "-160.00000", "2019-12-31": -19, "2019-09-30": 167, "2019-06-30": -292, "2019-03-31": "-65.00000", "2018-12-31": 136.7, "2018-09-30": -38.5, "2018-06-30": 187.8, "2018-03-31": "110.00000", "2017-12-31": -500.2, "2017-09-30": -94.8, "2017-06-30": 134.3, "2017-03-31": "706.90000", "2016-12-31": -430.4, "2016-09-30": 0, "2016-06-30": 0, "2016-03-31": "", "2015-12-31": -250, "2015-09-30": -250, "2015-06-30": 0, "2015-03-31": "", "2014-12-31": 0, "2014-09-30": -35, "2014-06-30": -95, "2014-03-31": "-370.00000", "2013-12-31": 248, "2013-09-30": 249.3, "2013-06-30": 0, "2013-03-31": "-300.00000", "2012-12-31": 592.8, "2012-09-30": -240, "2012-06-30": 40, "2012-03-31": "53.00000", "2011-12-31": -399.8, "2011-09-30": 397.8, "2011-06-30": -0.5, "2011-03-31": "299.50000", "2010-12-31": -0.1, "2010-09-30": -0.4, "2010-06-30": 247.5, "2010-03-31": "", "2009-12-31": 0, "2009-09-30": 0, "2009-06-30": 0, "2009-03-31": "-86.20000", "2008-12-31": 0.9, "2008-09-30": -287, "2008-06-30": 42.1, "2008-03-31": "-11.30000", "2007-12-31": 63.3, "2007-09-30": 114.9, "2007-06-30": -121.9, "2007-03-31": "-42.70000", "2006-12-31": -4472.4, "2006-09-30": 2400, "2006-06-30": 0, "2006-03-31": "", "2005-12-31": 0, "2005-09-30": 0}, "Net Current Debt": {"2020-09-30": 0, "2020-06-30": 0, "2020-03-31": "", "2019-12-31": 0, "2019-09-30": 0, "2019-06-30": 0, "2019-03-31": "", "2018-12-31": 0, "2018-09-30": 0, "2018-06-30": 0, "2018-03-31": "", "2017-12-31": 0, "2017-09-30": 0, "2017-06-30": 0, "2017-03-31": "", "2016-12-31": 0, "2016-09-30": 0, "2016-06-30": 0, "2016-03-31": "", "2015-12-31": 0, "2015-09-30": 0, "2015-06-30": 0, "2015-03-31": "", "2014-12-31": 0, "2014-09-30": 0, "2014-06-30": 0, "2014-03-31": "", "2013-12-31": 0, "2013-09-30": 0, "2013-06-30": 0, "2013-03-31": "", "2012-12-31": 0, "2012-09-30": 0, "2012-06-30": 0, "2012-03-31": "", "2011-12-31": 0, "2011-09-30": 0, "2011-06-30": 0, "2011-03-31": "", "2010-12-31": 0, "2010-09-30": 0, "2010-06-30": 0, "2010-03-31": "", "2009-12-31": 0, "2009-09-30": 0, "2009-06-30": 0, "2009-03-31": "", "2008-12-31": 0, "2008-09-30": 0, "2008-06-30": -49.8, "2008-03-31": "49.80000", "2007-12-31": 0, "2007-09-30": 0, "2007-06-30": -1, "2007-03-31": "-2.00000", "2006-12-31": 4286, "2006-09-30": 45.5, "2006-06-30": -1.2, "2006-03-31": "-98.80000", "2005-12-31": 117.8, "2005-09-30": 35.8}, "Debt Issuance/Retirement Net - Total": {"2020-09-30": -50, "2020-06-30": 15, "2020-03-31": "-160.00000", "2019-12-31": -19, "2019-09-30": 167, "2019-06-30": -292, "2019-03-31": "-65.00000", "2018-12-31": 136.7, "2018-09-30": -38.5, "2018-06-30": 187.8, "2018-03-31": "110.00000", "2017-12-31": -500.2, "2017-09-30": -94.8, "2017-06-30": 134.3, "2017-03-31": "706.90000", "2016-12-31": -430.4, "2016-09-30": 0, "2016-06-30": 0, "2016-03-31": "", "2015-12-31": -250, "2015-09-30": -250, "2015-06-30": 0, "2015-03-31": "", "2014-12-31": 0, "2014-09-30": -35, "2014-06-30": -95, "2014-03-31": "-370.00000", "2013-12-31": 248, "2013-09-30": 249.3, "2013-06-30": 0, "2013-03-31": "-300.00000", "2012-12-31": 592.8, "2012-09-30": -240, "2012-06-30": 40, "2012-03-31": "53.00000", "2011-12-31": -399.8, "2011-09-30": 397.8, "2011-06-30": -0.5, "2011-03-31": "299.50000", "2010-12-31": -0.1, "2010-09-30": -0.4, "2010-06-30": 247.5, "2010-03-31": "", "2009-12-31": 0, "2009-09-30": 0, "2009-06-30": 0, "2009-03-31": "-86.20000", "2008-12-31": 0.9, "2008-09-30": -287, "2008-06-30": -7.7, "2008-03-31": "38.50000", "2007-12-31": 63.3, "2007-09-30": 114.9, "2007-06-30": -122.9, "2007-03-31": "-44.70000", "2006-12-31": -186.4, "2006-09-30": 2445.5, "2006-06-30": -1.2, "2006-03-31": "-98.80000", "2005-12-31": -35.8, "2005-09-30": 35.8}, "Net Common Equity Issued/Repurchased": {"2020-09-30": -0.1, "2020-06-30": -0.1, "2020-03-31": "-236.10000", "2019-12-31": -60.1, "2019-09-30": -134.7, "2019-06-30": -151.3, "2019-03-31": "-169.80000", "2018-12-31": -51, "2018-09-30": -107.6, "2018-06-30": -235.9, "2018-03-31": "-7.80000", "2017-12-31": -8.9, "2017-09-30": -101.5, "2017-06-30": -165.9, "2017-03-31": "-213.50000", "2016-12-31": -77.1, "2016-09-30": -63.7, "2016-06-30": -98.4, "2016-03-31": "-226.00000", "2015-12-31": -68.9, "2015-09-30": -130.6, "2015-06-30": -121.2, "2015-03-31": "-114.80000", "2014-12-31": -39.8, "2014-09-30": -129, "2014-06-30": -129.7, "2014-03-31": "-182.70000", "2013-12-31": -51.6, "2013-09-30": -6.9, "2013-06-30": -123.8, "2013-03-31": "-188.50000", "2012-12-31": -348.7, "2012-09-30": -107, "2012-06-30": -151.8, "2012-03-31": "-105.60000", "2011-12-31": 5.8, "2011-09-30": -142.8, "2011-06-30": -140.8, "2011-03-31": "-426.10000", "2010-12-31": -47.1, "2010-09-30": -87, "2010-06-30": -213.7, "2010-03-31": "-191.50000", "2009-12-31": -164.5, "2009-09-30": -118.3, "2009-06-30": 1.4, "2009-03-31": "-95.60000", "2008-12-31": -104.8, "2008-09-30": -467.4, "2008-06-30": -205.9, "2008-03-31": "-235.90000", "2007-12-31": -39.4, "2007-09-30": -281.3, "2007-06-30": -125.6, "2007-03-31": "-64.40000", "2006-12-31": 60.9, "2006-09-30": 0, "2006-06-30": 0, "2006-03-31": "", "2005-12-31": 0, "2005-09-30": 0}, "Net Total Equity Issued/Repurchased": {"2020-09-30": -0.1, "2020-06-30": -0.1, "2020-03-31": "-236.10000", "2019-12-31": -60.1, "2019-09-30": -134.7, "2019-06-30": -151.3, "2019-03-31": "-169.80000", "2018-12-31": -51, "2018-09-30": -107.6, "2018-06-30": -235.9, "2018-03-31": "-7.80000", "2017-12-31": -8.9, "2017-09-30": -101.5, "2017-06-30": -165.9, "2017-03-31": "-213.50000", "2016-12-31": -77.1, "2016-09-30": -63.7, "2016-06-30": -98.4, "2016-03-31": "-226.00000", "2015-12-31": -68.9, "2015-09-30": -130.6, "2015-06-30": -121.2, "2015-03-31": "-114.80000", "2014-12-31": -39.8, "2014-09-30": -129, "2014-06-30": -129.7, "2014-03-31": "-182.70000", "2013-12-31": -51.6, "2013-09-30": -6.9, "2013-06-30": -123.8, "2013-03-31": "-188.50000", "2012-12-31": -348.7, "2012-09-30": -107, "2012-06-30": -151.8, "2012-03-31": "-105.60000", "2011-12-31": 5.8, "2011-09-30": -142.8, "2011-06-30": -140.8, "2011-03-31": "-426.10000", "2010-12-31": -47.1, "2010-09-30": -87, "2010-06-30": -213.7, "2010-03-31": "-191.50000", "2009-12-31": -164.5, "2009-09-30": -118.3, "2009-06-30": 1.4, "2009-03-31": "-95.60000", "2008-12-31": -104.8, "2008-09-30": -467.4, "2008-06-30": -205.9, "2008-03-31": "-235.90000", "2007-12-31": -39.4, "2007-09-30": -281.3, "2007-06-30": -125.6, "2007-03-31": "-64.40000", "2006-12-31": 60.9, "2006-09-30": 0, "2006-06-30": 0, "2006-03-31": "", "2005-12-31": 369.2, "2005-09-30": 0}, "Total Common And Preferred Stock Dividends Paid": {"2020-09-30": -92.9, "2020-06-30": -92.5, "2020-03-31": "-92.40000", "2019-12-31": -83.7, "2019-09-30": -84.2, "2019-06-30": -85.5, "2019-03-31": "-87.40000", "2018-12-31": -83.9, "2018-09-30": -84.5, "2018-06-30": -85.8, "2018-03-31": "-87.50000", "2017-12-31": -80.3, "2017-09-30": -80.5, "2017-06-30": -81.5, "2017-03-31": "-83.30000", "2016-12-31": -77.1, "2016-09-30": -77.7, "2016-06-30": -78.1, "2016-03-31": "-79.30000", "2015-12-31": -78, "2015-09-30": -78.5, "2015-06-30": -79.5, "2015-03-31": "-80.50000", "2014-12-31": -65.3, "2014-09-30": -65.5, "2014-06-30": -66.8, "2014-03-31": "-67.60000", "2013-12-31": -68.6, "2013-09-30": -69, "2013-06-30": -69.3, "2013-03-31": "-70.30000", "2012-12-31": -131.9, "2012-09-30": 0, "2012-06-30": -60.7, "2012-03-31": "-61.60000", "2011-12-31": -99.2, "2011-09-30": 0, "2011-06-30": -50.3, "2011-03-31": "-44.70000", "2010-12-31": -85.2, "2010-09-30": 0, "2010-06-30": -39.6, "2010-03-31": "-40.50000", "2009-12-31": -41.2, "2009-09-30": 0, "2009-06-30": 0, "2009-03-31": "", "2008-12-31": -28.4, "2008-09-30": 0, "2008-06-30": 0, "2008-03-31": "", "2007-12-31": -30, "2007-09-30": 0, "2007-06-30": 0, "2007-03-31": "", "2006-12-31": -7.7, "2006-09-30": -2953.9, "2006-06-30": 0, "2006-03-31": "", "2005-12-31": -417.2, "2005-09-30": 0}, "Financial Activities - Other": {"2020-09-30": 0, "2020-06-30": 0, "2020-03-31": "-0.70000", "2019-12-31": -3.2, "2019-09-30": -0.1, "2019-06-30": -0.7, "2019-03-31": "-0.10000", "2018-12-31": -2.6, "2018-09-30": -1.4, "2018-06-30": 0, "2018-03-31": "-5.20000", "2017-12-31": -1.3, "2017-09-30": 0, "2017-06-30": 0, "2017-03-31": "", "2016-12-31": -1.4, "2016-09-30": 0, "2016-06-30": 0, "2016-03-31": "", "2015-12-31": 0, "2015-09-30": 0, "2015-06-30": 0, "2015-03-31": "", "2014-12-31": 0, "2014-09-30": 0, "2014-06-30": 0, "2014-03-31": "", "2013-12-31": 0, "2013-09-30": 0, "2013-06-30": 0, "2013-03-31": "", "2012-12-31": 0, "2012-09-30": 0, "2012-06-30": 0, "2012-03-31": "", "2011-12-31": 0, "2011-09-30": 0, "2011-06-30": 0, "2011-03-31": "", "2010-12-31": 0, "2010-09-30": 0, "2010-06-30": 0, "2010-03-31": "", "2009-12-31": 0, "2009-09-30": 0, "2009-06-30": 0, "2009-03-31": "", "2008-12-31": 0, "2008-09-30": 0, "2008-06-30": 0, "2008-03-31": "", "2007-12-31": 0, "2007-09-30": 0, "2007-06-30": 0, "2007-03-31": "", "2006-12-31": 0, "2006-09-30": 918.7, "2006-06-30": -89.8, "2006-03-31": "100.00000", "2005-12-31": 260.9, "2005-09-30": -900.4}, "Cash Flow From Financial Activities": {"2020-09-30": -143, "2020-06-30": -77.6, "2020-03-31": "-489.20000", "2019-12-31": -166, "2019-09-30": -52, "2019-06-30": -529.5, "2019-03-31": "-322.30000", "2018-12-31": -0.8, "2018-09-30": -232, "2018-06-30": -133.9, "2018-03-31": "9.50000", "2017-12-31": -590.7, "2017-09-30": -276.8, "2017-06-30": -113.1, "2017-03-31": "410.10000", "2016-12-31": -586, "2016-09-30": -141.4, "2016-06-30": -176.5, "2016-03-31": "-305.30000", "2015-12-31": -396.9, "2015-09-30": -459.1, "2015-06-30": -200.7, "2015-03-31": "-195.30000", "2014-12-31": -105.1, "2014-09-30": -229.5, "2014-06-30": -291.5, "2014-03-31": "-620.30000", "2013-12-31": 127.8, "2013-09-30": 173.4, "2013-06-30": -193.1, "2013-03-31": "-558.80000", "2012-12-31": 112.2, "2012-09-30": -347, "2012-06-30": -172.5, "2012-03-31": "-114.20000", "2011-12-31": -493.2, "2011-09-30": 255, "2011-06-30": -191.6, "2011-03-31": "-171.30000", "2010-12-31": -132.4, "2010-09-30": -87.4, "2010-06-30": -5.8, "2010-03-31": "-232.00000", "2009-12-31": -205.7, "2009-09-30": -118.3, "2009-06-30": 1.4, "2009-03-31": "-181.80000", "2008-12-31": -132.3, "2008-09-30": -754.4, "2008-06-30": -213.6, "2008-03-31": "-197.40000", "2007-12-31": -6.1, "2007-09-30": -166.4, "2007-06-30": -248.5, "2007-03-31": "-109.10000", "2006-12-31": -133.2, "2006-09-30": 410.3, "2006-06-30": -91, "2006-03-31": "1.20000", "2005-12-31": 330.7, "2005-09-30": -864.6}, "Net Cash Flow": {"2020-09-30": 70.3, "2020-06-30": 104.8, "2020-03-31": "-368.00000", "2019-12-31": 58.6, "2019-09-30": 180.7, "2019-06-30": 337.2, "2019-03-31": "-99.40000", "2018-12-31": 203, "2018-09-30": -173.3, "2018-06-30": -3.7, "2018-03-31": "109.30000", "2017-12-31": -190.3, "2017-09-30": -24.5, "2017-06-30": -264.1, "2017-03-31": "445.80000", "2016-12-31": -403.2, "2016-09-30": 118.1, "2016-06-30": 2.6, "2016-03-31": "-155.90000", "2015-12-31": -98.5, "2015-09-30": -216.1, "2015-06-30": -124.8, "2015-03-31": "-27.90000", "2014-12-31": 115.8, "2014-09-30": 62.7, "2014-06-30": -89.3, "2014-03-31": "-379.10000", "2013-12-31": 330.4, "2013-09-30": 347.3, "2013-06-30": -21.7, "2013-03-31": "-359.40000", "2012-12-31": 343.5, "2012-09-30": 29.2, "2012-06-30": 7.9, "2012-03-31": "25.00000", "2011-12-31": -1300.2, "2011-09-30": 581.4, "2011-06-30": -126.1, "2011-03-31": "58.40000", "2010-12-31": 160.7, "2010-09-30": 249.9, "2010-06-30": 217, "2010-03-31": "-155.40000", "2009-12-31": 59.8, "2009-09-30": -157, "2009-06-30": 272.4, "2009-03-31": "214.40000", "2008-12-31": 166, "2008-09-30": -745, "2008-06-30": -20.8, "2008-03-31": "102.30000", "2007-12-31": 124.1, "2007-09-30": 181.2, "2007-06-30": -73.2, "2007-03-31": "139.30000", "2006-12-31": 94.1, "2006-09-30": 671.8, "2006-06-30": 161.3, "2006-03-31": "-15.70000", "2005-12-31": 255.8, "2005-09-30": -215.3}, "Stock-Based Compensation": {"2020-09-30": 0, "2020-06-30": 0, "2020-03-31": "", "2019-12-31": 0, "2019-09-30": 0, "2019-06-30": 0, "2019-03-31": "", "2018-12-31": 0, "2018-09-30": 0, "2018-06-30": 0, "2018-03-31": "", "2017-12-31": 0, "2017-09-30": 0, "2017-06-30": 0, "2017-03-31": "", "2016-12-31": 0, "2016-09-30": 0, "2016-06-30": 0, "2016-03-31": "", "2015-12-31": 0, "2015-09-30": 0, "2015-06-30": 0, "2015-03-31": "", "2014-12-31": 0, "2014-09-30": 0, "2014-06-30": 0, "2014-03-31": "", "2013-12-31": 0, "2013-09-30": 0, "2013-06-30": 0, "2013-03-31": "", "2012-12-31": 0, "2012-09-30": 0, "2012-06-30": 0, "2012-03-31": "", "2011-12-31": 0, "2011-09-30": 0, "2011-06-30": 0, "2011-03-31": "", "2010-12-31": -29.2, "2010-09-30": 8.6, "2010-06-30": 10.2, "2010-03-31": "10.40000", "2009-12-31": 7, "2009-09-30": 8.7, "2009-06-30": 7.8, "2009-03-31": "8.40000", "2008-12-31": 26.3, "2008-09-30": -13.5, "2008-06-30": 5.8, "2008-03-31": "7.70000", "2007-12-31": 4.6, "2007-09-30": 29.7, "2007-06-30": 7.1, "2007-03-31": "8.80000", "2006-12-31": 7, "2006-09-30": 16.3, "2006-06-30": 0, "2006-03-31": "", "2005-12-31": 0, "2005-09-30": 0}, "Common Stock Dividends Paid": {"2020-09-30": -92.9, "2020-06-30": -92.5, "2020-03-31": "-92.40000", "2019-12-31": -83.7, "2019-09-30": -84.2, "2019-06-30": -85.5, "2019-03-31": "-87.40000", "2018-12-31": -83.9, "2018-09-30": -84.5, "2018-06-30": -85.8, "2018-03-31": "-87.50000", "2017-12-31": -80.3, "2017-09-30": -80.5, "2017-06-30": -81.5, "2017-03-31": "-83.30000", "2016-12-31": -77.1, "2016-09-30": -77.7, "2016-06-30": -78.1, "2016-03-31": "-79.30000", "2015-12-31": -78, "2015-09-30": -78.5, "2015-06-30": -79.5, "2015-03-31": "-80.50000", "2014-12-31": -65.3, "2014-09-30": -65.5, "2014-06-30": -66.8, "2014-03-31": "-67.60000", "2013-12-31": -68.6, "2013-09-30": -69, "2013-06-30": -69.3, "2013-03-31": "-70.30000", "2012-12-31": -131.9, "2012-09-30": 0, "2012-06-30": -60.7, "2012-03-31": "-61.60000", "2011-12-31": -99.2, "2011-09-30": 0, "2011-06-30": -50.3, "2011-03-31": "-44.70000", "2010-12-31": -85.2, "2010-09-30": 0, "2010-06-30": -39.6, "2010-03-31": "-40.50000", "2009-12-31": -41.2, "2009-09-30": 0, "2009-06-30": 0, "2009-03-31": "", "2008-12-31": -28.4, "2008-09-30": 0, "2008-06-30": 0, "2008-03-31": "", "2007-12-31": -30, "2007-09-30": 0, "2007-06-30": 0, "2007-03-31": "", "2006-12-31": -7.7, "2006-09-30": -2953.9, "2006-06-30": 0, "2006-03-31": "", "2005-12-31": 0, "2005-09-30": 0}}, "financial ratios": {"Current Ratio": {"2019-12-31": "0.96520", "2018-12-31": "0.88120", "2017-12-31": "0.81620", "2016-12-31": "0.87530", "2015-12-31": "1.12060", "2014-12-31": "1.24910", "2013-12-31": "1.29500", "2012-12-31": "1.25760", "2011-12-31": "1.13580", "2010-12-31": "1.36460", "2009-12-31": "1.19510", "2008-12-31": "1.26750", "2007-12-31": "1.59690", "2006-12-31": "1.47280", "2005-12-31": "1.80270"}, "Long-term Debt / Capital": {"2019-12-31": "1.01240", "2018-12-31": "1.09920", "2017-12-31": "1.19330", "2016-12-31": "0.75540", "2015-12-31": "0.69600", "2014-12-31": "0.74100", "2013-12-31": "0.79230", "2012-12-31": "0.81070", "2011-12-31": "0.80020", "2010-12-31": "0.84950", "2009-12-31": "0.89610", "2008-12-31": "1.00260", "2007-12-31": "0.98500", "2006-12-31": "1.10460", "2005-12-31": ""}, "Debt/Equity Ratio": {"2019-12-31": "-81.75440", "2018-12-31": "-11.08360", "2017-12-31": "-6.17340", "2016-12-31": "3.08810", "2015-12-31": "2.28910", "2014-12-31": "2.86100", "2013-12-31": "3.81370", "2012-12-31": "4.28360", "2011-12-31": "4.00450", "2010-12-31": "5.64600", "2009-12-31": "8.62380", "2008-12-31": "-388.08640", "2007-12-31": "65.83830", "2006-12-31": "-10.55750", "2005-12-31": "0.05810"}, "Gross Margin": {"2019-12-31": "41.67720", "2018-12-31": "40.95070", "2017-12-31": "39.30450", "2016-12-31": "39.76100", "2015-12-31": "41.65620", "2014-12-31": "41.19350", "2013-12-31": "41.62760", "2012-12-31": "43.61320", "2011-12-31": "43.51170", "2010-12-31": "42.64260", "2009-12-31": "43.44760", "2008-12-31": "41.44260", "2007-12-31": "42.68810", "2006-12-31": "45.62880", "2005-12-31": "46.86680"}, "Operating Margin": {"2019-12-31": "17.64900", "2018-12-31": "20.07370", "2017-12-31": "8.61290", "2016-12-31": "8.98040", "2015-12-31": "20.23090", "2014-12-31": "20.33990", "2013-12-31": "19.98200", "2012-12-31": "23.47830", "2011-12-31": "25.22130", "2010-12-31": "25.03710", "2009-12-31": "25.23210", "2008-12-31": "25.65320", "2007-12-31": "26.97850", "2006-12-31": "29.33650", "2005-12-31": "31.82630"}, "EBIT Margin": {"2019-12-31": "17.64900", "2018-12-31": "20.07370", "2017-12-31": "8.61290", "2016-12-31": "8.98040", "2015-12-31": "20.23090", "2014-12-31": "20.33990", "2013-12-31": "19.98200", "2012-12-31": "23.47830", "2011-12-31": "25.22130", "2010-12-31": "25.03710", "2009-12-31": "25.23210", "2008-12-31": "25.65320", "2007-12-31": "26.97850", "2006-12-31": "29.33650", "2005-12-31": "31.82630"}, "EBITDA Margin": {"2019-12-31": "22.51850", "2018-12-31": "24.80900", "2017-12-31": "21.77110", "2016-12-31": "13.83390", "2015-12-31": "25.15820", "2014-12-31": "25.18900", "2013-12-31": "24.72390", "2012-12-31": "27.82270", "2011-12-31": "28.72860", "2010-12-31": "28.42450", "2009-12-31": "28.26540", "2008-12-31": "28.37940", "2007-12-31": "29.50700", "2006-12-31": "31.65180", "2005-12-31": "33.81980"}, "Pre-Tax Profit Margin": {"2019-12-31": "24.96930", "2018-12-31": "17.73560", "2017-12-31": "6.29040", "2016-12-31": "6.30110", "2015-12-31": "17.17450", "2014-12-31": "17.26710", "2013-12-31": "16.72500", "2012-12-31": "20.63270", "2011-12-31": "23.21080", "2010-12-31": "22.05400", "2009-12-31": "22.25790", "2008-12-31": "23.45130", "2007-12-31": "24.94590", "2006-12-31": "29.86670", "2005-12-31": "33.70450"}, "Net Profit Margin": {"2019-12-31": "19.99770", "2018-12-31": "15.24000", "2017-12-31": "-10.08450", "2016-12-31": "4.66910", "2015-12-31": "15.27800", "2014-12-31": "15.20190", "2013-12-31": "14.40640", "2012-12-31": "18.11010", "2011-12-31": "21.22230", "2010-12-31": "17.52270", "2009-12-31": "16.69680", "2008-12-31": "17.39870", "2007-12-31": "17.49520", "2006-12-31": "20.44650", "2005-12-31": "23.25540"}, "Asset Turnover": {"2019-12-31": "0.60420", "2018-12-31": "0.62130", "2017-12-31": "0.59840", "2016-12-31": "0.57570", "2015-12-31": "0.58030", "2014-12-31": "0.56690", "2013-12-31": "0.54760", "2012-12-31": "0.59850", "2011-12-31": "0.60550", "2010-12-31": "0.65490", "2009-12-31": "0.69130", "2008-12-31": "0.94690", "2007-12-31": "0.84720", "2006-12-31": "0.84010", "2005-12-31": "0.86850"}, "Inventory Turnover Ratio": {"2019-12-31": "", "2018-12-31": "", "2017-12-31": "", "2016-12-31": "", "2015-12-31": "", "2014-12-31": "", "2013-12-31": "", "2012-12-31": "", "2011-12-31": "", "2010-12-31": "", "2009-12-31": "", "2008-12-31": "", "2007-12-31": "", "2006-12-31": "", "2005-12-31": ""}, "Receiveable Turnover": {"2019-12-31": "1.60530", "2018-12-31": "1.46570", "2017-12-31": "1.31880", "2016-12-31": "1.44650", "2015-12-31": "1.65740", "2014-12-31": "1.69210", "2013-12-31": "1.69460", "2012-12-31": "1.81880", "2011-12-31": "1.77650", "2010-12-31": "1.97050", "2009-12-31": "2.12780", "2008-12-31": "4.37430", "2007-12-31": "3.71450", "2006-12-31": "3.48090", "2005-12-31": "3.60180"}, "Days Sales In Receivables": {"2019-12-31": "227.37580", "2018-12-31": "249.02720", "2017-12-31": "276.76790", "2016-12-31": "252.34130", "2015-12-31": "220.23000", "2014-12-31": "215.70490", "2013-12-31": "215.39080", "2012-12-31": "200.68300", "2011-12-31": "205.46460", "2010-12-31": "185.23080", "2009-12-31": "171.53620", "2008-12-31": "83.44140", "2007-12-31": "98.26290", "2006-12-31": "104.85730", "2005-12-31": "101.33860"}, "ROE - Return On Equity": {"2019-12-31": "-2679.24100", "2018-12-31": "-274.98390", "2017-12-31": "113.36990", "2016-12-31": "28.06470", "2015-12-31": "59.63410", "2014-12-31": "65.54910", "2013-12-31": "72.27300", "2012-12-31": "109.06870", "2011-12-31": "130.24140", "2010-12-31": "156.15240", "2009-12-31": "240.11310", "2008-12-31": "-11345.68000", "2007-12-31": "1690.92700", "2006-12-31": "-290.34310", "2005-12-31": "32.98240"}, "Return On Tangible Equity": {"2019-12-31": "-34.12770", "2018-12-31": "-23.44890", "2017-12-31": "14.63900", "2016-12-31": "-8.65940", "2015-12-31": "-34.00300", "2014-12-31": "-32.57290", "2013-12-31": "-27.52060", "2012-12-31": "-32.90250", "2011-12-31": "-36.97920", "2010-12-31": "-45.33630", "2009-12-31": "-37.24280", "2008-12-31": "-45.20640", "2007-12-31": "-44.58370", "2006-12-31": "-40.61320", "2005-12-31": "91.51370"}, "ROA - Return On Assets": {"2019-12-31": "12.08310", "2018-12-31": "9.46890", "2017-12-31": "-6.03480", "2016-12-31": "2.68800", "2015-12-31": "8.86640", "2014-12-31": "8.61850", "2013-12-31": "7.88830", "2012-12-31": "10.83810", "2011-12-31": "12.84910", "2010-12-31": "11.47530", "2009-12-31": "11.54300", "2008-12-31": "16.47460", "2007-12-31": "14.82140", "2006-12-31": "17.17690", "2005-12-31": "20.19730"}, "ROI - Return On Investment": {"2019-12-31": "33.17760", "2018-12-31": "27.27040", "2017-12-31": "-21.91410", "2016-12-31": "6.86500", "2015-12-31": "18.13110", "2014-12-31": "16.97740", "2013-12-31": "15.01400", "2012-12-31": "20.64270", "2011-12-31": "26.02500", "2010-12-31": "23.49580", "2009-12-31": "24.95000", "2008-12-31": "29.31050", "2007-12-31": "25.29880", "2006-12-31": "30.37860", "2005-12-31": "32.98240"}, "Book Value Per Share": {"2019-12-31": "-0.09450", "2018-12-31": "-0.70220", "2017-12-31": "-1.07060", "2016-12-31": "1.87370", "2015-12-31": "2.79640", "2014-12-31": "2.49360", "2013-12-31": "2.01290", "2012-12-31": "1.64410", "2011-12-31": "1.44460", "2010-12-31": "0.89100", "2009-12-31": "0.51490", "2008-12-31": "-0.01140", "2007-12-31": "0.06760", "2006-12-31": "-0.40820", "2005-12-31": ""}, "Operating Cash Flow Per Share": {"2019-12-31": 0.3151, "2018-12-31": 0.2216, "2017-12-31": -0.5254, "2016-12-31": 0.0382, "2015-12-31": 0.1246, "2014-12-31": 0.0034, "2013-12-31": -0.0064, "2012-12-31": 0.0988, "2011-12-31": 0.366, "2010-12-31": -0.2511, "2009-12-31": 0.0391, "2008-12-31": 0.2709, "2007-12-31": -0.0151, "2006-12-31": 0.1301, "2005-12-31": 1.3127}, "Free Cash Flow Per Share": {"2019-12-31": 0.5421, "2018-12-31": 0.025, "2017-12-31": -0.4958, "2016-12-31": 0.0681, "2015-12-31": 0.0438, "2014-12-31": 0.0241, "2013-12-31": -0.0708, "2012-12-31": 0.049, "2011-12-31": 0.3798, "2010-12-31": -0.2665, "2009-12-31": 0.033, "2008-12-31": 0.3186, "2007-12-31": -0.0571, "2006-12-31": 0.0839, "2005-12-31": 1.2571}}, "financial ratios, quarterly": {"Current Ratio": {"2020-09-30": "0.97340", "2020-06-30": "0.94180", "2020-03-31": "0.90620", "2019-12-31": "0.96520", "2019-09-30": "0.96060", "2019-06-30": "0.93680", "2019-03-31": "0.85690", "2018-12-31": "0.88120", "2018-09-30": "0.84140", "2018-06-30": "0.85890", "2018-03-31": "0.84320", "2017-12-31": "0.81620", "2017-09-30": "0.99590", "2017-06-30": "1.02880", "2017-03-31": "0.98900", "2016-12-31": "0.87530", "2016-09-30": "1.11660", "2016-06-30": "1.10700", "2016-03-31": "1.08690", "2015-12-31": "1.12060", "2015-09-30": "1.13450", "2015-06-30": "1.20350", "2015-03-31": "1.23330", "2014-12-31": "1.24910", "2014-09-30": "1.20400", "2014-06-30": "1.19480", "2014-03-31": "1.20820", "2013-12-31": "1.29500", "2013-09-30": "1.22520", "2013-06-30": "1.15260", "2013-03-31": "1.16320", "2012-12-31": "1.25760", "2012-09-30": "1.14990", "2012-06-30": "1.18960", "2012-03-31": "1.16180", "2011-12-31": "1.13580", "2011-09-30": "1.42670", "2011-06-30": "1.33870", "2011-03-31": "1.36740", "2010-12-31": "1.36460", "2010-09-30": "1.31780", "2010-06-30": "1.31180", "2010-03-31": "1.24320", "2009-12-31": "1.19510", "2009-09-30": "1.26390", "2009-06-30": "1.47020", "2009-03-31": "1.33030", "2008-12-31": "1.26750", "2008-09-30": "1.15160", "2008-06-30": "1.53570", "2008-03-31": "1.55530", "2007-12-31": "1.59690", "2007-09-30": "1.48900", "2007-06-30": "1.52730", "2007-03-31": "1.54190", "2006-12-31": "1.47280", "2006-09-30": "1.55700", "2006-06-30": "", "2006-03-31": "", "2005-12-31": "", "2005-09-30": ""}, "Long-term Debt / Capital": {"2020-09-30": "0.97840", "2020-06-30": "1.02440", "2020-03-31": "1.05130", "2019-12-31": "1.01240", "2019-09-30": "1.00610", "2019-06-30": "0.99030", "2019-03-31": "1.12490", "2018-12-31": "1.09920", "2018-09-30": "1.14420", "2018-06-30": "1.15670", "2018-03-31": "1.13580", "2017-12-31": "1.19330", "2017-09-30": "0.83280", "2017-06-30": "0.84580", "2017-03-31": "0.82310", "2016-12-31": "0.75540", "2016-09-30": "0.69920", "2016-06-30": "0.71070", "2016-03-31": "0.72250", "2015-12-31": "0.69600", "2015-09-30": "0.72110", "2015-06-30": "0.74020", "2015-03-31": "0.73420", "2014-12-31": "0.74100", "2014-09-30": "0.75890", "2014-06-30": "0.77820", "2014-03-31": "0.78260", "2013-12-31": "0.79230", "2013-09-30": "0.79070", "2013-06-30": "0.80010", "2013-03-31": "0.80240", "2012-12-31": "0.81070", "2012-09-30": "0.74960", "2012-06-30": "0.77720", "2012-03-31": "0.78970", "2011-12-31": "0.80020", "2011-09-30": "0.88810", "2011-06-30": "0.90440", "2011-03-31": "0.92750", "2010-12-31": "0.84950", "2010-09-30": "0.88280", "2010-06-30": "0.89190", "2010-03-31": "0.88900", "2009-12-31": "0.89610", "2009-09-30": "0.90310", "2009-06-30": "0.91440", "2009-03-31": "0.96410", "2008-12-31": "1.00260", "2008-09-30": "1.03010", "2008-06-30": "0.99250", "2008-03-31": "0.99780", "2007-12-31": "0.98500", "2007-09-30": "1.04680", "2007-06-30": "1.02800", "2007-03-31": "1.05550", "2006-12-31": "1.10460", "2006-09-30": "1.19640", "2006-06-30": "", "2006-03-31": "", "2005-12-31": "", "2005-09-30": ""}, "Debt/Equity Ratio": {"2020-09-30": "45.25340", "2020-06-30": "-42.04090", "2020-03-31": "-20.50840", "2019-12-31": "-81.75440", "2019-09-30": "-164.87310", "2019-06-30": "101.99340", "2019-03-31": "-9.00670", "2018-12-31": "-11.08360", "2018-09-30": "-7.93400", "2018-06-30": "-7.38270", "2018-03-31": "-8.36460", "2017-12-31": "-6.17340", "2017-09-30": "4.98080", "2017-06-30": "5.48610", "2017-03-31": "4.65270", "2016-12-31": "3.08810", "2016-09-30": "2.32400", "2016-06-30": "2.45630", "2016-03-31": "2.60350", "2015-12-31": "2.28910", "2015-09-30": "2.58600", "2015-06-30": "2.84980", "2015-03-31": "2.76210", "2014-12-31": "2.86100", "2014-09-30": "3.14840", "2014-06-30": "3.50780", "2014-03-31": "3.60040", "2013-12-31": "3.81370", "2013-09-30": "3.77860", "2013-06-30": "4.00310", "2013-03-31": "4.06150", "2012-12-31": "4.28360", "2012-09-30": "2.99380", "2012-06-30": "3.48890", "2012-03-31": "3.75620", "2011-12-31": "4.00450", "2011-09-30": "7.93540", "2011-06-30": "9.45790", "2011-03-31": "12.78380", "2010-12-31": "5.64600", "2010-09-30": "7.52970", "2010-06-30": "8.24740", "2010-03-31": "8.00840", "2009-12-31": "8.62380", "2009-09-30": "9.31750", "2009-06-30": "10.67860", "2009-03-31": "26.83580", "2008-12-31": "-388.08640", "2008-09-30": "-34.17410", "2008-06-30": "132.10590", "2008-03-31": "456.66220", "2007-12-31": "65.83830", "2007-09-30": "-22.35380", "2007-06-30": "-36.69540", "2007-03-31": "-19.01860", "2006-12-31": "-10.55750", "2006-09-30": "-6.09050", "2006-06-30": "", "2006-03-31": "", "2005-12-31": "", "2005-09-30": ""}, "Gross Margin": {"2020-09-30": "42.65400", "2020-06-30": "40.59390", "2020-03-31": "42.57140", "2019-12-31": "42.15030", "2019-09-30": "41.18910", "2019-06-30": "42.08130", "2019-03-31": "41.28650", "2018-12-31": "40.51090", "2018-09-30": "41.46130", "2018-06-30": "41.23730", "2018-03-31": "40.59310", "2017-12-31": "39.49110", "2017-09-30": "40.16520", "2017-06-30": "38.91510", "2017-03-31": "38.58260", "2016-12-31": "38.57990", "2016-09-30": "40.27440", "2016-06-30": "40.25590", "2016-03-31": "39.93990", "2015-12-31": "41.23190", "2015-09-30": "41.59520", "2015-06-30": "42.22320", "2015-03-31": "41.57010", "2014-12-31": "40.99580", "2014-09-30": "41.66840", "2014-06-30": "41.10700", "2014-03-31": "40.98310", "2013-12-31": "40.52320", "2013-09-30": "41.92220", "2013-06-30": "41.43160", "2013-03-31": "42.70410", "2012-12-31": "42.62650", "2012-09-30": "43.98570", "2012-06-30": "44.03900", "2012-03-31": "43.80650", "2011-12-31": "44.63770", "2011-09-30": "43.29460", "2011-06-30": "44.06790", "2011-03-31": "41.90180", "2010-12-31": "42.26230", "2010-09-30": "43.39650", "2010-06-30": "42.85380", "2010-03-31": "42.02970", "2009-12-31": "41.94060", "2009-09-30": "43.48980", "2009-06-30": "44.16810", "2009-03-31": "44.29740", "2008-12-31": "41.97890", "2008-09-30": "42.96500", "2008-06-30": "40.65770", "2008-03-31": "40.07430", "2007-12-31": "42.50250", "2007-09-30": "42.55490", "2007-06-30": "42.81320", "2007-03-31": "42.91780", "2006-12-31": "44.50220", "2006-09-30": "45.10700", "2006-06-30": "46.51580", "2006-03-31": "46.51970", "2005-12-31": "", "2005-09-30": "48.15070"}, "Operating Margin": {"2020-09-30": "22.66190", "2020-06-30": "19.89770", "2020-03-31": "19.59660", "2019-12-31": "17.32050", "2019-09-30": "15.10450", "2019-06-30": "19.31370", "2019-03-31": "18.78830", "2018-12-31": "19.33500", "2018-09-30": "21.80430", "2018-06-30": "20.09780", "2018-03-31": "19.06580", "2017-12-31": "-17.51380", "2017-09-30": "19.37780", "2017-06-30": "15.62120", "2017-03-31": "18.43520", "2016-12-31": "-22.61430", "2016-09-30": "20.19890", "2016-06-30": "18.92130", "2016-03-31": "19.92760", "2015-12-31": "20.42030", "2015-09-30": "21.76240", "2015-06-30": "18.12660", "2015-03-31": "20.61470", "2014-12-31": "19.58300", "2014-09-30": "21.79890", "2014-06-30": "19.79940", "2014-03-31": "20.13620", "2013-12-31": "16.76630", "2013-09-30": "20.96110", "2013-06-30": "19.97260", "2013-03-31": "22.40080", "2012-12-31": "20.07440", "2012-09-30": "25.71750", "2012-06-30": "24.27200", "2012-03-31": "23.86250", "2011-12-31": "25.04020", "2011-09-30": "25.73010", "2011-06-30": "25.66790", "2011-03-31": "24.38820", "2010-12-31": "23.73620", "2010-09-30": "26.41400", "2010-06-30": "24.42280", "2010-03-31": "25.61860", "2009-12-31": "24.24660", "2009-09-30": "21.42150", "2009-06-30": "27.24230", "2009-03-31": "28.38000", "2008-12-31": "25.88260", "2008-09-30": "27.23970", "2008-06-30": "24.95730", "2008-03-31": "24.43320", "2007-12-31": "27.85120", "2007-09-30": "26.25680", "2007-06-30": "26.82680", "2007-03-31": "26.93190", "2006-12-31": "28.57140", "2006-09-30": "29.55980", "2006-06-30": "29.31040", "2006-03-31": "29.98080", "2005-12-31": "", "2005-09-30": "33.62110"}, "EBIT Margin": {"2020-09-30": "22.66190", "2020-06-30": "19.89770", "2020-03-31": "19.59660", "2019-12-31": "17.32050", "2019-09-30": "15.10450", "2019-06-30": "19.31370", "2019-03-31": "18.78830", "2018-12-31": "19.33510", "2018-09-30": "21.80430", "2018-06-30": "20.09780", "2018-03-31": "19.06580", "2017-12-31": "-17.51380", "2017-09-30": "19.37780", "2017-06-30": "15.62120", "2017-03-31": "18.43520", "2016-12-31": "-22.61430", "2016-09-30": "20.19890", "2016-06-30": "18.92130", "2016-03-31": "19.92760", "2015-12-31": "20.42030", "2015-09-30": "21.76240", "2015-06-30": "18.12660", "2015-03-31": "20.61470", "2014-12-31": "19.58300", "2014-09-30": "21.79890", "2014-06-30": "19.79940", "2014-03-31": "20.13620", "2013-12-31": "16.76630", "2013-09-30": "20.96110", "2013-06-30": "19.97260", "2013-03-31": "22.40080", "2012-12-31": "20.07440", "2012-09-30": "25.71750", "2012-06-30": "24.27200", "2012-03-31": "23.86250", "2011-12-31": "25.04020", "2011-09-30": "25.73010", "2011-06-30": "25.66790", "2011-03-31": "24.38820", "2010-12-31": "23.73620", "2010-09-30": "26.41400", "2010-06-30": "24.42280", "2010-03-31": "25.61860", "2009-12-31": "24.24660", "2009-09-30": "21.42150", "2009-06-30": "27.24230", "2009-03-31": "28.38000", "2008-12-31": "25.88260", "2008-09-30": "27.23970", "2008-06-30": "24.95730", "2008-03-31": "24.43320", "2007-12-31": "27.85120", "2007-09-30": "26.25680", "2007-06-30": "26.82680", "2007-03-31": "26.93190", "2006-12-31": "28.57140", "2006-09-30": "29.55980", "2006-06-30": "29.31040", "2006-03-31": "29.98080", "2005-12-31": "", "2005-09-30": "33.62110"}, "EBITDA Margin": {"2020-09-30": "", "2020-06-30": "", "2020-03-31": "", "2019-12-31": "", "2019-09-30": "", "2019-06-30": "", "2019-03-31": "", "2018-12-31": "", "2018-09-30": "", "2018-06-30": "", "2018-03-31": "", "2017-12-31": "", "2017-09-30": "", "2017-06-30": "", "2017-03-31": "", "2016-12-31": "", "2016-09-30": "", "2016-06-30": "", "2016-03-31": "", "2015-12-31": "", "2015-09-30": "", "2015-06-30": "", "2015-03-31": "", "2014-12-31": "", "2014-09-30": "", "2014-06-30": "", "2014-03-31": "", "2013-12-31": "", "2013-09-30": "", "2013-06-30": "", "2013-03-31": "", "2012-12-31": "", "2012-09-30": "", "2012-06-30": "", "2012-03-31": "", "2011-12-31": "", "2011-09-30": "", "2011-06-30": "", "2011-03-31": "", "2010-12-31": "", "2010-09-30": "", "2010-06-30": "", "2010-03-31": "", "2009-12-31": "", "2009-09-30": "", "2009-06-30": "", "2009-03-31": "", "2008-12-31": "", "2008-09-30": "", "2008-06-30": "", "2008-03-31": "", "2007-12-31": "", "2007-09-30": "", "2007-06-30": "", "2007-03-31": "", "2006-12-31": "", "2006-09-30": "", "2006-06-30": "", "2006-03-31": "", "2005-12-31": "", "2005-09-30": ""}, "Pre-Tax Profit Margin": {"2020-09-30": "20.73900", "2020-06-30": "17.33200", "2020-03-31": "16.96640", "2019-12-31": "15.10290", "2019-09-30": "12.41110", "2019-06-30": "55.62100", "2019-03-31": "16.16310", "2018-12-31": "16.76660", "2018-09-30": "19.19590", "2018-06-30": "18.10640", "2018-03-31": "16.87780", "2017-12-31": "-20.10710", "2017-09-30": "17.02860", "2017-06-30": "13.37300", "2017-03-31": "16.36210", "2016-12-31": "-24.66280", "2016-09-30": "17.41910", "2016-06-30": "16.17360", "2016-03-31": "16.76040", "2015-12-31": "17.16670", "2015-09-30": "18.96800", "2015-06-30": "14.95370", "2015-03-31": "17.60920", "2014-12-31": "16.73170", "2014-09-30": "18.93260", "2014-06-30": "16.51250", "2014-03-31": "16.83450", "2013-12-31": "13.55930", "2013-09-30": "17.86630", "2013-06-30": "16.75450", "2013-03-31": "18.87730", "2012-12-31": "17.18260", "2012-09-30": "22.77720", "2012-06-30": "21.75990", "2012-03-31": "20.81960", "2011-12-31": "24.63490", "2011-09-30": "22.24980", "2011-06-30": "24.40170", "2011-03-31": "21.41080", "2010-12-31": "21.24540", "2010-09-30": "23.21000", "2010-06-30": "21.38370", "2010-03-31": "22.38990", "2009-12-31": "21.62100", "2009-09-30": "18.75810", "2009-06-30": "23.57490", "2009-03-31": "25.40790", "2008-12-31": "23.62960", "2008-09-30": "24.17600", "2008-06-30": "22.86390", "2008-03-31": "23.10610", "2007-12-31": "25.60540", "2007-09-30": "24.41140", "2007-06-30": "24.79010", "2007-03-31": "24.94250", "2006-12-31": "26.12510", "2006-09-30": "33.31290", "2006-06-30": "29.07690", "2006-03-31": "31.15050", "2005-12-31": "", "2005-09-30": "34.46480"}, "Net Profit Margin": {"2020-09-30": "18.16450", "2020-06-30": "14.52410", "2020-03-31": "14.84870", "2019-12-31": "10.35410", "2019-09-30": "10.32980", "2019-06-30": "45.86350", "2019-03-31": "12.94690", "2018-12-31": "15.13270", "2018-09-30": "15.03100", "2018-06-30": "15.42060", "2018-03-31": "15.37350", "2017-12-31": "-77.93230", "2017-09-30": "16.77230", "2017-06-30": "12.07480", "2017-03-31": "12.41550", "2016-12-31": "-25.88030", "2016-09-30": "15.74250", "2016-06-30": "14.94510", "2016-03-31": "14.30990", "2015-12-31": "15.38410", "2015-09-30": "16.60230", "2015-06-30": "13.68170", "2015-03-31": "15.43640", "2014-12-31": "15.71030", "2014-09-30": "16.24680", "2014-06-30": "13.78770", "2014-03-31": "15.02810", "2013-12-31": "12.19500", "2013-09-30": "15.21860", "2013-06-30": "14.33000", "2013-03-31": "15.99520", "2012-12-31": "16.69830", "2012-09-30": "18.95750", "2012-06-30": "19.03020", "2012-03-31": "17.74800", "2011-12-31": "31.60070", "2011-09-30": "16.99040", "2011-06-30": "19.26370", "2011-03-31": "16.38350", "2010-12-31": "17.87770", "2010-09-30": "17.93020", "2010-06-30": "17.35510", "2010-03-31": "16.86540", "2009-12-31": "17.02440", "2009-09-30": "13.77370", "2009-06-30": "17.55560", "2009-03-31": "18.63970", "2008-12-31": "18.55060", "2008-09-30": "17.48220", "2008-06-30": "17.18510", "2008-03-31": "16.35990", "2007-12-31": "18.58530", "2007-09-30": "17.20490", "2007-06-30": "17.00060", "2007-03-31": "17.08220", "2006-12-31": "18.51350", "2006-09-30": "22.63240", "2006-06-30": "19.65700", "2006-03-31": "21.07380", "2005-12-31": "", "2005-09-30": "23.73200"}, "Asset Turnover": {"2020-09-30": "0.14260", "2020-06-30": "0.12800", "2020-03-31": "0.14230", "2019-12-31": "0.14930", "2019-09-30": "0.14840", "2019-06-30": "0.14820", "2019-03-31": "0.14180", "2018-12-31": "0.15580", "2018-09-30": "0.15440", "2018-06-30": "0.15480", "2018-03-31": "0.15120", "2017-12-31": "0.15580", "2017-09-30": "0.14230", "2017-06-30": "0.14660", "2017-03-31": "0.13730", "2016-12-31": "0.14560", "2016-09-30": "0.14470", "2016-06-30": "0.14640", "2016-03-31": "0.13780", "2015-12-31": "0.14600", "2015-09-30": "0.14250", "2015-06-30": "0.13750", "2015-03-31": "0.12760", "2014-12-31": "0.14260", "2014-09-30": "0.14630", "2014-06-30": "0.14230", "2014-03-31": "0.13610", "2013-12-31": "0.14050", "2013-09-30": "0.14170", "2013-06-30": "0.14450", "2013-03-31": "0.14160", "2012-12-31": "0.15050", "2012-09-30": "0.15200", "2012-06-30": "0.15550", "2012-03-31": "0.15150", "2011-12-31": "0.15780", "2011-09-30": "0.16000", "2011-06-30": "0.17060", "2011-03-31": "0.16270", "2010-12-31": "0.17110", "2010-09-30": "0.17560", "2010-06-30": "0.17330", "2010-03-31": "0.17510", "2009-12-31": "0.17870", "2009-09-30": "0.21150", "2009-06-30": "0.21410", "2009-03-31": "0.21250", "2008-12-31": "0.23150", "2008-09-30": "0.25020", "2008-06-30": "0.22360", "2008-03-31": "0.21190", "2007-12-31": "0.22630", "2007-09-30": "0.22110", "2007-06-30": "0.22580", "2007-03-31": "0.21120", "2006-12-31": "0.22050", "2006-09-30": "0.22630", "2006-06-30": "", "2006-03-31": "", "2005-12-31": "", "2005-09-30": ""}, "Inventory Turnover Ratio": {"2020-09-30": "", "2020-06-30": "", "2020-03-31": "", "2019-12-31": "", "2019-09-30": "", "2019-06-30": "", "2019-03-31": "", "2018-12-31": "", "2018-09-30": "", "2018-06-30": "", "2018-03-31": "", "2017-12-31": "", "2017-09-30": "", "2017-06-30": "", "2017-03-31": "", "2016-12-31": "", "2016-09-30": "", "2016-06-30": "", "2016-03-31": "", "2015-12-31": "", "2015-09-30": "", "2015-06-30": "", "2015-03-31": "", "2014-12-31": "", "2014-09-30": "", "2014-06-30": "", "2014-03-31": "", "2013-12-31": "", "2013-09-30": "", "2013-06-30": "", "2013-03-31": "", "2012-12-31": "", "2012-09-30": "", "2012-06-30": "", "2012-03-31": "", "2011-12-31": "", "2011-09-30": "", "2011-06-30": "", "2011-03-31": "", "2010-12-31": "", "2010-09-30": "", "2010-06-30": "", "2010-03-31": "", "2009-12-31": "", "2009-09-30": "", "2009-06-30": "", "2009-03-31": "", "2008-12-31": "", "2008-09-30": "", "2008-06-30": "", "2008-03-31": "", "2007-12-31": "", "2007-09-30": "", "2007-06-30": "", "2007-03-31": "", "2006-12-31": "", "2006-09-30": "", "2006-06-30": "", "2006-03-31": "", "2005-12-31": "", "2005-09-30": ""}, "Receiveable Turnover": {"2020-09-30": "0.35060", "2020-06-30": "0.31650", "2020-03-31": "0.37960", "2019-12-31": "0.39670", "2019-09-30": "0.39640", "2019-06-30": "0.35950", "2019-03-31": "0.38230", "2018-12-31": "0.36750", "2018-09-30": "0.34530", "2018-06-30": "0.35170", "2018-03-31": "0.34510", "2017-12-31": "0.34340", "2017-09-30": "0.35590", "2017-06-30": "0.37820", "2017-03-31": "0.37730", "2016-12-31": "0.36590", "2016-09-30": "0.40660", "2016-06-30": "0.40980", "2016-03-31": "0.39020", "2015-12-31": "0.41710", "2015-09-30": "0.41520", "2015-06-30": "0.39640", "2015-03-31": "0.38040", "2014-12-31": "0.42550", "2014-09-30": "0.41570", "2014-06-30": "0.39000", "2014-03-31": "0.38420", "2013-12-31": "0.43480", "2013-09-30": "0.41340", "2013-06-30": "0.40020", "2013-03-31": "0.39930", "2012-12-31": "0.45740", "2012-09-30": "0.42730", "2012-06-30": "0.45920", "2012-03-31": "0.43750", "2011-12-31": "0.46300", "2011-09-30": "0.51170", "2011-06-30": "0.52850", "2011-03-31": "0.50640", "2010-12-31": "0.51500", "2010-09-30": "0.55550", "2010-06-30": "0.54390", "2010-03-31": "0.53890", "2009-12-31": "0.55000", "2009-09-30": "1.04620", "2009-06-30": "1.02840", "2009-03-31": "1.01610", "2008-12-31": "1.06960", "2008-09-30": "1.06590", "2008-06-30": "0.93390", "2008-03-31": "0.91570", "2007-12-31": "0.99230", "2007-09-30": "0.89070", "2007-06-30": "0.96210", "2007-03-31": "0.93990", "2006-12-31": "0.91360", "2006-09-30": "0.93610", "2006-06-30": "", "2006-03-31": "", "2005-12-31": "", "2005-09-30": ""}, "Days Sales In Receivables": {"2020-09-30": "256.69130", "2020-06-30": "284.38770", "2020-03-31": "237.07060", "2019-12-31": "226.88920", "2019-09-30": "227.06940", "2019-06-30": "250.32150", "2019-03-31": "235.43380", "2018-12-31": "244.89310", "2018-09-30": "260.62260", "2018-06-30": "255.87270", "2018-03-31": "260.82120", "2017-12-31": "262.11580", "2017-09-30": "252.88670", "2017-06-30": "237.99840", "2017-03-31": "238.54420", "2016-12-31": "245.98600", "2016-09-30": "221.37460", "2016-06-30": "219.62570", "2016-03-31": "230.67660", "2015-12-31": "215.78470", "2015-09-30": "216.76030", "2015-06-30": "227.04250", "2015-03-31": "236.57280", "2014-12-31": "211.52770", "2014-09-30": "216.47720", "2014-06-30": "230.74350", "2014-03-31": "234.25450", "2013-12-31": "207.00180", "2013-09-30": "217.71720", "2013-06-30": "224.87340", "2013-03-31": "225.38710", "2012-12-31": "196.75310", "2012-09-30": "210.60350", "2012-06-30": "195.98410", "2012-03-31": "205.72630", "2011-12-31": "194.37440", "2011-09-30": "175.87890", "2011-06-30": "170.29710", "2011-03-31": "177.72720", "2010-12-31": "174.77370", "2010-09-30": "162.00810", "2010-06-30": "165.47590", "2010-03-31": "167.01880", "2009-12-31": "163.63700", "2009-09-30": "86.02770", "2009-06-30": "87.51730", "2009-03-31": "88.57640", "2008-12-31": "84.13980", "2008-09-30": "84.43300", "2008-06-30": "96.36700", "2008-03-31": "98.28260", "2007-12-31": "90.69440", "2007-09-30": "101.04600", "2007-06-30": "93.54640", "2007-03-31": "95.75330", "2006-12-31": "98.51520", "2006-09-30": "96.14790", "2006-06-30": "", "2006-03-31": "", "2005-12-31": "", "2005-09-30": ""}, "ROE - Return On Equity": {"2020-09-30": "340.68550", "2020-06-30": "-220.57210", "2020-03-31": "-118.03600", "2019-12-31": "-342.78490", "2019-09-30": "-685.27770", "2019-06-30": "2035.76400", "2019-03-31": "-46.25870", "2018-12-31": "-68.46350", "2018-09-30": "-50.22880", "2018-06-30": "-48.21630", "2018-03-31": "-56.83880", "2017-12-31": "228.10330", "2017-09-30": "33.21120", "2017-06-30": "25.18150", "2017-03-31": "21.55140", "2016-12-31": "-39.34830", "2016-09-30": "15.63130", "2016-06-30": "15.64210", "2016-03-31": "14.98790", "2015-12-31": "15.11140", "2015-09-30": "17.24320", "2015-06-30": "14.47910", "2015-03-31": "15.10480", "2014-12-31": "17.03320", "2014-09-30": "19.84400", "2014-06-30": "18.10880", "2014-03-31": "19.01280", "2013-12-31": "15.69660", "2013-09-30": "20.41320", "2013-06-30": "21.38700", "2013-03-31": "23.10380", "2012-12-31": "25.29240", "2012-09-30": "23.50220", "2012-06-30": "25.75990", "2012-03-31": "25.56340", "2011-12-31": "50.54760", "2011-09-30": "47.75850", "2011-06-30": "69.42760", "2011-03-31": "74.99110", "2010-12-31": "41.63380", "2010-09-30": "54.45410", "2010-06-30": "55.29150", "2010-03-31": "54.62430", "2009-12-31": "63.28150", "2009-09-30": "55.25030", "2009-06-30": "77.10090", "2009-03-31": "196.57590", "2008-12-31": "-2958.02500", "2008-09-30": "-266.96230", "2008-06-30": "907.84310", "2008-03-31": "2798.64800", "2007-12-31": "479.88180", "2007-09-30": "-147.74590", "2007-06-30": "-237.79070", "2007-03-31": "-112.06500", "2006-12-31": "-68.99620", "2006-09-30": "-44.91820", "2006-06-30": "", "2006-03-31": "", "2005-12-31": "", "2005-09-30": ""}, "Return On Tangible Equity": {"2020-09-30": "-7.75230", "2020-06-30": "-5.19930", "2020-03-31": "-5.51950", "2019-12-31": "-4.36630", "2019-09-30": "-4.35370", "2019-06-30": "-20.01370", "2019-03-31": "-4.93810", "2018-12-31": "-5.83820", "2018-09-30": "-5.57040", "2018-06-30": "-5.84510", "2018-03-31": "-5.81750", "2017-12-31": "29.45400", "2017-09-30": "-7.71750", "2017-06-30": "-5.34270", "2017-03-31": "-5.28210", "2016-12-31": "12.14090", "2016-09-30": "-8.78810", "2016-06-30": "-8.06430", "2016-03-31": "-7.08560", "2015-12-31": "-8.61640", "2015-09-30": "-9.07810", "2015-06-30": "-7.19990", "2015-03-31": "-7.86990", "2014-12-31": "-8.46420", "2014-09-30": "-8.48590", "2014-06-30": "-6.68550", "2014-03-31": "-6.91320", "2013-12-31": "-5.97700", "2013-09-30": "-7.16150", "2013-06-30": "-6.31420", "2013-03-31": "-6.78570", "2012-12-31": "-7.62990", "2012-09-30": "-9.33330", "2012-06-30": "-9.09180", "2012-03-31": "-8.03650", "2011-12-31": "-14.35190", "2011-09-30": "-10.36770", "2011-06-30": "-10.81570", "2011-03-31": "-9.13870", "2010-12-31": "-12.08770", "2010-09-30": "-10.98470", "2010-06-30": "-9.91650", "2010-03-31": "-9.23260", "2009-12-31": "-9.81530", "2009-09-30": "-7.78660", "2009-06-30": "-11.18220", "2009-03-31": "-10.45870", "2008-12-31": "-11.78610", "2008-09-30": "-11.49730", "2008-06-30": "-11.78480", "2008-03-31": "-10.56850", "2007-12-31": "-12.65280", "2007-09-30": "-10.32800", "2007-06-30": "-10.14180", "2007-03-31": "-9.19960", "2006-12-31": "-9.65120", "2006-09-30": "-10.59700", "2006-06-30": "", "2006-03-31": "", "2005-12-31": "", "2005-09-30": ""}, "ROA - Return On Assets": {"2020-09-30": "2.58970", "2020-06-30": "1.85940", "2020-03-31": "2.11230", "2019-12-31": "1.54590", "2019-09-30": "1.53340", "2019-06-30": "6.79840", "2019-03-31": "1.83520", "2018-12-31": "2.35750", "2018-09-30": "2.32050", "2018-06-30": "2.38710", "2018-03-31": "2.32480", "2017-12-31": "-12.14230", "2017-09-30": "2.38620", "2017-06-30": "1.76970", "2017-03-31": "1.70460", "2016-12-31": "-3.76870", "2016-09-30": "2.27870", "2016-06-30": "2.18840", "2016-03-31": "1.97170", "2015-12-31": "2.24680", "2015-09-30": "2.36660", "2015-06-30": "1.88100", "2015-03-31": "1.96950", "2014-12-31": "2.23950", "2014-09-30": "2.37750", "2014-06-30": "1.96260", "2014-03-31": "2.04580", "2013-12-31": "1.71320", "2013-09-30": "2.15670", "2013-06-30": "2.07100", "2013-03-31": "2.26450", "2012-12-31": "2.51330", "2012-09-30": "2.88080", "2012-06-30": "2.95880", "2012-03-31": "2.68870", "2011-12-31": "4.98680", "2011-09-30": "2.71780", "2011-06-30": "3.28610", "2011-03-31": "2.66490", "2010-12-31": "3.05960", "2010-09-30": "3.14910", "2010-06-30": "3.00770", "2010-03-31": "2.95270", "2009-12-31": "3.04210", "2009-09-30": "2.91270", "2009-06-30": "3.75820", "2009-03-31": "3.96000", "2008-12-31": "4.29520", "2008-09-30": "4.37480", "2008-06-30": "3.84280", "2008-03-31": "3.46740", "2007-12-31": "4.20630", "2007-09-30": "3.80450", "2007-06-30": "3.83840", "2007-03-31": "3.60860", "2006-12-31": "4.08190", "2006-09-30": "5.12250", "2006-06-30": "", "2006-03-31": "", "2005-12-31": "", "2005-09-30": ""}, "ROI - Return On Investment": {"2020-09-30": "7.36560", "2020-06-30": "5.37450", "2020-03-31": "6.05050", "2019-12-31": "4.24480", "2019-09-30": "4.18180", "2019-06-30": "19.76600", "2019-03-31": "5.77750", "2018-12-31": "6.78960", "2018-09-30": "7.24380", "2018-06-30": "7.55420", "2018-03-31": "7.71790", "2017-12-31": "-44.09170", "2017-09-30": "5.55290", "2017-06-30": "3.88240", "2017-03-31": "3.81260", "2016-12-31": "-9.62500", "2016-09-30": "4.70250", "2016-06-30": "4.52570", "2016-03-31": "4.15930", "2015-12-31": "4.59440", "2015-09-30": "4.80850", "2015-06-30": "3.76100", "2015-03-31": "4.01500", "2014-12-31": "4.41160", "2014-09-30": "4.78350", "2014-06-30": "4.01720", "2014-03-31": "4.13290", "2013-12-31": "3.26080", "2013-09-30": "4.27180", "2013-06-30": "4.27470", "2013-03-31": "4.56460", "2012-12-31": "4.78690", "2012-09-30": "5.88470", "2012-06-30": "5.73860", "2012-03-31": "5.37480", "2011-12-31": "10.10050", "2011-09-30": "5.34480", "2011-06-30": "6.63880", "2011-03-31": "5.44050", "2010-12-31": "6.26450", "2010-09-30": "6.38410", "2010-06-30": "5.97910", "2010-03-31": "6.06370", "2009-12-31": "6.57550", "2009-09-30": "5.35500", "2009-06-30": "6.60190", "2009-03-31": "7.06200", "2008-12-31": "7.64180", "2008-09-30": "8.04730", "2008-06-30": "6.82050", "2008-03-31": "6.11510", "2007-12-31": "7.17970", "2007-09-30": "6.91890", "2007-06-30": "6.66170", "2007-03-31": "6.21940", "2006-12-31": "7.21910", "2006-09-30": "8.82390", "2006-06-30": "", "2006-03-31": "", "2005-12-31": "", "2005-09-30": ""}, "Book Value Per Share": {"2020-09-30": "0.16330", "2020-06-30": "-0.17860", "2020-03-31": "-0.36430", "2019-12-31": "-0.09450", "2019-09-30": "-0.04690", "2019-06-30": "0.07090", "2019-03-31": "-0.86440", "2018-12-31": "-0.70220", "2018-09-30": "-0.93600", "2018-06-30": "-1.00580", "2018-03-31": "-0.81590", "2017-12-31": "-1.07060", "2017-09-30": "1.54450", "2017-06-30": "1.42410", "2017-03-31": "1.58960", "2016-12-31": "1.87370", "2016-09-30": "2.85990", "2016-06-30": "2.69340", "2016-03-31": "2.51980", "2015-12-31": "2.79640", "2015-09-30": "2.66250", "2015-06-30": "2.55300", "2015-03-31": "2.61100", "2014-12-31": "2.49360", "2014-09-30": "2.25310", "2014-06-30": "2.01810", "2014-03-31": "1.98130", "2013-12-31": "2.01290", "2013-09-30": "1.90340", "2013-06-30": "1.68290", "2013-03-31": "1.64030", "2012-12-31": "1.64410", "2012-09-30": "1.91560", "2012-06-30": "1.74160", "2012-03-31": "1.57580", "2011-12-31": "1.44460", "2011-09-30": "0.81070", "2011-06-30": "0.60410", "2011-03-31": "0.44270", "2010-12-31": "0.89100", "2010-09-30": "0.66720", "2010-06-30": "0.60410", "2010-03-31": "0.56410", "2009-12-31": "0.51490", "2009-09-30": "0.47140", "2009-06-30": "0.40720", "2009-03-31": "0.16240", "2008-12-31": "-0.01140", "2008-09-30": "-0.12580", "2008-06-30": "0.03480", "2008-03-31": "0.01000", "2007-12-31": "0.06760", "2007-09-30": "-0.19520", "2007-06-30": "-0.11130", "2007-03-31": "-0.22420", "2006-12-31": "-0.40820", "2006-09-30": "-0.74960", "2006-06-30": "", "2006-03-31": "", "2005-12-31": "", "2005-09-30": ""}, "Operating Cash Flow Per Share": {"2020-09-30": 0.5715, "2020-06-30": 0.5722, "2020-03-31": "0.26870", "2019-12-31": 0.5637, "2019-09-30": 0.6275, "2019-06-30": 0.3866, "2019-03-31": "0.54470", "2018-12-31": 0.6526, "2018-09-30": 0.5049, "2018-06-30": 0.3637, "2018-03-31": "0.28620", "2017-12-31": 0.6767, "2017-09-30": 0.9599, "2017-06-30": -0.2293, "2017-03-31": "0.17850", "2016-12-31": 0.4349, "2016-09-30": 0.6913, "2016-06-30": 0.5623, "2016-03-31": "0.42270", "2015-12-31": 0.506, "2015-09-30": 0.6711, "2015-06-30": 0.4926, "2015-03-31": "0.40330", "2014-12-31": 0.4889, "2014-09-30": 0.6258, "2014-06-30": 0.4754, "2014-03-31": "0.35830", "2013-12-31": 0.486, "2013-09-30": 0.6037, "2013-06-30": 0.4388, "2013-03-31": "0.41650", "2012-12-31": 0.5287, "2012-09-30": 0.6957, "2012-06-30": 0.3813, "2012-03-31": "0.34570", "2011-12-31": 0.4448, "2011-09-30": 0.6115, "2011-06-30": 0.4105, "2011-03-31": "0.38580", "2010-12-31": 0.4131, "2010-09-30": 0.5879, "2010-06-30": 0.3769, "2010-03-31": "0.10870", "2009-12-31": 0.3722, "2009-09-30": 0.5027, "2009-06-30": 0.3591, "2009-03-31": "0.50370", "2008-12-31": 0.4434, "2008-09-30": 0.5056, "2008-06-30": 0.3294, "2008-03-31": "0.42020", "2007-12-31": 0.2767, "2007-09-30": 0.5257, "2007-06-30": 0.2588, "2007-03-31": "0.36650", "2006-12-31": 0.425, "2006-09-30": 0.387, "2006-06-30": 0.3618, "2006-03-31": "0.26900", "2005-12-31": -0.9308, "2005-09-30": 0.9308}, "Free Cash Flow Per Share": {"2020-09-30": 0.5323, "2020-06-30": 0.5137, "2020-03-31": "0.23480", "2019-12-31": 0.5308, "2019-09-30": 0.589, "2019-06-30": 0.321, "2019-03-31": "0.49350", "2018-12-31": 0.5461, "2018-09-30": 0.3513, "2018-06-30": 0.2666, "2018-03-31": "0.22820", "2017-12-31": 0.622, "2017-09-30": 0.9121, "2017-06-30": -0.3049, "2017-03-31": "0.13800", "2016-12-31": 0.3725, "2016-09-30": 0.6043, "2016-06-30": 0.5186, "2016-03-31": "0.36760", "2015-12-31": 0.4153, "2015-09-30": 0.5754, "2015-06-30": 0.4527, "2015-03-31": "0.35150", "2014-12-31": 0.4427, "2014-09-30": 0.5709, "2014-06-30": 0.432, "2014-03-31": "0.30550", "2013-12-31": 0.4431, "2013-09-30": 0.5443, "2013-06-30": 0.3689, "2013-03-31": "0.37070", "2012-12-31": 0.4843, "2012-09-30": 0.6567, "2012-06-30": 0.3432, "2012-03-31": "0.31360", "2011-12-31": 0.4176, "2011-09-30": 0.583, "2011-06-30": 0.3851, "2011-03-31": "0.36310", "2010-12-31": 0.3867, "2010-09-30": 0.5423, "2010-06-30": 0.3473, "2010-03-31": "0.09270", "2009-12-31": 0.3395, "2009-09-30": 0.4821, "2009-06-30": 0.328, "2009-03-31": "0.48590", "2008-12-31": 0.4236, "2008-09-30": 0.4826, "2008-06-30": 0.2978, "2008-03-31": "0.39850", "2007-12-31": 0.2452, "2007-09-30": 0.4891, "2007-06-30": 0.2258, "2007-03-31": "0.32380", "2006-12-31": 0.3898, "2006-09-30": 0.3655, "2006-06-30": 0.3442, "2006-03-31": "0.24150", "2005-12-31": -0.8912, "2005-09-30": 0.8912}}, "revenue": {"Western Union Annual Revenue (Millions of US $)": {"2019": "$5,292", "2018": "$5,590", "2017": "$5,524", "2016": "$5,423", "2015": "$5,484", "2014": "$5,607", "2013": "$5,542", "2012": "$5,665", "2011": "$5,491", "2010": "$5,193", "2009": "$5,084", "2008": "$5,282", "2007": "$4,900", "2006": "$4,470", "2005": "$3,988"}, "Western Union Quarterly Revenue (Millions of US $)": {"2020-09-30": "$1,259", "2020-06-30": "$1,115", "2020-03-31": "$1,190", "2019-12-31": "$1,308", "2019-09-30": "$1,307", "2019-06-30": "$1,341", "2019-03-31": "$1,337", "2018-12-31": "$1,402", "2018-09-30": "$1,388", "2018-06-30": "$1,411", "2018-03-31": "$1,389", "2017-12-31": "$1,438", "2017-09-30": "$1,405", "2017-06-30": "$1,379", "2017-03-31": "$1,302", "2016-12-31": "$1,372", "2016-09-30": "$1,378", "2016-06-30": "$1,376", "2016-03-31": "$1,298", "2015-12-31": "$1,380", "2015-09-30": "$1,399", "2015-06-30": "$1,384", "2015-03-31": "$1,321", "2014-12-31": "$1,410", "2014-09-30": "$1,441", "2014-06-30": "$1,406", "2014-03-31": "$1,351", "2013-12-31": "$1,422", "2013-09-30": "$1,409", "2013-06-30": "$1,386", "2013-03-31": "$1,325", "2012-12-31": "$1,425", "2012-09-30": "$1,422", "2012-06-30": "$1,425", "2012-03-31": "$1,393", "2011-12-31": "$1,431", "2011-09-30": "$1,411", "2011-06-30": "$1,366", "2011-03-31": "$1,283", "2010-12-31": "$1,357", "2010-09-30": "$1,330", "2010-06-30": "$1,273", "2010-03-31": "$1,233", "2009-12-31": "$1,314", "2009-09-30": "$1,314", "2009-06-30": "$1,254", "2009-03-31": "$1,201", "2008-12-31": "$1,292", "2008-09-30": "$1,377", "2008-06-30": "$1,347", "2008-03-31": "$1,266", "2007-12-31": "$1,309", "2007-09-30": "$1,257", "2007-06-30": "$1,203", "2007-03-31": "$1,131", "2006-12-31": "$1,173", "2006-09-30": "$1,140", "2006-06-30": "$1,114", "2006-03-31": "$1,043", "2005-12-31": "", "2005-09-30": "$1,019"}}, "gross-profit": {"Western Union Annual Gross Profit (Millions of US $)": {"2019": "$2,206", "2018": "$2,289", "2017": "$2,171", "2016": "$2,156", "2015": "$2,284", "2014": "$2,310", "2013": "$2,307", "2012": "$2,471", "2011": "$2,389", "2010": "$2,214", "2009": "$2,209", "2008": "$2,189", "2007": "$2,092", "2006": "$2,040", "2005": "$1,869"}, "Western Union Quarterly Gross Profit (Millions of US $)": {"2020-09-30": "$537", "2020-06-30": "$453", "2020-03-31": "$507", "2019-12-31": "$551", "2019-09-30": "$538", "2019-06-30": "$564", "2019-03-31": "$552", "2018-12-31": "$568", "2018-09-30": "$575", "2018-06-30": "$582", "2018-03-31": "$564", "2017-12-31": "$568", "2017-09-30": "$564", "2017-06-30": "$537", "2017-03-31": "$503", "2016-12-31": "$529", "2016-09-30": "$555", "2016-06-30": "$554", "2016-03-31": "$518", "2015-12-31": "$569", "2015-09-30": "$582", "2015-06-30": "$584", "2015-03-31": "$549", "2014-12-31": "$578", "2014-09-30": "$600", "2014-06-30": "$578", "2014-03-31": "$554", "2013-12-31": "$576", "2013-09-30": "$591", "2013-06-30": "$574", "2013-03-31": "$566", "2012-12-31": "$607", "2012-09-30": "$625", "2012-06-30": "$628", "2012-03-31": "$610", "2011-12-31": "$639", "2011-09-30": "$611", "2011-06-30": "$602", "2011-03-31": "$538", "2010-12-31": "$574", "2010-09-30": "$577", "2010-06-30": "$546", "2010-03-31": "$518", "2009-12-31": "$551", "2009-09-30": "$572", "2009-06-30": "$554", "2009-03-31": "$532", "2008-12-31": "$542", "2008-09-30": "$592", "2008-06-30": "$548", "2008-03-31": "$507", "2007-12-31": "$556", "2007-09-30": "$535", "2007-06-30": "$515", "2007-03-31": "$485", "2006-12-31": "$522", "2006-09-30": "$514", "2006-06-30": "$518", "2006-03-31": "$485", "2005-12-31": "", "2005-09-30": "$491"}}, "operating-income": {"Western Union Annual Operating Income (Millions of US $)": {"2019": "$934", "2018": "$1,122", "2017": "$476", "2016": "$487", "2015": "$1,109", "2014": "$1,141", "2013": "$1,107", "2012": "$1,330", "2011": "$1,385", "2010": "$1,300", "2009": "$1,283", "2008": "$1,355", "2007": "$1,322", "2006": "$1,311", "2005": "$1,269"}, "Western Union Quarterly Operating Income (Millions of US $)": {"2020-09-30": "$285", "2020-06-30": "$222", "2020-03-31": "$233", "2019-12-31": "$227", "2019-09-30": "$197", "2019-06-30": "$259", "2019-03-31": "$251", "2018-12-31": "$271", "2018-09-30": "$303", "2018-06-30": "$284", "2018-03-31": "$265", "2017-12-31": "$-252", "2017-09-30": "$272", "2017-06-30": "$215", "2017-03-31": "$240", "2016-12-31": "$-310", "2016-09-30": "$278", "2016-06-30": "$260", "2016-03-31": "$259", "2015-12-31": "$282", "2015-09-30": "$305", "2015-06-30": "$251", "2015-03-31": "$272", "2014-12-31": "$276", "2014-09-30": "$314", "2014-06-30": "$278", "2014-03-31": "$272", "2013-12-31": "$238", "2013-09-30": "$295", "2013-06-30": "$277", "2013-03-31": "$297", "2012-12-31": "$286", "2012-09-30": "$366", "2012-06-30": "$346", "2012-03-31": "$333", "2011-12-31": "$358", "2011-09-30": "$363", "2011-06-30": "$351", "2011-03-31": "$313", "2010-12-31": "$322", "2010-09-30": "$351", "2010-06-30": "$311", "2010-03-31": "$316", "2009-12-31": "$319", "2009-09-30": "$282", "2009-06-30": "$342", "2009-03-31": "$341", "2008-12-31": "$334", "2008-09-30": "$375", "2008-06-30": "$336", "2008-03-31": "$309", "2007-12-31": "$365", "2007-09-30": "$330", "2007-06-30": "$323", "2007-03-31": "$305", "2006-12-31": "$335", "2006-09-30": "$337", "2006-06-30": "$326", "2006-03-31": "$313", "2005-12-31": "", "2005-09-30": "$343"}}, "ebitda": {"Western Union Annual EBITDA (Millions of US $)": {"2019": "$1,192", "2018": "$1,387", "2017": "$1,203", "2016": "$750", "2015": "$1,380", "2014": "$1,412", "2013": "$1,370", "2012": "$1,576", "2011": "$1,578", "2010": "$1,476", "2009": "$1,437", "2008": "$1,499", "2007": "$1,446", "2006": "$1,415", "2005": "$1,349"}, "Western Union Quarterly EBITDA (Millions of US $)": {"2020-09-30": "$339", "2020-06-30": "$279", "2020-03-31": "$291", "2019-12-31": "$294", "2019-09-30": "$259", "2019-06-30": "$324", "2019-03-31": "$316", "2018-12-31": "$340", "2018-09-30": "$366", "2018-06-30": "$349", "2018-03-31": "$332", "2017-12-31": "$278", "2017-09-30": "$338", "2017-06-30": "$281", "2017-03-31": "$307", "2016-12-31": "$-245", "2016-09-30": "$345", "2016-06-30": "$326", "2016-03-31": "$324", "2015-12-31": "$351", "2015-09-30": "$379", "2015-06-30": "$314", "2015-03-31": "$336", "2014-12-31": "$346", "2014-09-30": "$381", "2014-06-30": "$347", "2014-03-31": "$339", "2013-12-31": "$303", "2013-09-30": "$364", "2013-06-30": "$343", "2013-03-31": "$360", "2012-12-31": "$348", "2012-09-30": "$427", "2012-06-30": "$405", "2012-03-31": "$396", "2011-12-31": "$414", "2011-09-30": "$409", "2011-06-30": "$397", "2011-03-31": "$358", "2010-12-31": "$368", "2010-09-30": "$396", "2010-06-30": "$355", "2010-03-31": "$358", "2009-12-31": "$361", "2009-09-30": "$320", "2009-06-30": "$379", "2009-03-31": "$377", "2008-12-31": "$371", "2008-09-30": "$413", "2008-06-30": "$373", "2008-03-31": "$342", "2007-12-31": "$396", "2007-09-30": "$361", "2007-06-30": "$354", "2007-03-31": "$335", "2006-12-31": "$364", "2006-09-30": "$363", "2006-06-30": "$351", "2006-03-31": "$337", "2005-12-31": "", "2005-09-30": "$343"}}, "net-income": {"Western Union Annual Net Income (Millions of US $)": {"2019": "$1,058", "2018": "$852", "2017": "$-557", "2016": "$253", "2015": "$838", "2014": "$852", "2013": "$798", "2012": "$1,026", "2011": "$1,165", "2010": "$910", "2009": "$849", "2008": "$919", "2007": "$857", "2006": "$914", "2005": "$927"}, "Western Union Quarterly Net Income (Millions of US $)": {"2020-09-30": "$229", "2020-06-30": "$162", "2020-03-31": "$177", "2019-12-31": "$135", "2019-09-30": "$135", "2019-06-30": "$615", "2019-03-31": "$173", "2018-12-31": "$212", "2018-09-30": "$209", "2018-06-30": "$218", "2018-03-31": "$214", "2017-12-31": "$-1,121", "2017-09-30": "$236", "2017-06-30": "$167", "2017-03-31": "$162", "2016-12-31": "$-355", "2016-09-30": "$217", "2016-06-30": "$206", "2016-03-31": "$186", "2015-12-31": "$212", "2015-09-30": "$232", "2015-06-30": "$189", "2015-03-31": "$204", "2014-12-31": "$222", "2014-09-30": "$234", "2014-06-30": "$194", "2014-03-31": "$203", "2013-12-31": "$173", "2013-09-30": "$214", "2013-06-30": "$199", "2013-03-31": "$212", "2012-12-31": "$238", "2012-09-30": "$270", "2012-06-30": "$271", "2012-03-31": "$247", "2011-12-31": "$452", "2011-09-30": "$240", "2011-06-30": "$263", "2011-03-31": "$210", "2010-12-31": "$243", "2010-09-30": "$238", "2010-06-30": "$221", "2010-03-31": "$208", "2009-12-31": "$224", "2009-09-30": "$181", "2009-06-30": "$220", "2009-03-31": "$224", "2008-12-31": "$240", "2008-09-30": "$241", "2008-06-30": "$232", "2008-03-31": "$207", "2007-12-31": "$243", "2007-09-30": "$216", "2007-06-30": "$205", "2007-03-31": "$193", "2006-12-31": "$217", "2006-09-30": "$258", "2006-06-30": "$219", "2006-03-31": "$220", "2005-12-31": "", "2005-09-30": "$242"}}, "eps-earnings-per-share-diluted": {"Western Union Annual EPS": {"2019": "$2.46", "2018": "$1.87", "2017": "$-1.19", "2016": "$0.51", "2015": "$1.62", "2014": "$1.59", "2013": "$1.43", "2012": "$1.69", "2011": "$1.84", "2010": "$1.36", "2009": "$1.21", "2008": "$1.24", "2007": "$1.11", "2006": "$1.19", "2005": "$1.21"}, "Western Union Quarterly EPS": {"2020-09-30": "$0.55", "2020-06-30": "$0.39", "2020-03-31": "$0.42", "2019-12-31": "$0.33", "2019-09-30": "$0.32", "2019-06-30": "$1.42", "2019-03-31": "$0.39", "2018-12-31": "$0.48", "2018-09-30": "$0.46", "2018-06-30": "$0.47", "2018-03-31": "$0.46", "2017-12-31": "$-2.38", "2017-09-30": "$0.51", "2017-06-30": "$0.35", "2017-03-31": "$0.33", "2016-12-31": "$-0.72", "2016-09-30": "$0.44", "2016-06-30": "$0.42", "2016-03-31": "$0.37", "2015-12-31": "$0.42", "2015-09-30": "$0.45", "2015-06-30": "$0.36", "2015-03-31": "$0.39", "2014-12-31": "$0.42", "2014-09-30": "$0.44", "2014-06-30": "$0.36", "2014-03-31": "$0.37", "2013-12-31": "$0.31", "2013-09-30": "$0.39", "2013-06-30": "$0.36", "2013-03-31": "$0.37", "2012-12-31": "$0.40", "2012-09-30": "$0.45", "2012-06-30": "$0.44", "2012-03-31": "$0.40", "2011-12-31": "$0.73", "2011-09-30": "$0.38", "2011-06-30": "$0.41", "2011-03-31": "$0.32", "2010-12-31": "$0.37", "2010-09-30": "$0.36", "2010-06-30": "$0.33", "2010-03-31": "$0.30", "2009-12-31": "$0.32", "2009-09-30": "$0.26", "2009-06-30": "$0.31", "2009-03-31": "$0.32", "2008-12-31": "$0.33", "2008-09-30": "$0.33", "2008-06-30": "$0.31", "2008-03-31": "$0.27", "2007-12-31": "$0.32", "2007-09-30": "$0.28", "2007-06-30": "$0.26", "2007-03-31": "$0.25", "2006-12-31": "$0.27", "2006-09-30": "$0.34", "2006-06-30": "$0.29", "2006-03-31": "$0.29", "2005-12-31": "$0.00", "2005-09-30": "$0.32"}}, "shares-outstanding": {"Western Union Annual Shares Outstanding (Millions of Shares)": {"2019": "431", "2018": "454", "2017": "468", "2016": "494", "2015": "517", "2014": "537", "2013": "560", "2012": "607", "2011": "634", "2010": "669", "2009": "701", "2008": "738", "2007": "773", "2006": "769", "2005": "764"}, "Western Union Quarterly Shares Outstanding (Millions of Shares)": {"2020-09-30": "415", "2020-06-30": "414", "2020-03-31": "418", "2019-12-31": "431", "2019-09-30": "427", "2019-06-30": "432", "2019-03-31": "440", "2018-12-31": "454", "2018-09-30": "449", "2018-06-30": "460", "2018-03-31": "464", "2017-12-31": "468", "2017-09-30": "465", "2017-06-30": "472", "2017-03-31": "483", "2016-12-31": "494", "2016-09-30": "490", "2016-06-30": "493", "2016-03-31": "503", "2015-12-31": "517", "2015-09-30": "513", "2015-06-30": "520", "2015-03-31": "525", "2014-12-31": "537", "2014-09-30": "531", "2014-06-30": "540", "2014-03-31": "549", "2013-12-31": "560", "2013-09-30": "556", "2013-06-30": "558", "2013-03-31": "570", "2012-12-31": "607", "2012-09-30": "604", "2012-06-30": "613", "2012-03-31": "622", "2011-12-31": "634", "2011-09-30": "627", "2011-06-30": "636", "2011-03-31": "652", "2010-12-31": "669", "2010-09-30": "661", "2010-06-30": "672", "2010-03-31": "684", "2009-12-31": "701", "2009-09-30": "702", "2009-06-30": "703", "2009-03-31": "708", "2008-12-31": "738", "2008-09-30": "737", "2008-06-30": "748", "2008-03-31": "757", "2007-12-31": "773", "2007-09-30": "767", "2007-06-30": "779", "2007-03-31": "783", "2006-12-31": "769", "2006-09-30": "764", "2006-06-30": "764", "2006-03-31": "764", "2005-12-31": "", "2005-09-30": "764"}}, "total-assets": {"Western Union Annual Total Assets (Millions of US $)": {"2019": "$8,759", "2018": "$8,997", "2017": "$9,231", "2016": "$9,420", "2015": "$9,449", "2014": "$9,890", "2013": "$10,121", "2012": "$9,466", "2011": "$9,070", "2010": "$7,929", "2009": "$7,353", "2008": "$5,578", "2007": "$5,784", "2006": "$5,321", "2005": "$4,592"}, "Western Union Quarterly Total Assets (Millions of US $)": {"2020-09-30": "$8,827", "2020-06-30": "$8,707", "2020-03-31": "$8,365", "2019-12-31": "$8,759", "2019-09-30": "$8,804", "2019-06-30": "$9,043", "2019-03-31": "$9,432", "2018-12-31": "$8,997", "2018-09-30": "$8,990", "2018-06-30": "$9,116", "2018-03-31": "$9,188", "2017-12-31": "$9,231", "2017-09-30": "$9,874", "2017-06-30": "$9,408", "2017-03-31": "$9,486", "2016-12-31": "$9,420", "2016-09-30": "$9,519", "2016-06-30": "$9,395", "2016-03-31": "$9,418", "2015-12-31": "$9,449", "2015-09-30": "$9,816", "2015-06-30": "$10,064", "2015-03-31": "$10,353", "2014-12-31": "$9,890", "2014-09-30": "$9,847", "2014-06-30": "$9,875", "2014-03-31": "$9,923", "2013-12-31": "$10,121", "2013-09-30": "$9,941", "2013-06-30": "$9,589", "2013-03-31": "$9,362", "2012-12-31": "$9,466", "2012-09-30": "$9,355", "2012-06-30": "$9,166", "2012-03-31": "$9,198", "2011-12-31": "$9,070", "2011-09-30": "$8,820", "2011-06-30": "$8,010", "2011-03-31": "$7,888", "2010-12-31": "$7,929", "2010-09-30": "$7,570", "2010-06-30": "$7,348", "2010-03-31": "$7,041", "2009-12-31": "$7,353", "2009-09-30": "$6,214", "2009-06-30": "$5,859", "2009-03-31": "$5,654", "2008-12-31": "$5,578", "2008-09-30": "$5,504", "2008-06-30": "$6,024", "2008-03-31": "$5,973", "2007-12-31": "$5,784", "2007-09-30": "$5,685", "2007-06-30": "$5,328", "2007-03-31": "$5,354", "2006-12-31": "$5,321", "2006-09-30": "$5,039", "2006-06-30": "$0", "2006-03-31": "$0", "2005-12-31": "$0", "2005-09-30": "$0"}}, "cash-on-hand": {"Western Union Annual Cash on Hand (Millions of US $)": {"2019": "$1,451", "2018": "$973", "2017": "$838", "2016": "$878", "2015": "$1,316", "2014": "$1,783", "2013": "$2,073", "2012": "$1,777", "2011": "$1,371", "2010": "$2,157", "2009": "$1,685", "2008": "$1,296", "2007": "$1,793", "2006": "$1,422", "2005": "$510"}, "Western Union Quarterly Cash on Hand (Millions of US $)": {"2020-09-30": "$1,251", "2020-06-30": "$1,182", "2020-03-31": "$1,073", "2019-12-31": "$1,451", "2019-09-30": "$1,391", "2019-06-30": "$1,210", "2019-03-31": "$833", "2018-12-31": "$973", "2018-09-30": "$768", "2018-06-30": "$938", "2018-03-31": "$934", "2017-12-31": "$838", "2017-09-30": "$1,035", "2017-06-30": "$1,059", "2017-03-31": "$1,323", "2016-12-31": "$878", "2016-09-30": "$1,281", "2016-06-30": "$1,163", "2016-03-31": "$1,160", "2015-12-31": "$1,316", "2015-09-30": "$1,414", "2015-06-30": "$1,631", "2015-03-31": "$1,755", "2014-12-31": "$1,783", "2014-09-30": "$1,667", "2014-06-30": "$1,605", "2014-03-31": "$1,694", "2013-12-31": "$2,073", "2013-09-30": "$1,743", "2013-06-30": "$1,395", "2013-03-31": "$1,417", "2012-12-31": "$1,777", "2012-09-30": "$1,433", "2012-06-30": "$1,404", "2012-03-31": "$1,396", "2011-12-31": "$1,371", "2011-09-30": "$2,671", "2011-06-30": "$2,090", "2011-03-31": "$2,216", "2010-12-31": "$2,157", "2010-09-30": "$1,997", "2010-06-30": "$1,747", "2010-03-31": "$1,530", "2009-12-31": "$1,685", "2009-09-30": "$1,625", "2009-06-30": "$1,782", "2009-03-31": "$1,510", "2008-12-31": "$1,296", "2008-09-30": "$1,130", "2008-06-30": "$1,875", "2008-03-31": "$1,895", "2007-12-31": "$1,793", "2007-09-30": "$1,669", "2007-06-30": "$1,488", "2007-03-31": "$1,561", "2006-12-31": "$1,422", "2006-09-30": "$1,328", "2006-06-30": "", "2006-03-31": "", "2005-12-31": "", "2005-09-30": ""}}, "long-term-debt": {"Western Union Annual Long Term Debt (Millions of US $)": {"2019": "$3,229", "2018": "$3,434", "2017": "$3,034", "2016": "$2,786", "2015": "$3,216", "2014": "$3,720", "2013": "$4,213", "2012": "$4,029", "2011": "$3,583", "2010": "$3,290", "2009": "$3,049", "2008": "$3,144", "2007": "$3,338", "2006": "$3,324", "2005": "$"}, "Western Union Quarterly Long Term Debt (Millions of US $)": {"2020-09-30": "$3,037", "2020-06-30": "$3,086", "2020-03-31": "$3,070", "2019-12-31": "$3,229", "2019-09-30": "$3,248", "2019-06-30": "$3,080", "2019-03-31": "$3,370", "2018-12-31": "$3,434", "2018-09-30": "$3,295", "2018-06-30": "$3,332", "2018-03-31": "$3,143", "2017-12-31": "$3,034", "2017-09-30": "$3,533", "2017-06-30": "$3,627", "2017-03-31": "$3,491", "2016-12-31": "$2,786", "2016-09-30": "$3,225", "2016-06-30": "$3,229", "2016-03-31": "$3,226", "2015-12-31": "$3,216", "2015-09-30": "$3,484", "2015-06-30": "$3,726", "2015-03-31": "$3,729", "2014-12-31": "$3,720", "2014-09-30": "$3,714", "2014-06-30": "$3,754", "2014-03-31": "$3,844", "2013-12-31": "$4,213", "2013-09-30": "$3,969", "2013-06-30": "$3,717", "2013-03-31": "$3,727", "2012-12-31": "$4,029", "2012-09-30": "$3,433", "2012-06-30": "$3,673", "2012-03-31": "$3,634", "2011-12-31": "$3,583", "2011-09-30": "$3,983", "2011-06-30": "$3,586", "2011-03-31": "$3,583", "2010-12-31": "$3,290", "2010-09-30": "$3,297", "2010-06-30": "$3,297", "2010-03-31": "$3,048", "2009-12-31": "$3,049", "2009-09-30": "$3,052", "2009-06-30": "$3,050", "2009-03-31": "$3,057", "2008-12-31": "$3,144", "2008-09-30": "$3,083", "2008-06-30": "$3,369", "2008-03-31": "$3,379", "2007-12-31": "$3,338", "2007-09-30": "$3,273", "2007-06-30": "$3,156", "2007-03-31": "$3,279", "2006-12-31": "$3,324", "2006-09-30": "$3,500", "2006-06-30": "", "2006-03-31": "", "2005-12-31": "", "2005-09-30": ""}}, "total-liabilities": {"Western Union Annual Total Liabilities (Millions of US $)": {"2019": "$8,798", "2018": "$9,307", "2017": "$9,723", "2016": "$8,517", "2015": "$8,044", "2014": "$8,590", "2013": "$9,017", "2012": "$8,525", "2011": "$8,175", "2010": "$7,347", "2009": "$7,000", "2008": "$5,586", "2007": "$5,734", "2006": "$5,636", "2005": "$1,780"}, "Western Union Quarterly Total Liabilities (Millions of US $)": {"2020-09-30": "$8,760", "2020-06-30": "$8,780", "2020-03-31": "$8,515", "2019-12-31": "$8,798", "2019-09-30": "$8,823", "2019-06-30": "$9,013", "2019-03-31": "$9,806", "2018-12-31": "$9,307", "2018-09-30": "$9,405", "2018-06-30": "$9,567", "2018-03-31": "$9,564", "2017-12-31": "$9,723", "2017-09-30": "$9,164", "2017-06-30": "$8,747", "2017-03-31": "$8,736", "2016-12-31": "$8,517", "2016-09-30": "$8,131", "2016-06-30": "$8,081", "2016-03-31": "$8,179", "2015-12-31": "$8,044", "2015-09-30": "$8,469", "2015-06-30": "$8,756", "2015-03-31": "$9,003", "2014-12-31": "$8,590", "2014-09-30": "$8,667", "2014-06-30": "$8,804", "2014-03-31": "$8,855", "2013-12-31": "$9,017", "2013-09-30": "$8,891", "2013-06-30": "$8,661", "2013-03-31": "$8,444", "2012-12-31": "$8,525", "2012-09-30": "$8,208", "2012-06-30": "$8,113", "2012-03-31": "$8,230", "2011-12-31": "$8,175", "2011-09-30": "$8,318", "2011-06-30": "$7,630", "2011-03-31": "$7,607", "2010-12-31": "$7,347", "2010-09-30": "$7,133", "2010-06-30": "$6,948", "2010-03-31": "$6,660", "2009-12-31": "$7,000", "2009-09-30": "$5,887", "2009-06-30": "$5,574", "2009-03-31": "$5,540", "2008-12-31": "$5,586", "2008-09-30": "$5,594", "2008-06-30": "$5,999", "2008-03-31": "$5,965", "2007-12-31": "$5,734", "2007-09-30": "$5,832", "2007-06-30": "$5,414", "2007-03-31": "$5,526", "2006-12-31": "$5,636", "2006-09-30": "$5,613", "2006-06-30": "", "2006-03-31": "", "2005-12-31": "", "2005-09-30": ""}}, "total-share-holder-equity": {"Western Union Annual Share Holder Equity (Millions of US $)": {"2019": "$-40", "2018": "$-310", "2017": "$-491", "2016": "$902", "2015": "$1,405", "2014": "$1,300", "2013": "$1,105", "2012": "$941", "2011": "$895", "2010": "$583", "2009": "$354", "2008": "$-8", "2007": "$51", "2006": "$-315", "2005": "$2,812"}, "Western Union Quarterly Share Holder Equity (Millions of US $)": {"2020-09-30": "$67", "2020-06-30": "$-73", "2020-03-31": "$-150", "2019-12-31": "$-40", "2019-09-30": "$-20", "2019-06-30": "$30", "2019-03-31": "$-374", "2018-12-31": "$-310", "2018-09-30": "$-415", "2018-06-30": "$-451", "2018-03-31": "$-376", "2017-12-31": "$-491", "2017-09-30": "$709", "2017-06-30": "$661", "2017-03-31": "$750", "2016-12-31": "$902", "2016-09-30": "$1,388", "2016-06-30": "$1,314", "2016-03-31": "$1,239", "2015-12-31": "$1,405", "2015-09-30": "$1,347", "2015-06-30": "$1,307", "2015-03-31": "$1,350", "2014-12-31": "$1,300", "2014-09-30": "$1,180", "2014-06-30": "$1,070", "2014-03-31": "$1,068", "2013-12-31": "$1,105", "2013-09-30": "$1,050", "2013-06-30": "$929", "2013-03-31": "$918", "2012-12-31": "$941", "2012-09-30": "$1,147", "2012-06-30": "$1,053", "2012-03-31": "$967", "2011-12-31": "$895", "2011-09-30": "$502", "2011-06-30": "$379", "2011-03-31": "$280", "2010-12-31": "$583", "2010-09-30": "$438", "2010-06-30": "$400", "2010-03-31": "$381", "2009-12-31": "$354", "2009-09-30": "$328", "2009-06-30": "$286", "2009-03-31": "$114", "2008-12-31": "$-8", "2008-09-30": "$-90", "2008-06-30": "$26", "2008-03-31": "$7", "2007-12-31": "$51", "2007-09-30": "$-146", "2007-06-30": "$-86", "2007-03-31": "$-172", "2006-12-31": "$-315", "2006-09-30": "$-575", "2006-06-30": "", "2006-03-31": "", "2005-12-31": "", "2005-09-30": ""}}, "profit-margins": {"current": "14.42%"}, "gross margin": {"2020-09-30": "42.02%", "2020-06-30": "41.63%", "2020-03-31": "41.97%", "2019-12-31": "41.66%", "2019-09-30": "41.25%", "2019-06-30": "41.31%", "2019-03-31": "41.12%", "2018-12-31": "40.95%", "2018-09-30": "40.69%", "2018-06-30": "40.37%", "2018-03-31": "39.80%", "2017-12-31": "39.32%", "2017-09-30": "39.08%", "2017-06-30": "39.11%", "2017-03-31": "39.44%", "2016-12-31": "39.75%", "2016-09-30": "40.43%", "2016-06-30": "40.77%", "2016-03-31": "41.26%", "2015-12-31": "41.65%", "2015-09-30": "41.59%", "2015-06-30": "41.59%", "2015-03-31": "41.32%", "2014-12-31": "41.19%", "2014-09-30": "41.07%", "2014-06-30": "41.14%", "2014-03-31": "41.22%", "2013-12-31": "41.63%", "2013-09-30": "42.16%", "2013-06-30": "42.68%", "2013-03-31": "43.34%", "2012-12-31": "43.60%", "2012-09-30": "44.12%", "2012-06-30": "43.96%", "2012-03-31": "43.96%", "2011-12-31": "43.53%", "2011-09-30": "42.92%", "2011-06-30": "42.93%", "2011-03-31": "42.63%", "2010-12-31": "42.65%", "2010-09-30": "42.56%", "2010-06-30": "42.60%", "2010-03-31": "42.91%", "2009-12-31": "43.46%", "2009-09-30": "43.47%", "2009-06-30": "43.33%", "2009-03-31": "42.44%", "2008-12-31": "41.44%", "2008-09-30": "41.57%", "2008-06-30": "41.44%", "2008-03-31": "41.97%", "2007-12-31": "42.67%", "2007-09-30": "43.18%", "2007-06-30": "43.81%", "2007-03-31": "44.73%", "2006-12-31": "45.62%", "2006-06-30": "47.04%"}, "operating margin": {"2020-09-30": "19.85%", "2020-06-30": "17.87%", "2020-03-31": "17.80%", "2019-12-31": "17.65%", "2019-09-30": "18.15%", "2019-06-30": "19.82%", "2019-03-31": "20.03%", "2018-12-31": "20.09%", "2018-09-30": "10.66%", "2018-06-30": "10.08%", "2018-03-31": "8.91%", "2017-12-31": "8.60%", "2017-09-30": "7.64%", "2017-06-30": "7.79%", "2017-03-31": "8.62%", "2016-12-31": "8.98%", "2016-09-30": "19.86%", "2016-06-30": "20.28%", "2016-03-31": "20.09%", "2015-12-31": "20.24%", "2015-09-30": "20.02%", "2015-06-30": "20.03%", "2015-03-31": "20.44%", "2014-12-31": "20.33%", "2014-09-30": "19.61%", "2014-06-30": "19.38%", "2014-03-31": "19.43%", "2013-12-31": "19.97%", "2013-09-30": "20.83%", "2013-06-30": "22.06%", "2013-03-31": "23.14%", "2012-12-31": "23.50%", "2012-09-30": "24.74%", "2012-06-30": "24.73%", "2012-03-31": "25.08%", "2011-12-31": "25.22%", "2011-09-30": "24.90%", "2011-06-30": "25.06%", "2011-03-31": "24.74%", "2010-12-31": "25.03%", "2010-09-30": "25.18%", "2010-06-30": "23.92%", "2010-03-31": "24.61%", "2009-12-31": "25.26%", "2009-09-30": "25.67%", "2009-06-30": "27.17%", "2009-03-31": "26.57%", "2008-12-31": "25.63%", "2008-09-30": "26.14%", "2008-06-30": "25.87%", "2008-03-31": "26.36%", "2007-12-31": "27.00%", "2007-09-30": "27.14%", "2007-06-30": "27.98%", "2007-03-31": "28.59%", "2006-12-31": "29.33%", "2006-06-30": "30.92%"}, "ebitda margin": {"2020-09-30": "24.69%", "2020-06-30": "22.83%", "2020-03-31": "22.70%", "2019-12-31": "22.54%", "2019-09-30": "23.00%", "2019-06-30": "24.62%", "2019-03-31": "24.76%", "2018-12-31": "24.81%", "2018-09-30": "23.55%", "2018-06-30": "22.98%", "2018-03-31": "21.90%", "2017-12-31": "21.80%", "2017-09-30": "12.48%", "2017-06-30": "12.67%", "2017-03-31": "13.50%", "2016-12-31": "13.83%", "2016-09-30": "24.78%", "2016-06-30": "25.31%", "2016-03-31": "25.05%", "2015-12-31": "25.16%", "2015-09-30": "24.94%", "2015-06-30": "24.78%", "2015-03-31": "25.28%", "2014-12-31": "25.20%", "2014-09-30": "24.38%", "2014-06-30": "24.21%", "2014-03-31": "24.23%", "2013-12-31": "24.72%", "2013-09-30": "25.52%", "2013-06-30": "26.59%", "2013-03-31": "27.51%", "2012-12-31": "27.82%", "2012-09-30": "28.95%", "2012-06-30": "28.69%", "2012-03-31": "28.85%", "2011-12-31": "28.74%", "2011-09-30": "28.28%", "2011-06-30": "28.47%", "2011-03-31": "28.17%", "2010-12-31": "28.44%", "2010-09-30": "28.54%", "2010-06-30": "27.15%", "2010-03-31": "27.72%", "2009-12-31": "28.27%", "2009-09-30": "28.59%", "2009-06-30": "30.05%", "2009-03-31": "29.40%", "2008-12-31": "28.38%", "2008-09-30": "28.76%", "2008-06-30": "28.42%", "2008-03-31": "28.86%", "2007-12-31": "29.51%", "2007-09-30": "29.68%", "2007-06-30": "30.47%", "2007-03-31": "31.00%", "2006-12-31": "31.66%", "2006-06-30": "32.46%"}, "pre tax profit margin": {"2020-09-30": "17.53%", "2020-06-30": "15.35%", "2020-03-31": "25.42%", "2019-12-31": "24.98%", "2019-09-30": "25.23%", "2019-06-30": "26.76%", "2019-03-31": "17.57%", "2018-12-31": "17.75%", "2018-09-30": "8.32%", "2018-06-30": "7.81%", "2018-03-31": "6.58%", "2017-12-31": "6.28%", "2017-09-30": "5.46%", "2017-06-30": "5.51%", "2017-03-31": "6.23%", "2016-12-31": "6.32%", "2016-09-30": "16.90%", "2016-06-30": "17.29%", "2016-03-31": "16.97%", "2015-12-31": "17.18%", "2015-09-30": "17.07%", "2015-06-30": "17.08%", "2015-03-31": "17.46%", "2014-12-31": "17.26%", "2014-09-30": "16.46%", "2014-06-30": "16.18%", "2014-03-31": "16.24%", "2013-12-31": "16.73%", "2013-09-30": "17.66%", "2013-06-30": "18.91%", "2013-03-31": "20.17%", "2012-12-31": "20.64%", "2012-09-30": "22.52%", "2012-06-30": "22.39%", "2012-03-31": "23.03%", "2011-12-31": "23.22%", "2011-09-30": "22.34%", "2011-06-30": "22.58%", "2011-03-31": "21.82%", "2010-12-31": "22.05%", "2010-09-30": "22.16%", "2010-06-30": "21.02%", "2010-03-31": "21.56%", "2009-12-31": "22.27%", "2009-09-30": "22.78%", "2009-06-30": "24.18%", "2009-03-31": "23.98%", "2008-12-31": "23.46%", "2008-09-30": "23.95%", "2008-06-30": "24.00%", "2008-03-31": "24.49%", "2007-12-31": "24.94%", "2007-09-30": "25.06%", "2007-06-30": "27.26%", "2007-03-31": "28.37%", "2006-12-31": "29.89%", "2006-06-30": "31.49%"}, "net profit margin": {"2020-09-30": "14.43%", "2020-06-30": "12.38%", "2020-03-31": "20.64%", "2019-12-31": "19.99%", "2019-09-30": "21.07%", "2019-06-30": "22.11%", "2019-03-31": "14.66%", "2018-12-31": "15.26%", "2018-09-30": "-8.53%", "2018-06-30": "-8.03%", "2018-03-31": "-8.98%", "2017-12-31": "-10.07%", "2017-09-30": "3.85%", "2017-06-30": "3.52%", "2017-03-31": "4.24%", "2016-12-31": "4.68%", "2016-09-30": "15.11%", "2016-06-30": "15.33%", "2016-03-31": "15.00%", "2015-12-31": "15.26%", "2015-09-30": "15.36%", "2015-06-30": "15.28%", "2015-03-31": "15.31%", "2014-12-31": "15.21%", "2014-09-30": "14.31%", "2014-06-30": "14.03%", "2014-03-31": "14.17%", "2013-12-31": "14.40%", "2013-09-30": "15.56%", "2013-06-30": "16.53%", "2013-03-31": "17.71%", "2012-12-31": "18.11%", "2012-09-30": "21.87%", "2012-06-30": "21.38%", "2012-03-31": "21.46%", "2011-12-31": "21.22%", "2011-09-30": "17.65%", "2011-06-30": "17.88%", "2011-03-31": "17.39%", "2010-12-31": "17.52%", "2010-09-30": "17.30%", "2010-06-30": "16.24%", "2010-03-31": "16.29%", "2009-12-31": "16.70%", "2009-09-30": "17.09%", "2009-06-30": "18.05%", "2009-03-31": "17.96%", "2008-12-31": "17.42%", "2008-09-30": "17.42%", "2008-06-30": "17.34%", "2008-03-31": "17.30%", "2007-12-31": "17.49%", "2007-09-30": "17.44%", "2007-06-30": "18.79%", "2007-03-31": "19.46%", "2006-12-31": "20.45%", "2006-06-30": "21.44%"}, "pe ratio": {"current": "12.98", "2021-02-11": "14.02", "2020-09-30": "12.63", "2020-06-30": "14.62", "2020-03-31": "7.09", "2019-12-31": "10.49", "2019-09-30": "8.46", "2019-06-30": "6.84", "2019-03-31": "9.60", "2018-12-31": "8.44", "2018-09-30": "0.00", "2018-06-30": "0.00", "2018-03-31": "0.00", "2017-12-31": "0.00", "2017-09-30": "36.82", "2017-06-30": "42.69", "2017-03-31": "38.32", "2016-12-31": "37.30", "2016-09-30": "10.75", "2016-06-30": "9.77", "2016-03-31": "10.11", "2015-12-31": "9.19", "2015-09-30": "9.34", "2015-06-30": "10.32", "2015-03-31": "10.49", "2014-12-31": "9.07", "2014-09-30": "8.66", "2014-06-30": "9.62", "2014-03-31": "9.00", "2013-12-31": "9.42", "2013-09-30": "9.52", "2013-06-30": "8.34", "2013-03-31": "6.92", "2012-12-31": "6.10", "2012-09-30": "6.77", "2012-06-30": "6.45", "2012-03-31": "6.80", "2011-12-31": "7.32", "2011-09-30": "7.59", "2011-06-30": "10.02", "2011-03-31": "10.95", "2010-12-31": "9.90", "2010-09-30": "9.74", "2010-06-30": "8.87", "2010-03-31": "10.22", "2009-12-31": "11.13", "2009-09-30": "10.96", "2009-06-30": "8.99", "2009-03-31": "6.89", "2008-12-31": "8.17", "2008-09-30": "14.25", "2008-06-30": "14.88", "2008-03-31": "13.37", "2007-12-31": "15.54", "2007-09-30": "13.90"}, "price sales": {"2021-02-11": "2.03", "2020-09-30": "1.83", "2020-06-30": "1.82", "2020-03-31": "1.46", "2019-12-31": "2.10", "2019-09-30": "1.80", "2019-06-30": "1.53", "2019-03-31": "1.41", "2018-12-31": "1.29", "2018-09-30": "1.43", "2018-06-30": "1.52", "2018-03-31": "1.44", "2017-12-31": "1.45", "2017-09-30": "1.48", "2017-06-30": "1.49", "2017-03-31": "1.59", "2016-12-31": "1.70", "2016-09-30": "1.64", "2016-06-30": "1.51", "2016-03-31": "1.52", "2015-12-31": "1.41", "2015-09-30": "1.44", "2015-06-30": "1.58", "2015-03-31": "1.61", "2014-12-31": "1.39", "2014-09-30": "1.24", "2014-06-30": "1.36", "2014-03-31": "1.29", "2013-12-31": "1.36", "2013-09-30": "1.49", "2013-06-30": "1.39", "2013-03-31": "1.23", "2012-12-31": "1.11", "2012-09-30": "1.49", "2012-06-30": "1.39", "2012-03-31": "1.47", "2011-12-31": "1.56", "2011-09-30": "1.34", "2011-06-30": "1.79", "2011-03-31": "1.91", "2010-12-31": "1.74", "2010-09-30": "1.68", "2010-06-30": "1.44", "2010-03-31": "1.66", "2009-12-31": "1.86", "2009-09-30": "1.90", "2009-06-30": "1.65", "2009-03-31": "1.26", "2008-12-31": "1.44", "2008-09-30": "2.49", "2008-06-30": "2.58", "2008-03-31": "2.31", "2007-12-31": "2.73", "2007-09-30": "2.42"}, "price book": {"current": "143.19", "2021-02-11": "144.27", "2020-09-30": "129.95", "2020-06-30": "-118.68", "2020-03-31": "-48.30", "2019-12-31": "-272.09", "2019-09-30": "-470.87", "2019-06-30": "265.11", "2019-03-31": "-19.99", "2018-12-31": "-22.49", "2018-09-30": "-18.65", "2018-06-30": "-18.33", "2018-03-31": "-21.18", "2017-12-31": "-15.80", "2017-09-30": "10.97", "2017-06-30": "11.69", "2017-03-31": "11.09", "2016-12-31": "9.95", "2016-09-30": "6.20", "2016-06-30": "6.02", "2016-03-31": "6.42", "2015-12-31": "5.32", "2015-09-30": "5.68", "2015-06-30": "6.51", "2015-03-31": "6.47", "2014-12-31": "5.78", "2014-09-30": "5.69", "2014-06-30": "6.82", "2014-03-31": "6.50", "2013-12-31": "6.69", "2013-09-30": "7.60", "2013-06-30": "7.83", "2013-03-31": "7.01", "2012-12-31": "6.27", "2012-09-30": "7.14", "2012-06-30": "7.22", "2012-03-31": "8.29", "2011-12-31": "9.33", "2011-09-30": "13.85", "2011-06-30": "24.22", "2011-03-31": "34.14", "2010-12-31": "15.11", "2010-09-30": "19.13", "2010-06-30": "17.77", "2010-03-31": "21.56", "2009-12-31": "26.16", "2009-09-30": "28.60", "2009-06-30": "28.69", "2009-03-31": "55.15", "2008-12-31": "-896.20", "2008-09-30": "-139.32", "2008-06-30": "504.65", "2008-03-31": "1511.08", "2007-12-31": "255.16", "2007-09-30": "-76.19", "2007-06-30": "-132.73", "2007-03-31": "-69.43", "2006-12-31": "-38.95"}, "price fcf": {"2021-02-11": "", "2020-09-30": "$1.81", "2020-06-30": "$1.87", "2020-03-31": "$1.68", "2019-12-31": "$1.93", "2019-09-30": "$1.95", "2019-06-30": "$1.71", "2019-03-31": "$1.66", "2018-12-31": "$1.39", "2018-09-30": "$1.47", "2018-06-30": "$2.03", "2018-03-31": "$1.46", "2017-12-31": "$1.37", "2017-09-30": "$1.12", "2017-06-30": "$0.81", "2017-03-31": "$1.63", "2016-12-31": "$1.86", "2016-09-30": "$1.91", "2016-06-30": "$1.88", "2016-03-31": "$1.81", "2015-12-31": "$1.79", "2015-09-30": "$1.82", "2015-06-30": "$1.82", "2015-03-31": "$1.80", "2014-12-31": "$1.75", "2014-09-30": "$1.75", "2014-06-30": "$1.72", "2014-03-31": "$1.66", "2013-12-31": "$1.73", "2013-09-30": "$1.77", "2013-06-30": "$1.88", "2013-03-31": "$1.85", "2012-12-31": "$1.80", "2012-09-30": "$1.73", "2012-06-30": "$1.66", "2012-03-31": "$1.70", "2011-12-31": "$1.75", "2011-09-30": "$1.72", "2011-06-30": "$1.68", "2011-03-31": "$1.64", "2010-12-31": "$1.37", "2010-09-30": "$1.32", "2010-06-30": "$1.26", "2010-03-31": "$1.24", "2009-12-31": "$1.64", "2009-09-30": "$1.72", "2009-06-30": "$1.72", "2009-03-31": "$1.69", "2008-12-31": "$1.60", "2008-09-30": "$1.42", "2008-06-30": "$1.43", "2008-03-31": "$1.36", "2007-12-31": "$1.28", "2007-09-30": "$2.38"}, "net worth": {"value": "$9.61B"}, "current ratio": {"current": "0.97", "2020-09-30": "0.97", "2020-06-30": "0.94", "2020-03-31": "0.91", "2019-12-31": "0.97", "2019-09-30": "0.96", "2019-06-30": "0.94", "2019-03-31": "0.86", "2018-12-31": "0.88", "2018-09-30": "0.84", "2018-06-30": "0.86", "2018-03-31": "0.84", "2017-12-31": "0.82", "2017-09-30": "1.00", "2017-06-30": "1.03", "2017-03-31": "0.99", "2016-12-31": "0.88", "2016-09-30": "1.12", "2016-06-30": "1.11", "2016-03-31": "1.09", "2015-12-31": "1.12", "2015-09-30": "1.14", "2015-06-30": "1.20", "2015-03-31": "1.23", "2014-12-31": "1.25", "2014-09-30": "1.20", "2014-06-30": "1.20", "2014-03-31": "1.21", "2013-12-31": "1.30", "2013-09-30": "1.23", "2013-06-30": "1.15", "2013-03-31": "1.16", "2012-12-31": "1.26", "2012-09-30": "1.15", "2012-06-30": "1.19", "2012-03-31": "1.16", "2011-12-31": "1.14", "2011-09-30": "1.43", "2011-06-30": "1.34", "2011-03-31": "1.37", "2010-12-31": "1.37", "2010-09-30": "1.32", "2010-06-30": "1.31", "2010-03-31": "1.24", "2009-12-31": "1.20", "2009-09-30": "1.26", "2009-06-30": "1.47", "2009-03-31": "1.33", "2008-12-31": "1.27", "2008-09-30": "1.15", "2008-06-30": "1.54", "2008-03-31": "1.56", "2007-12-31": "1.60", "2007-09-30": "1.49", "2007-06-30": "1.53", "2007-03-31": "1.54", "2006-12-31": "1.47", "2006-09-30": "1.56", "2006-06-30": "0.00", "2006-03-31": "0.00", "2005-12-31": "0.00", "2005-09-30": "0.00"}, "quick ratio": {"2020-09-30": "0.00", "2020-06-30": "0.00", "2020-03-31": "0.00", "2019-12-31": "0.00", "2019-09-30": "0.00", "2019-06-30": "0.00", "2019-03-31": "0.00", "2018-12-31": "0.00", "2018-09-30": "0.00", "2018-06-30": "0.00", "2018-03-31": "0.00", "2017-12-31": "0.00", "2017-09-30": "0.00", "2017-06-30": "0.00", "2017-03-31": "0.00", "2016-12-31": "0.00", "2016-09-30": "0.00", "2016-06-30": "0.00", "2016-03-31": "0.00", "2015-12-31": "0.00", "2015-09-30": "0.00", "2015-06-30": "0.00", "2015-03-31": "0.00", "2014-12-31": "0.00", "2014-09-30": "0.00", "2014-06-30": "0.00", "2014-03-31": "0.00", "2013-12-31": "0.00", "2013-09-30": "0.00", "2013-06-30": "0.00", "2013-03-31": "0.00", "2012-12-31": "0.00", "2012-09-30": "0.00", "2012-06-30": "0.00", "2012-03-31": "0.00", "2011-12-31": "0.00", "2011-09-30": "0.00", "2011-06-30": "0.00", "2011-03-31": "0.00", "2010-12-31": "0.00", "2010-09-30": "0.00", "2010-06-30": "0.00", "2010-03-31": "0.00", "2009-12-31": "0.00", "2009-09-30": "0.00", "2009-06-30": "0.00", "2009-03-31": "0.00", "2008-12-31": "0.00", "2008-09-30": "0.00", "2008-06-30": "0.00", "2008-03-31": "0.00", "2007-12-31": "0.00", "2007-09-30": "0.00", "2007-06-30": "0.00", "2007-03-31": "0.00", "2006-12-31": "0.00", "2006-09-30": "0.00", "2006-06-30": "0.00", "2006-03-31": "0.00", "2005-12-31": "0.00", "2005-09-30": "0.00"}, "debt equity ratio": {"current": "45.25", "2020-09-30": "130.55", "2020-06-30": "-119.62", "2020-03-31": "-56.88", "2019-12-31": "-222.73", "2019-09-30": "-447.89", "2019-06-30": "298.45", "2019-03-31": "-26.21", "2018-12-31": "-30.04", "2018-09-30": "-22.65", "2018-06-30": "-21.20", "2018-03-31": "-25.45", "2017-12-31": "-19.79", "2017-09-30": "12.92", "2017-06-30": "13.23", "2017-03-31": "11.64", "2016-12-31": "9.44", "2016-09-30": "5.86", "2016-06-30": "6.15", "2016-03-31": "6.60", "2015-12-31": "5.73", "2015-09-30": "6.29", "2015-06-30": "6.70", "2015-03-31": "6.67", "2014-12-31": "6.61", "2014-09-30": "7.35", "2014-06-30": "8.23", "2014-03-31": "8.29", "2013-12-31": "8.16", "2013-09-30": "8.47", "2013-06-30": "9.33", "2013-03-31": "9.20", "2012-12-31": "9.06", "2012-09-30": "7.16", "2012-06-30": "7.71", "2012-03-31": "8.51", "2011-12-31": "9.14", "2011-09-30": "16.57", "2011-06-30": "20.13", "2011-03-31": "27.14", "2010-12-31": "12.61", "2010-09-30": "16.29", "2010-06-30": "17.38", "2010-03-31": "17.50", "2009-12-31": "19.80", "2009-09-30": "17.97", "2009-06-30": "19.52", "2009-03-31": "48.64", "2008-12-31": "-689.68", "2008-09-30": "-62.02", "2008-06-30": "235.25", "2008-03-31": "806.14", "2007-12-31": "113.09", "2007-09-30": "-39.83", "2007-06-30": "-62.95", "2007-03-31": "-32.06", "2006-12-31": "-17.90", "2006-09-30": "-9.77", "2006-06-30": "0.00", "2006-03-31": "0.00", "2005-12-31": "0.00", "2005-09-30": "0.00"}, "return on equity": {"2020-09-30": "-1434.69%", "2020-06-30": "-860.78%", "2020-03-31": "-2360.00%", "2019-12-31": "-1047.52%", "2019-09-30": "-673.59%", "2019-06-30": "-452.39%", "2019-03-31": "-209.55%", "2018-12-31": "-219.85%", "2018-09-30": "110.79%", "2018-06-30": "297.54%", "2018-03-31": "-400.80%", "2017-12-31": "-136.53%", "2017-09-30": "27.80%", "2017-06-30": "20.64%", "2017-03-31": "21.13%", "2016-12-31": "20.98%", "2016-09-30": "61.43%", "2016-06-30": "63.03%", "2016-03-31": "61.83%", "2015-12-31": "61.90%", "2015-09-30": "63.88%", "2015-06-30": "66.11%", "2015-03-31": "69.71%", "2014-12-31": "73.88%", "2014-09-30": "72.71%", "2014-06-30": "73.05%", "2014-03-31": "76.01%", "2013-12-31": "79.76%", "2013-09-30": "89.94%", "2013-06-30": "93.42%", "2013-03-31": "97.66%", "2012-12-31": "99.90%", "2012-09-30": "122.11%", "2012-06-30": "141.64%", "2012-03-31": "175.28%", "2011-12-31": "226.65%", "2011-09-30": "219.27%", "2011-06-30": "227.14%", "2011-03-31": "214.46%", "2010-12-31": "202.00%", "2010-09-30": "226.57%", "2010-06-30": "228.02%", "2010-03-31": "247.00%", "2009-12-31": "313.86%", "2009-09-30": "480.56%", "2009-06-30": "1225.17%", "2009-03-31": "8923.81%", "2008-12-31": "-5661.54%", "2008-09-30": "-61533.33%", "2008-06-30": "-5793.55%", "2008-03-31": "-2002.30%", "2007-12-31": "-971.10%", "2007-09-30": "-462.31%", "2007-06-30": "-304.18%", "2007-03-31": "-334.09%", "2006-12-31": "-410.79%", "2006-06-30": "inf%"}, "return on assets": {"2020-09-30": "8.11%", "2020-06-30": "7.03%", "2020-03-31": "12.15%", "2019-12-31": "11.74%", "2019-09-30": "12.52%", "2019-06-30": "13.26%", "2019-03-31": "8.89%", "2018-12-31": "9.40%", "2018-09-30": "-5.26%", "2018-06-30": "-4.84%", "2018-03-31": "-5.35%", "2017-12-31": "-5.85%", "2017-09-30": "2.20%", "2017-06-30": "2.02%", "2017-03-31": "2.43%", "2016-12-31": "2.69%", "2016-09-30": "8.69%", "2016-06-30": "8.78%", "2016-03-31": "8.45%", "2015-12-31": "8.44%", "2015-09-30": "8.44%", "2015-06-30": "8.46%", "2015-03-31": "8.55%", "2014-12-31": "8.63%", "2014-09-30": "8.09%", "2014-06-30": "7.87%", "2014-03-31": "7.97%", "2013-12-31": "8.18%", "2013-09-30": "9.00%", "2013-06-30": "9.73%", "2013-03-31": "10.61%", "2012-12-31": "11.04%", "2012-09-30": "13.48%", "2012-06-30": "13.35%", "2012-03-31": "13.70%", "2011-12-31": "13.79%", "2011-09-30": "11.71%", "2011-06-30": "12.15%", "2011-03-31": "11.87%", "2010-12-31": "12.18%", "2010-09-30": "12.16%", "2010-06-30": "11.93%", "2010-03-31": "12.59%", "2009-12-31": "13.54%", "2009-09-30": "14.85%", "2009-06-30": "16.38%", "2009-03-31": "16.47%", "2008-12-31": "15.95%", "2008-09-30": "15.86%", "2008-06-30": "15.31%", "2008-03-31": "15.30%", "2007-12-31": "15.48%", "2007-09-30": "15.33%", "2007-06-30": "16.60%", "2007-03-31": "22.58%", "2006-12-31": "35.29%", "2006-06-30": "inf%"}, "return on investments": {"2020-09-30": "31.64%", "2020-06-30": "28.47%", "2020-03-31": "29.43%", "2019-12-31": "29.83%", "2019-09-30": "31.40%", "2019-06-30": "35.81%", "2019-03-31": "37.34%", "2018-12-31": "38.55%", "2018-09-30": "21.68%", "2018-06-30": "18.30%", "2018-03-31": "14.45%", "2017-12-31": "12.41%", "2017-09-30": "10.13%", "2017-06-30": "10.05%", "2017-03-31": "10.96%", "2016-12-31": "11.25%", "2016-09-30": "23.66%", "2016-06-30": "23.97%", "2016-03-31": "23.16%", "2015-12-31": "22.69%", "2015-09-30": "22.12%", "2015-06-30": "22.23%", "2015-03-31": "23.01%", "2014-12-31": "23.20%", "2014-09-30": "22.10%", "2014-06-30": "21.58%", "2014-03-31": "21.75%", "2013-12-31": "22.56%", "2013-09-30": "23.96%", "2013-06-30": "26.03%", "2013-03-31": "27.38%", "2012-12-31": "28.20%", "2012-09-30": "30.52%", "2012-06-30": "30.62%", "2012-03-31": "32.06%", "2011-12-31": "32.99%", "2011-09-30": "33.34%", "2011-06-30": "34.65%", "2011-03-31": "34.21%", "2010-12-31": "35.30%", "2010-09-30": "36.38%", "2010-06-30": "35.32%", "2010-03-31": "37.18%", "2009-12-31": "38.65%", "2009-09-30": "39.90%", "2009-06-30": "44.08%", "2009-03-31": "43.68%", "2008-12-31": "41.96%", "2008-09-30": "42.09%", "2008-06-30": "40.31%", "2008-03-31": "40.92%", "2007-12-31": "41.70%", "2007-09-30": "42.01%", "2007-06-30": "42.94%", "2007-03-31": "57.65%", "2006-12-31": "88.37%", "2006-06-30": "inf%"}, "return on tangible equity": {"2020-09-30": "-22.74%", "2020-06-30": "-19.46%", "2020-03-31": "-34.05%", "2019-12-31": "-33.12%", "2019-09-30": "-34.11%", "2019-06-30": "-34.65%", "2019-03-31": "-22.24%", "2018-12-31": "-23.10%", "2018-09-30": "12.85%", "2018-06-30": "12.71%", "2018-03-31": "14.77%", "2017-12-31": "17.06%", "2017-09-30": "-6.91%", "2017-06-30": "-6.60%", "2017-03-31": "-8.36%", "2016-12-31": "-9.62%", "2016-09-30": "-32.51%", "2016-06-30": "-32.80%", "2016-03-31": "-31.89%", "2015-12-31": "-32.69%", "2015-09-30": "-32.59%", "2015-06-30": "-32.05%", "2015-03-31": "-31.44%", "2014-12-31": "-30.43%", "2014-09-30": "-27.98%", "2014-06-30": "-26.73%", "2014-03-31": "-26.35%", "2013-12-31": "-26.24%", "2013-09-30": "-27.88%", "2013-06-30": "-29.95%", "2013-03-31": "-32.73%", "2012-12-31": "-34.01%", "2012-09-30": "-40.99%", "2012-06-30": "-42.00%", "2012-03-31": "-43.81%", "2011-12-31": "-45.70%", "2011-09-30": "-42.24%", "2011-06-30": "-42.82%", "2011-03-31": "-41.90%", "2010-12-31": "-42.04%", "2010-09-30": "-39.91%", "2010-06-30": "-36.72%", "2010-03-31": "-37.76%", "2009-12-31": "-38.97%", "2009-09-30": "-40.86%", "2009-06-30": "-44.92%", "2009-03-31": "-45.53%", "2008-12-31": "-45.71%", "2008-09-30": "-46.49%", "2008-06-30": "-45.23%", "2008-03-31": "-43.59%", "2007-12-31": "-42.15%", "2007-09-30": "-39.29%", "2007-06-30": "-39.67%", "2007-03-31": "-52.28%", "2006-12-31": "-78.00%", "2006-06-30": "inf%"}, "dividend yield history": {"last payout": "$0.90", "last yield": "3.85%"}}