{"ticker": "WY", "price": {"title": "Weyerhaeuser Historical Annual Stock Price Data", "value": 34.25, "historical": {"2021": {"Average Stock Price": "33.2296", "Year Open": "32.8100", "Year High": "35.1600", "Year Low": "31.1900", "Year Close": "34.2500", "Annual % Change": "2.15%"}, "2020": {"Average Stock Price": "26.0400", "Year Open": "29.3900", "Year High": "34.4600", "Year Low": "13.4700", "Year Close": "33.5300", "Annual % Change": "11.03%"}, "2019": {"Average Stock Price": "26.4488", "Year Open": "21.5300", "Year High": "30.2000", "Year Low": "21.5300", "Year Close": "30.2000", "Annual % Change": "38.15%"}, "2018": {"Average Stock Price": "33.2970", "Year Open": "35.3000", "Year High": "38.3600", "Year Low": "21.1000", "Year Close": "21.8600", "Annual % Change": "-38.00%"}, "2017": {"Average Stock Price": "33.6065", "Year Open": "30.3600", "Year High": "36.5500", "Year Low": "30.2100", "Year Close": "35.2600", "Annual % Change": "17.18%"}, "2016": {"Average Stock Price": "30.0083", "Year Open": "29.8300", "Year High": "33.1200", "Year Low": "22.2200", "Year Close": "30.0900", "Annual % Change": "0.37%"}, "2015": {"Average Stock Price": "31.6663", "Year Open": "36.1100", "Year High": "36.6900", "Year Low": "26.8700", "Year Close": "29.9800", "Annual % Change": "-16.47%"}, "2014": {"Average Stock Price": "31.8869", "Year Open": "31.2700", "Year High": "36.6400", "Year Low": "27.7200", "Year Close": "35.8900", "Annual % Change": "13.68%"}, "2013": {"Average Stock Price": "29.6904", "Year Open": "29.1500", "Year High": "32.6000", "Year Low": "26.6500", "Year Close": "31.5700", "Annual % Change": "13.48%"}, "2012": {"Average Stock Price": "23.1401", "Year Open": "19.1000", "Year High": "28.5200", "Year Low": "18.6900", "Year Close": "27.8200", "Annual % Change": "49.01%"}, "2011": {"Average Stock Price": "20.1482", "Year Open": "19.7600", "Year High": "25.2000", "Year Low": "15.2500", "Year Close": "18.6700", "Annual % Change": "-1.37%"}, "2010": {"Average Stock Price": "30.8473", "Year Open": "44.2800", "Year High": "53.3000", "Year Low": "15.2300", "Year Close": "18.9300", "Annual % Change": "-56.12%"}, "2009": {"Average Stock Price": "33.6781", "Year Open": "31.8900", "Year High": "44.1500", "Year Low": "19.3600", "Year Close": "43.1400", "Annual % Change": "40.93%"}, "2008": {"Average Stock Price": "54.1221", "Year Open": "71.5200", "Year High": "72.2000", "Year Low": "28.9400", "Year Close": "30.6100", "Annual % Change": "-58.49%"}, "2007": {"Average Stock Price": "75.4112", "Year Open": "72.5000", "Year High": "86.2000", "Year Low": "62.9700", "Year Close": "73.7400", "Annual % Change": "4.37%"}, "2006": {"Average Stock Price": "65.2060", "Year Open": "66.6400", "Year High": "75.0900", "Year Low": "55.3500", "Year Close": "70.6500", "Annual % Change": "6.50%"}, "2005": {"Average Stock Price": "65.7741", "Year Open": "67.0000", "Year High": "71.5200", "Year Low": "61.1200", "Year Close": "66.3400", "Annual % Change": "-1.31%"}, "2004": {"Average Stock Price": "63.3377", "Year Open": "64.1500", "Year High": "67.8600", "Year Low": "56.0400", "Year Close": "67.2200", "Annual % Change": "5.03%"}, "2003": {"Average Stock Price": "54.2857", "Year Open": "51.0400", "Year High": "64.1000", "Year Low": "45.8000", "Year Close": "64.0000", "Annual % Change": "30.05%"}, "2002": {"Average Stock Price": "55.8113", "Year Open": "53.6600", "Year High": "67.8300", "Year Low": "38.0400", "Year Close": "49.2100", "Annual % Change": "-9.01%"}, "2001": {"Average Stock Price": "53.6844", "Year Open": "50.1200", "Year High": "62.0500", "Year Low": "45.7000", "Year Close": "54.0800", "Annual % Change": "6.56%"}, "2000": {"Average Stock Price": "49.5165", "Year Open": "69.3900", "Year High": "73.6200", "Year Low": "36.6900", "Year Close": "50.7500", "Annual % Change": "-28.84%"}, "1999": {"Average Stock Price": "61.3090", "Year Open": "49.8800", "Year High": "72.1200", "Year Low": "49.8800", "Year Close": "71.3200", "Annual % Change": "40.37%"}, "1998": {"Average Stock Price": "48.6423", "Year Open": "48.5000", "Year High": "61.8100", "Year Low": "37.4400", "Year Close": "50.8100", "Annual % Change": "3.57%"}, "1997": {"Average Stock Price": "51.5772", "Year Open": "47.1200", "Year High": "63.1200", "Year Low": "42.8800", "Year Close": "49.0600", "Annual % Change": "3.55%"}, "1996": {"Average Stock Price": "45.5453", "Year Open": "45.3800", "Year High": "49.6200", "Year Low": "40.6200", "Year Close": "47.3800", "Annual % Change": "9.55%"}, "1995": {"Average Stock Price": "43.4175", "Year Open": "38.8800", "Year High": "50.0000", "Year Low": "37.2500", "Year Close": "43.2500", "Annual % Change": "15.33%"}, "1994": {"Average Stock Price": "42.6298", "Year Open": "44.0000", "Year High": "50.5000", "Year Low": "35.8800", "Year Close": "37.5000", "Annual % Change": "-15.96%"}, "1993": {"Average Stock Price": "41.8647", "Year Open": "37.6200", "Year High": "45.5000", "Year Low": "37.1200", "Year Close": "44.6200", "Annual % Change": "20.99%"}, "1992": {"Average Stock Price": "34.1915", "Year Open": "27.3800", "Year High": "39.0000", "Year Low": "27.3800", "Year Close": "36.8800", "Annual % Change": "34.11%"}, "1991": {"Average Stock Price": "26.0788", "Year Open": "21.0000", "Year High": "30.3800", "Year Low": "20.2500", "Year Close": "27.5000", "Annual % Change": "25.69%"}, "1990": {"Average Stock Price": "23.3859", "Year Open": "28.3800", "Year High": "28.3800", "Year Low": "17.6200", "Year Close": "21.8800", "Annual % Change": "-20.78%"}, "1989": {"Average Stock Price": "28.1760", "Year Open": "24.6200", "Year High": "32.6200", "Year Low": "24.6200", "Year Close": "27.6200", "Annual % Change": "9.95%"}, "1988": {"Average Stock Price": "25.4844", "Year Open": "26.6667", "Year High": "29.0800", "Year Low": "23.5000", "Year Close": "25.1200", "Annual % Change": "-2.76%"}, "1987": {"Average Stock Price": "32.2518", "Year Open": "25.8333", "Year High": "39.3333", "Year Low": "20.8333", "Year Close": "25.8333", "Annual % Change": "2.65%"}, "1986": {"Average Stock Price": "23.8296", "Year Open": "20.3333", "Year High": "27.4200", "Year Low": "20.0800", "Year Close": "25.1667", "Annual % Change": "22.76%"}, "1985": {"Average Stock Price": "19.3687", "Year Open": "19.6667", "Year High": "22.2533", "Year Low": "16.8333", "Year Close": "20.5000", "Annual % Change": "5.56%"}, "1984": {"Average Stock Price": "19.3179", "Year Open": "22.5000", "Year High": "23.3333", "Year Low": "17.0800", "Year Close": "19.4200", "Annual % Change": "-13.69%"}, "1983": {"Average Stock Price": "24.3871", "Year Open": "23.5000", "Year High": "27.4200", "Year Low": "21.0000", "Year Close": "22.5000", "Annual % Change": "-6.25%"}, "1982": {"Average Stock Price": "19.0799", "Year Open": "19.5000", "Year High": "25.6667", "Year Low": "15.1667", "Year Close": "24.0000", "Annual % Change": "24.14%"}, "1981": {"Average Stock Price": "21.9364", "Year Open": "22.5000", "Year High": "26.9200", "Year Low": "16.3333", "Year Close": "19.3333", "Annual % Change": "-15.01%"}, "1980": {"Average Stock Price": "22.4013", "Year Open": "20.9200", "Year High": "25.3333", "Year Low": "18.8333", "Year Close": "22.7467", "Annual % Change": "7.46%"}, "1979": {"Average Stock Price": "20.0219", "Year Open": "16.6667", "Year High": "23.3333", "Year Low": "16.5000", "Year Close": "21.1667", "Annual % Change": "28.91%"}, "1978": {"Average Stock Price": "17.3493", "Year Open": "17.6667", "Year High": "20.8333", "Year Low": "13.8333", "Year Close": "16.4200", "Annual % Change": "-10.04%"}, "1977": {"Average Stock Price": "22.9935", "Year Open": "30.5800", "Year High": "30.5800", "Year Low": "16.9200", "Year Close": "18.2533", "Annual % Change": "-40.97%"}, "1976": {"Average Stock Price": "29.7967", "Year Open": "24.9200", "Year High": "32.6667", "Year Low": "24.9200", "Year Close": "30.9200", "Annual % Change": "25.35%"}, "1975": {"Average Stock Price": "24.2251", "Year Open": "18.8333", "Year High": "28.4200", "Year Low": "18.8333", "Year Close": "24.6667", "Annual % Change": "35.14%"}, "1974": {"Average Stock Price": "23.5229", "Year Open": "26.0800", "Year High": "30.9200", "Year Low": "16.0800", "Year Close": "18.2533", "Annual % Change": "-30.01%"}}}, "market cap": {"value": "$25.8B"}, "income statement": {"Revenue": {"2020-12-31": "7532.00000", "2019-12-31": "6554.00000", "2018-12-31": "7476.00000", "2017-12-31": "7196.00000", "2016-12-31": "6365.00000", "2015-12-31": "5246.00000", "2014-12-31": "5489.00000", "2013-12-31": "7254.00000", "2012-12-31": "5989.00000", "2011-12-31": "6216.00000", "2010-12-31": "5954.00000", "2009-12-31": "5068.00000", "2008-12-31": "8100.00000", "2007-12-31": "10933.00000", "2006-12-31": "13473.00000", "2005-12-31": "18845.00000"}, "Cost Of Goods Sold": {"2020-12-31": "5447.00000", "2019-12-31": "5412.00000", "2018-12-31": "5592.00000", "2017-12-31": "5298.00000", "2016-12-31": "4980.00000", "2015-12-31": "4153.00000", "2014-12-31": "4183.00000", "2013-12-31": "5716.00000", "2012-12-31": "4993.00000", "2011-12-31": "5120.00000", "2010-12-31": "4831.00000", "2009-12-31": "4661.00000", "2008-12-31": "7508.00000", "2007-12-31": "8810.00000", "2006-12-31": "10370.00000", "2005-12-31": "14363.00000"}, "Gross Profit": {"2020-12-31": "2085.00000", "2019-12-31": "1142.00000", "2018-12-31": "1884.00000", "2017-12-31": "1898.00000", "2016-12-31": "1385.00000", "2015-12-31": "1093.00000", "2014-12-31": "1306.00000", "2013-12-31": "1538.00000", "2012-12-31": "996.00000", "2011-12-31": "1096.00000", "2010-12-31": "1123.00000", "2009-12-31": "407.00000", "2008-12-31": "592.00000", "2007-12-31": "2123.00000", "2006-12-31": "3103.00000", "2005-12-31": "4482.00000"}, "Research And Development Expenses": {"2020-12-31": "", "2019-12-31": "", "2018-12-31": "", "2017-12-31": "", "2016-12-31": "19.00000", "2015-12-31": "18.00000", "2014-12-31": "20.00000", "2013-12-31": "33.00000", "2012-12-31": "32.00000", "2011-12-31": "30.00000", "2010-12-31": "34.00000", "2009-12-31": "51.00000", "2008-12-31": "66.00000", "2007-12-31": "71.00000", "2006-12-31": "69.00000", "2005-12-31": "61.00000"}, "SG&A Expenses": {"2020-12-31": "430.00000", "2019-12-31": "432.00000", "2018-12-31": "406.00000", "2017-12-31": "397.00000", "2016-12-31": "427.00000", "2015-12-31": "351.00000", "2014-12-31": "403.00000", "2013-12-31": "529.00000", "2012-12-31": "498.00000", "2011-12-31": "601.00000", "2010-12-31": "650.00000", "2009-12-31": "681.00000", "2008-12-31": "996.00000", "2007-12-31": "1164.00000", "2006-12-31": "1274.00000", "2005-12-31": "1476.00000"}, "Other Operating Income Or Expenses": {"2020-12-31": "56.00000", "2019-12-31": "21.00000", "2018-12-31": "-82.00000", "2017-12-31": "-176.00000", "2016-12-31": "53.00000", "2015-12-31": "-41.00000", "2014-12-31": "148.00000", "2013-12-31": "35.00000", "2012-12-31": "178.00000", "2011-12-31": "212.00000", "2010-12-31": "163.00000", "2009-12-31": "632.00000", "2008-12-31": "-13.00000", "2007-12-31": "-48.00000", "2006-12-31": "413.00000", "2005-12-31": "-149.00000"}, "Operating Expenses": {"2020-12-31": "5822.00000", "2019-12-31": "5903.00000", "2018-12-31": "6082.00000", "2017-12-31": "6065.00000", "2016-12-31": "5543.00000", "2015-12-31": "4602.00000", "2014-12-31": "4502.00000", "2013-12-31": "6620.00000", "2012-12-31": "5371.00000", "2011-12-31": "5622.00000", "2010-12-31": "5500.00000", "2009-12-31": "5447.00000", "2008-12-31": "10701.00000", "2007-12-31": "10713.00000", "2006-12-31": "11964.00000", "2005-12-31": "17009.00000"}, "Operating Income": {"2020-12-31": "1710.00000", "2019-12-31": "651.00000", "2018-12-31": "1394.00000", "2017-12-31": "1131.00000", "2016-12-31": "822.00000", "2015-12-31": "644.00000", "2014-12-31": "987.00000", "2013-12-31": "634.00000", "2012-12-31": "618.00000", "2011-12-31": "594.00000", "2010-12-31": "454.00000", "2009-12-31": "-379.00000", "2008-12-31": "-2601.00000", "2007-12-31": "220.00000", "2006-12-31": "1509.00000", "2005-12-31": "1836.00000"}, "Total Non-Operating Income/Expense": {"2020-12-31": "-728.00000", "2019-12-31": "-864.00000", "2018-12-31": "-587.00000", "2017-12-31": "-415.00000", "2016-12-31": "-318.00000", "2015-12-31": "-291.00000", "2014-12-31": "-300.00000", "2013-12-31": "-314.00000", "2012-12-31": "-296.00000", "2011-12-31": "-337.00000", "2010-12-31": "-372.00000", "2009-12-31": "-395.00000", "2008-12-31": "-208.00000", "2007-12-31": "-698.00000", "2006-12-31": "-306.00000", "2005-12-31": "-357.00000"}, "Pre-Tax Income": {"2020-12-31": "982.00000", "2019-12-31": "-213.00000", "2018-12-31": "807.00000", "2017-12-31": "716.00000", "2016-12-31": "504.00000", "2015-12-31": "353.00000", "2014-12-31": "687.00000", "2013-12-31": "320.00000", "2012-12-31": "322.00000", "2011-12-31": "257.00000", "2010-12-31": "82.00000", "2009-12-31": "-774.00000", "2008-12-31": "-2809.00000", "2007-12-31": "-478.00000", "2006-12-31": "1203.00000", "2005-12-31": "1479.00000"}, "Income Taxes": {"2020-12-31": "185.00000", "2019-12-31": "-137.00000", "2018-12-31": "59.00000", "2017-12-31": "134.00000", "2016-12-31": "89.00000", "2015-12-31": "-58.00000", "2014-12-31": "71.00000", "2013-12-31": "-171.00000", "2012-12-31": "10.00000", "2011-12-31": "-62.00000", "2010-12-31": "-1192.00000", "2009-12-31": "-249.00000", "2008-12-31": "-900.00000", "2007-12-31": "-179.00000", "2006-12-31": "358.00000", "2005-12-31": "530.00000"}, "Income After Taxes": {"2020-12-31": "797.00000", "2019-12-31": "-76.00000", "2018-12-31": "748.00000", "2017-12-31": "582.00000", "2016-12-31": "415.00000", "2015-12-31": "411.00000", "2014-12-31": "616.00000", "2013-12-31": "491.00000", "2012-12-31": "312.00000", "2011-12-31": "319.00000", "2010-12-31": "1274.00000", "2009-12-31": "-525.00000", "2008-12-31": "-1909.00000", "2007-12-31": "-299.00000", "2006-12-31": "845.00000", "2005-12-31": "949.00000"}, "Other Income": {"2020-12-31": "", "2019-12-31": "", "2018-12-31": "", "2017-12-31": "", "2016-12-31": "", "2015-12-31": "", "2014-12-31": "", "2013-12-31": "", "2012-12-31": "", "2011-12-31": "", "2010-12-31": "", "2009-12-31": "", "2008-12-31": "", "2007-12-31": "", "2006-12-31": "", "2005-12-31": ""}, "Income From Continuous Operations": {"2020-12-31": "797.00000", "2019-12-31": "-76.00000", "2018-12-31": "748.00000", "2017-12-31": "582.00000", "2016-12-31": "415.00000", "2015-12-31": "411.00000", "2014-12-31": "616.00000", "2013-12-31": "491.00000", "2012-12-31": "312.00000", "2011-12-31": "319.00000", "2010-12-31": "1274.00000", "2009-12-31": "-525.00000", "2008-12-31": "-1909.00000", "2007-12-31": "-299.00000", "2006-12-31": "845.00000", "2005-12-31": "949.00000"}, "Income From Discontinued Operations": {"2020-12-31": "", "2019-12-31": "", "2018-12-31": "", "2017-12-31": "", "2016-12-31": "612.00000", "2015-12-31": "95.00000", "2014-12-31": "1210.00000", "2013-12-31": "72.00000", "2012-12-31": "72.00000", "2011-12-31": "12.00000", "2010-12-31": "9.00000", "2009-12-31": "-43.00000", "2008-12-31": "667.00000", "2007-12-31": "1038.00000", "2006-12-31": "-392.00000", "2005-12-31": "-216.00000"}, "Net Income": {"2020-12-31": "797.00000", "2019-12-31": "-76.00000", "2018-12-31": "748.00000", "2017-12-31": "582.00000", "2016-12-31": "1005.00000", "2015-12-31": "462.00000", "2014-12-31": "1782.00000", "2013-12-31": "540.00000", "2012-12-31": "385.00000", "2011-12-31": "331.00000", "2010-12-31": "1281.00000", "2009-12-31": "-545.00000", "2008-12-31": "-1176.00000", "2007-12-31": "790.00000", "2006-12-31": "453.00000", "2005-12-31": "733.00000"}, "EBITDA": {"2020-12-31": "2182.00000", "2019-12-31": "1161.00000", "2018-12-31": "1880.00000", "2017-12-31": "1652.00000", "2016-12-31": "1387.00000", "2015-12-31": "1123.00000", "2014-12-31": "1487.00000", "2013-12-31": "1106.00000", "2012-12-31": "1074.00000", "2011-12-31": "1074.00000", "2010-12-31": "957.00000", "2009-12-31": "159.00000", "2008-12-31": "-1912.00000", "2007-12-31": "1194.00000", "2006-12-31": "2792.00000", "2005-12-31": "3173.00000"}, "EBIT": {"2020-12-31": "1710.00000", "2019-12-31": "651.00000", "2018-12-31": "1394.00000", "2017-12-31": "1131.00000", "2016-12-31": "822.00000", "2015-12-31": "644.00000", "2014-12-31": "987.00000", "2013-12-31": "634.00000", "2012-12-31": "618.00000", "2011-12-31": "594.00000", "2010-12-31": "454.00000", "2009-12-31": "-379.00000", "2008-12-31": "-2601.00000", "2007-12-31": "220.00000", "2006-12-31": "1509.00000", "2005-12-31": "1836.00000"}, "Basic Shares Outstanding": {"2020-12-31": "746.93100", "2019-12-31": "745.89700", "2018-12-31": "754.55600", "2017-12-31": "753.08500", "2016-12-31": "718.56000", "2015-12-31": "516.37100", "2014-12-31": "556.70500", "2013-12-31": "566.32900", "2012-12-31": "539.14000", "2011-12-31": "537.53400", "2010-12-31": "319.97600", "2009-12-31": "211.34200", "2008-12-31": "211.25800", "2007-12-31": "535.84980", "2006-12-31": "598.46440", "2005-12-31": "597.28180"}, "Shares Outstanding": {"2020-12-31": "747.89900", "2019-12-31": "745.89700", "2018-12-31": "756.82700", "2017-12-31": "756.66600", "2016-12-31": "722.40100", "2015-12-31": "519.61800", "2014-12-31": "560.89900", "2013-12-31": "571.23900", "2012-12-31": "542.31000", "2011-12-31": "539.87900", "2010-12-31": "321.09600", "2009-12-31": "211.34200", "2008-12-31": "211.25800", "2007-12-31": "535.84980", "2006-12-31": "600.53880", "2005-12-31": "600.13320"}, "Basic EPS": {"2020-12-31": "1.07000", "2019-12-31": "-0.10000", "2018-12-31": "0.99000", "2017-12-31": "0.77000", "2016-12-31": "1.40000", "2015-12-31": "0.89000", "2014-12-31": "3.20000", "2013-12-31": "0.95000", "2012-12-31": "0.71000", "2011-12-31": "0.62000", "2010-12-31": "4.00000", "2009-12-31": "-2.58000", "2008-12-31": "-5.57000", "2007-12-31": "1.47340", "2006-12-31": "0.75710", "2005-12-31": "1.22780"}, "EPS - Earnings Per Share": {"2020-12-31": "1.07000", "2019-12-31": "-0.10000", "2018-12-31": "0.99000", "2017-12-31": "0.77000", "2016-12-31": "1.39000", "2015-12-31": "0.89000", "2014-12-31": "3.18000", "2013-12-31": "0.95000", "2012-12-31": "0.71000", "2011-12-31": "0.61000", "2010-12-31": "3.99000", "2009-12-31": "-2.58000", "2008-12-31": "-5.57000", "2007-12-31": "1.47340", "2006-12-31": "0.75300", "2005-12-31": "1.21960"}}, "income statement, quarterly": {"Revenue": {"2020-12-31": "2063.00000", "2020-09-30": "2110.00000", "2020-06-30": "1631.00000", "2020-03-31": "1728.00000", "2019-12-31": "1548.00000", "2019-09-30": "1671.00000", "2019-06-30": "1692.00000", "2019-03-31": "1643.00000", "2018-12-31": "1636.00000", "2018-09-30": "1910.00000", "2018-06-30": "2065.00000", "2018-03-31": "1865.00000", "2017-12-31": "1823.00000", "2017-09-30": "1872.00000", "2017-06-30": "1808.00000", "2017-03-31": "1693.00000", "2016-12-31": "1596.00000", "2016-09-30": "1709.00000", "2016-06-30": "1655.00000", "2016-03-31": "1405.00000", "2015-12-31": "819.00000", "2015-09-30": "1355.00000", "2015-06-30": "1345.00000", "2015-03-31": "1727.00000", "2014-12-31": "-126.00000", "2014-09-30": "1915.00000", "2014-06-30": "1964.00000", "2014-03-31": "1736.00000", "2013-12-31": "1572.00000", "2013-09-30": "1857.00000", "2013-06-30": "1874.00000", "2013-03-31": "1951.00000", "2012-12-31": "930.00000", "2012-09-30": "1772.00000", "2012-06-30": "1793.00000", "2012-03-31": "1494.00000", "2011-12-31": "1615.00000", "2011-09-30": "1569.00000", "2011-06-30": "1610.00000", "2011-03-31": "1422.00000", "2010-12-31": "1380.00000", "2010-09-30": "1514.00000", "2010-06-30": "1641.00000", "2010-03-31": "1419.00000", "2009-12-31": "995.00000", "2009-09-30": "1407.00000", "2009-06-30": "1391.00000", "2009-03-31": "1275.00000", "2008-12-31": "1777.00000", "2008-09-30": "2107.00000", "2008-06-30": "2174.00000", "2008-03-31": "2042.00000", "2007-12-31": "2512.00000", "2007-09-30": "2797.00000", "2007-06-30": "2959.00000", "2007-03-31": "2665.00000", "2006-12-31": "4799.00000", "2006-09-30": "4554.00000", "2006-06-30": "4867.00000", "2006-03-31": "4452.00000", "2005-12-31": "2352.00000", "2005-09-30": "5432.00000", "2005-06-30": "5690.00000", "2005-03-31": "5371.00000"}, "Cost Of Goods Sold": {"2020-12-31": "1392.00000", "2020-09-30": "1390.00000", "2020-06-30": "1283.00000", "2020-03-31": "1382.00000", "2019-12-31": "1301.00000", "2019-09-30": "1399.00000", "2019-06-30": "1390.00000", "2019-03-31": "1322.00000", "2018-12-31": "1345.00000", "2018-09-30": "1452.00000", "2018-06-30": "1447.00000", "2018-03-31": "1348.00000", "2017-12-31": "1316.00000", "2017-09-30": "1374.00000", "2017-06-30": "1336.00000", "2017-03-31": "1272.00000", "2016-12-31": "1278.00000", "2016-09-30": "1328.00000", "2016-06-30": "1271.00000", "2016-03-31": "1103.00000", "2015-12-31": "638.00000", "2015-09-30": "1073.00000", "2015-06-30": "1057.00000", "2015-03-31": "1385.00000", "2014-12-31": "-181.00000", "2014-09-30": "1504.00000", "2014-06-30": "1499.00000", "2014-03-31": "1361.00000", "2013-12-31": "1251.00000", "2013-09-30": "1479.00000", "2013-06-30": "1453.00000", "2013-03-31": "1533.00000", "2012-12-31": "763.00000", "2012-09-30": "1424.00000", "2012-06-30": "1516.00000", "2012-03-31": "1290.00000", "2011-12-31": "1317.00000", "2011-09-30": "1283.00000", "2011-06-30": "1343.00000", "2011-03-31": "1177.00000", "2010-12-31": "1092.00000", "2010-09-30": "1193.00000", "2010-06-30": "1314.00000", "2010-03-31": "1232.00000", "2009-12-31": "1181.00000", "2009-09-30": "1137.00000", "2009-06-30": "1214.00000", "2009-03-31": "1129.00000", "2008-12-31": "2177.00000", "2008-09-30": "1778.00000", "2008-06-30": "1831.00000", "2008-03-31": "1722.00000", "2007-12-31": "2018.00000", "2007-09-30": "2227.00000", "2007-06-30": "2393.00000", "2007-03-31": "2172.00000", "2006-12-31": "3771.00000", "2006-09-30": "3577.00000", "2006-06-30": "3743.00000", "2006-03-31": "3430.00000", "2005-12-31": "1828.00000", "2005-09-30": "4201.00000", "2005-06-30": "4287.00000", "2005-03-31": "4047.00000"}, "Gross Profit": {"2020-12-31": "671.00000", "2020-09-30": "720.00000", "2020-06-30": "348.00000", "2020-03-31": "346.00000", "2019-12-31": "247.00000", "2019-09-30": "272.00000", "2019-06-30": "302.00000", "2019-03-31": "321.00000", "2018-12-31": "291.00000", "2018-09-30": "458.00000", "2018-06-30": "618.00000", "2018-03-31": "517.00000", "2017-12-31": "507.00000", "2017-09-30": "498.00000", "2017-06-30": "472.00000", "2017-03-31": "421.00000", "2016-12-31": "318.00000", "2016-09-30": "381.00000", "2016-06-30": "384.00000", "2016-03-31": "302.00000", "2015-12-31": "181.00000", "2015-09-30": "282.00000", "2015-06-30": "288.00000", "2015-03-31": "342.00000", "2014-12-31": "55.00000", "2014-09-30": "411.00000", "2014-06-30": "465.00000", "2014-03-31": "375.00000", "2013-12-31": "321.00000", "2013-09-30": "378.00000", "2013-06-30": "421.00000", "2013-03-31": "418.00000", "2012-12-31": "167.00000", "2012-09-30": "348.00000", "2012-06-30": "277.00000", "2012-03-31": "204.00000", "2011-12-31": "298.00000", "2011-09-30": "286.00000", "2011-06-30": "267.00000", "2011-03-31": "245.00000", "2010-12-31": "288.00000", "2010-09-30": "321.00000", "2010-06-30": "327.00000", "2010-03-31": "187.00000", "2009-12-31": "-186.00000", "2009-09-30": "270.00000", "2009-06-30": "177.00000", "2009-03-31": "146.00000", "2008-12-31": "-400.00000", "2008-09-30": "329.00000", "2008-06-30": "343.00000", "2008-03-31": "320.00000", "2007-12-31": "494.00000", "2007-09-30": "570.00000", "2007-06-30": "566.00000", "2007-03-31": "493.00000", "2006-12-31": "1028.00000", "2006-09-30": "977.00000", "2006-06-30": "1124.00000", "2006-03-31": "1022.00000", "2005-12-31": "524.00000", "2005-09-30": "1231.00000", "2005-06-30": "1403.00000", "2005-03-31": "1324.00000"}, "Research And Development Expenses": {"2020-12-31": "", "2020-09-30": "", "2020-06-30": "", "2020-03-31": "", "2019-12-31": "", "2019-09-30": "", "2019-06-30": "", "2019-03-31": "", "2018-12-31": "", "2018-09-30": "2.00000", "2018-06-30": "2.00000", "2018-03-31": "2.00000", "2017-12-31": "", "2017-09-30": "4.00000", "2017-06-30": "4.00000", "2017-03-31": "4.00000", "2016-12-31": "5.00000", "2016-09-30": "5.00000", "2016-06-30": "4.00000", "2016-03-31": "5.00000", "2015-12-31": "4.00000", "2015-09-30": "4.00000", "2015-06-30": "5.00000", "2015-03-31": "5.00000", "2014-12-31": "1.00000", "2014-09-30": "5.00000", "2014-06-30": "7.00000", "2014-03-31": "7.00000", "2013-12-31": "10.00000", "2013-09-30": "8.00000", "2013-06-30": "8.00000", "2013-03-31": "7.00000", "2012-12-31": "9.00000", "2012-09-30": "8.00000", "2012-06-30": "8.00000", "2012-03-31": "7.00000", "2011-12-31": "9.00000", "2011-09-30": "7.00000", "2011-06-30": "7.00000", "2011-03-31": "7.00000", "2010-12-31": "10.00000", "2010-09-30": "8.00000", "2010-06-30": "8.00000", "2010-03-31": "8.00000", "2009-12-31": "13.00000", "2009-09-30": "10.00000", "2009-06-30": "15.00000", "2009-03-31": "13.00000", "2008-12-31": "17.00000", "2008-09-30": "14.00000", "2008-06-30": "18.00000", "2008-03-31": "17.00000", "2007-12-31": "19.00000", "2007-09-30": "18.00000", "2007-06-30": "18.00000", "2007-03-31": "16.00000", "2006-12-31": "15.00000", "2006-09-30": "23.00000", "2006-06-30": "15.00000", "2006-03-31": "16.00000", "2005-12-31": "17.00000", "2005-09-30": "18.00000", "2005-06-30": "12.00000", "2005-03-31": "14.00000"}, "SG&A Expenses": {"2020-12-31": "114.00000", "2020-09-30": "118.00000", "2020-06-30": "102.00000", "2020-03-31": "96.00000", "2019-12-31": "116.00000", "2019-09-30": "105.00000", "2019-06-30": "101.00000", "2019-03-31": "110.00000", "2018-12-31": "104.00000", "2018-09-30": "98.00000", "2018-06-30": "103.00000", "2018-03-31": "101.00000", "2017-12-31": "93.00000", "2017-09-30": "97.00000", "2017-06-30": "98.00000", "2017-03-31": "109.00000", "2016-12-31": "107.00000", "2016-09-30": "102.00000", "2016-06-30": "116.00000", "2016-03-31": "102.00000", "2015-12-31": "83.00000", "2015-09-30": "79.00000", "2015-06-30": "87.00000", "2015-03-31": "102.00000", "2014-12-31": "71.00000", "2014-09-30": "101.00000", "2014-06-30": "115.00000", "2014-03-31": "116.00000", "2013-12-31": "103.00000", "2013-09-30": "130.00000", "2013-06-30": "127.00000", "2013-03-31": "169.00000", "2012-12-31": "50.00000", "2012-09-30": "156.00000", "2012-06-30": "142.00000", "2012-03-31": "150.00000", "2011-12-31": "149.00000", "2011-09-30": "135.00000", "2011-06-30": "145.00000", "2011-03-31": "172.00000", "2010-12-31": "164.00000", "2010-09-30": "161.00000", "2010-06-30": "162.00000", "2010-03-31": "163.00000", "2009-12-31": "192.00000", "2009-09-30": "147.00000", "2009-06-30": "153.00000", "2009-03-31": "189.00000", "2008-12-31": "254.00000", "2008-09-30": "224.00000", "2008-06-30": "246.00000", "2008-03-31": "272.00000", "2007-12-31": "285.00000", "2007-09-30": "275.00000", "2007-06-30": "298.00000", "2007-03-31": "306.00000", "2006-12-31": "449.00000", "2006-09-30": "399.00000", "2006-06-30": "400.00000", "2006-03-31": "402.00000", "2005-12-31": "272.00000", "2005-09-30": "413.00000", "2005-06-30": "395.00000", "2005-03-31": "396.00000"}, "Other Operating Income Or Expenses": {"2020-12-31": "160.00000", "2020-09-30": "-92.00000", "2020-06-30": "-3.00000", "2020-03-31": "-10.00000", "2019-12-31": "38.00000", "2019-09-30": "35.00000", "2019-06-30": "-15.00000", "2019-03-31": "-37.00000", "2018-12-31": "-14.00000", "2018-09-30": "-21.00000", "2018-06-30": "-37.00000", "2018-03-31": "-10.00000", "2017-12-31": "66.00000", "2017-09-30": "-178.00000", "2017-06-30": "-62.00000", "2017-03-31": "-2.00000", "2016-12-31": "-3.00000", "2016-09-30": "3.00000", "2016-06-30": "-2.00000", "2016-03-31": "55.00000", "2015-12-31": "7.00000", "2015-09-30": "-31.00000", "2015-06-30": "4.00000", "2015-03-31": "-21.00000", "2014-12-31": "-15.00000", "2014-09-30": "23.00000", "2014-06-30": "65.00000", "2014-03-31": "75.00000", "2013-12-31": "3.00000", "2013-09-30": "4.00000", "2013-06-30": "10.00000", "2013-03-31": "18.00000", "2012-12-31": "31.00000", "2012-09-30": "28.00000", "2012-06-30": "53.00000", "2012-03-31": "66.00000", "2011-12-31": "22.00000", "2011-09-30": "-3.00000", "2011-06-30": "19.00000", "2011-03-31": "174.00000", "2010-12-31": "67.00000", "2010-09-30": "24.00000", "2010-06-30": "2.00000", "2010-03-31": "70.00000", "2009-12-31": "363.00000", "2009-09-30": "226.00000", "2009-06-30": "131.00000", "2009-03-31": "-88.00000", "2008-12-31": "29.00000", "2008-09-30": "0.00000", "2008-06-30": "-3.00000", "2008-03-31": "-39.00000", "2007-12-31": "51.00000", "2007-09-30": "-23.00000", "2007-06-30": "-53.00000", "2007-03-31": "-23.00000", "2006-12-31": "450.00000", "2006-09-30": "23.00000", "2006-06-30": "18.00000", "2006-03-31": "-30.00000", "2005-12-31": "-33.00000", "2005-09-30": "-41.00000", "2005-06-30": "-9.00000", "2005-03-31": "-66.00000"}, "Operating Expenses": {"2020-12-31": "1346.00000", "2020-09-30": "1600.00000", "2020-06-30": "1388.00000", "2020-03-31": "1488.00000", "2019-12-31": "1459.00000", "2019-09-30": "1469.00000", "2019-06-30": "1506.00000", "2019-03-31": "1469.00000", "2018-12-31": "1459.00000", "2018-09-30": "1573.00000", "2018-06-30": "1589.00000", "2018-03-31": "1461.00000", "2017-12-31": "1347.00000", "2017-09-30": "1667.00000", "2017-06-30": "1651.00000", "2017-03-31": "1400.00000", "2016-12-31": "1422.00000", "2016-09-30": "1448.00000", "2016-06-30": "1407.00000", "2016-03-31": "1266.00000", "2015-12-31": "741.00000", "2015-09-30": "1189.00000", "2015-06-30": "1145.00000", "2015-03-31": "1527.00000", "2014-12-31": "-87.00000", "2014-09-30": "1597.00000", "2014-06-30": "1564.00000", "2014-03-31": "1428.00000", "2013-12-31": "1730.00000", "2013-09-30": "1614.00000", "2013-06-30": "1581.00000", "2013-03-31": "1695.00000", "2012-12-31": "791.00000", "2012-09-30": "1570.00000", "2012-06-30": "1617.00000", "2012-03-31": "1393.00000", "2011-12-31": "1484.00000", "2011-09-30": "1469.00000", "2011-06-30": "1483.00000", "2011-03-31": "1186.00000", "2010-12-31": "1325.00000", "2010-09-30": "1354.00000", "2010-06-30": "1486.00000", "2010-03-31": "1335.00000", "2009-12-31": "1320.00000", "2009-09-30": "1202.00000", "2009-06-30": "1380.00000", "2009-03-31": "1545.00000", "2008-12-31": "4085.00000", "2008-09-30": "2168.00000", "2008-06-30": "2249.00000", "2008-03-31": "2199.00000", "2007-12-31": "2415.00000", "2007-09-30": "2704.00000", "2007-06-30": "2915.00000", "2007-03-31": "2679.00000", "2006-12-31": "4095.00000", "2006-09-30": "4217.00000", "2006-06-30": "4375.00000", "2006-03-31": "4114.00000", "2005-12-31": "2135.00000", "2005-09-30": "4997.00000", "2005-06-30": "5028.00000", "2005-03-31": "4849.00000"}, "Operating Income": {"2020-12-31": "717.00000", "2020-09-30": "510.00000", "2020-06-30": "243.00000", "2020-03-31": "240.00000", "2019-12-31": "89.00000", "2019-09-30": "202.00000", "2019-06-30": "186.00000", "2019-03-31": "174.00000", "2018-12-31": "177.00000", "2018-09-30": "337.00000", "2018-06-30": "476.00000", "2018-03-31": "404.00000", "2017-12-31": "476.00000", "2017-09-30": "205.00000", "2017-06-30": "157.00000", "2017-03-31": "293.00000", "2016-12-31": "174.00000", "2016-09-30": "261.00000", "2016-06-30": "248.00000", "2016-03-31": "139.00000", "2015-12-31": "78.00000", "2015-09-30": "166.00000", "2015-06-30": "200.00000", "2015-03-31": "200.00000", "2014-12-31": "-39.00000", "2014-09-30": "318.00000", "2014-06-30": "400.00000", "2014-03-31": "308.00000", "2013-12-31": "-158.00000", "2013-09-30": "243.00000", "2013-06-30": "293.00000", "2013-03-31": "256.00000", "2012-12-31": "139.00000", "2012-09-30": "202.00000", "2012-06-30": "176.00000", "2012-03-31": "101.00000", "2011-12-31": "131.00000", "2011-09-30": "100.00000", "2011-06-30": "127.00000", "2011-03-31": "236.00000", "2010-12-31": "55.00000", "2010-09-30": "160.00000", "2010-06-30": "155.00000", "2010-03-31": "84.00000", "2009-12-31": "-325.00000", "2009-09-30": "205.00000", "2009-06-30": "11.00000", "2009-03-31": "-270.00000", "2008-12-31": "-2308.00000", "2008-09-30": "-61.00000", "2008-06-30": "-75.00000", "2008-03-31": "-157.00000", "2007-12-31": "97.00000", "2007-09-30": "93.00000", "2007-06-30": "44.00000", "2007-03-31": "-14.00000", "2006-12-31": "704.00000", "2006-09-30": "337.00000", "2006-06-30": "492.00000", "2006-03-31": "338.00000", "2005-12-31": "217.00000", "2005-09-30": "435.00000", "2005-06-30": "662.00000", "2005-03-31": "522.00000"}, "Total Non-Operating Income/Expense": {"2020-12-31": "-406.00000", "2020-09-30": "-118.00000", "2020-06-30": "-111.00000", "2020-03-31": "-93.00000", "2019-12-31": "-102.00000", "2019-09-30": "-100.00000", "2019-06-30": "-95.00000", "2019-03-31": "-567.00000", "2018-12-31": "-291.00000", "2018-09-30": "-97.00000", "2018-06-30": "-94.00000", "2018-03-31": "-105.00000", "2017-12-31": "-102.00000", "2017-09-30": "-102.00000", "2017-06-30": "-99.00000", "2017-03-31": "-112.00000", "2016-12-31": "-87.00000", "2016-09-30": "-77.00000", "2016-06-30": "-87.00000", "2016-03-31": "-67.00000", "2015-12-31": "-57.00000", "2015-09-30": "-78.00000", "2015-06-30": "-76.00000", "2015-03-31": "-80.00000", "2014-12-31": "-73.00000", "2014-09-30": "-81.00000", "2014-06-30": "-72.00000", "2014-03-31": "-74.00000", "2013-12-31": "-98.00000", "2013-09-30": "-73.00000", "2013-06-30": "-72.00000", "2013-03-31": "-71.00000", "2012-12-31": "-74.00000", "2012-09-30": "-72.00000", "2012-06-30": "-75.00000", "2012-03-31": "-75.00000", "2011-12-31": "-76.00000", "2011-09-30": "-71.00000", "2011-06-30": "-108.00000", "2011-03-31": "-82.00000", "2010-12-31": "-89.00000", "2010-09-30": "-76.00000", "2010-06-30": "-143.00000", "2010-03-31": "-64.00000", "2009-12-31": "111.00000", "2009-09-30": "-175.00000", "2009-06-30": "-159.00000", "2009-03-31": "-172.00000", "2008-12-31": "779.00000", "2008-09-30": "-365.00000", "2008-06-30": "-399.00000", "2008-03-31": "-223.00000", "2007-12-31": "-379.00000", "2007-09-30": "-109.00000", "2007-06-30": "-124.00000", "2007-03-31": "-86.00000", "2006-12-31": "-147.00000", "2006-09-30": "-85.00000", "2006-06-30": "-91.00000", "2006-03-31": "-58.00000", "2005-12-31": "-28.00000", "2005-09-30": "-29.00000", "2005-06-30": "-146.00000", "2005-03-31": "-154.00000"}, "Pre-Tax Income": {"2020-12-31": "311.00000", "2020-09-30": "392.00000", "2020-06-30": "132.00000", "2020-03-31": "147.00000", "2019-12-31": "-13.00000", "2019-09-30": "102.00000", "2019-06-30": "91.00000", "2019-03-31": "-393.00000", "2018-12-31": "-114.00000", "2018-09-30": "240.00000", "2018-06-30": "382.00000", "2018-03-31": "299.00000", "2017-12-31": "374.00000", "2017-09-30": "103.00000", "2017-06-30": "58.00000", "2017-03-31": "181.00000", "2016-12-31": "87.00000", "2016-09-30": "184.00000", "2016-06-30": "161.00000", "2016-03-31": "72.00000", "2015-12-31": "21.00000", "2015-09-30": "88.00000", "2015-06-30": "124.00000", "2015-03-31": "120.00000", "2014-12-31": "-112.00000", "2014-09-30": "237.00000", "2014-06-30": "328.00000", "2014-03-31": "234.00000", "2013-12-31": "-256.00000", "2013-09-30": "170.00000", "2013-06-30": "221.00000", "2013-03-31": "185.00000", "2012-12-31": "65.00000", "2012-09-30": "130.00000", "2012-06-30": "101.00000", "2012-03-31": "26.00000", "2011-12-31": "55.00000", "2011-09-30": "29.00000", "2011-06-30": "19.00000", "2011-03-31": "154.00000", "2010-12-31": "-34.00000", "2010-09-30": "84.00000", "2010-06-30": "12.00000", "2010-03-31": "20.00000", "2009-12-31": "-214.00000", "2009-09-30": "30.00000", "2009-06-30": "-148.00000", "2009-03-31": "-442.00000", "2008-12-31": "-1529.00000", "2008-09-30": "-426.00000", "2008-06-30": "-474.00000", "2008-03-31": "-380.00000", "2007-12-31": "-282.00000", "2007-09-30": "-16.00000", "2007-06-30": "-80.00000", "2007-03-31": "-100.00000", "2006-12-31": "611.00000", "2006-09-30": "252.00000", "2006-06-30": "401.00000", "2006-03-31": "280.00000", "2005-12-31": "189.00000", "2005-09-30": "406.00000", "2005-06-30": "516.00000", "2005-03-31": "368.00000"}, "Income Taxes": {"2020-12-31": "19.00000", "2020-09-30": "109.00000", "2020-06-30": "60.00000", "2020-03-31": "-3.00000", "2019-12-31": "1.00000", "2019-09-30": "3.00000", "2019-06-30": "-37.00000", "2019-03-31": "-104.00000", "2018-12-31": "-21.00000", "2018-09-30": "-15.00000", "2018-06-30": "65.00000", "2018-03-31": "30.00000", "2017-12-31": "103.00000", "2017-09-30": "-27.00000", "2017-06-30": "34.00000", "2017-03-31": "24.00000", "2016-12-31": "25.00000", "2016-09-30": "22.00000", "2016-06-30": "31.00000", "2016-03-31": "11.00000", "2015-12-31": "-32.00000", "2015-09-30": "-44.00000", "2015-06-30": "-1.00000", "2015-03-31": "19.00000", "2014-12-31": "-77.00000", "2014-09-30": "39.00000", "2014-06-30": "59.00000", "2014-03-31": "50.00000", "2013-12-31": "-272.00000", "2013-09-30": "24.00000", "2013-06-30": "36.00000", "2013-03-31": "41.00000", "2012-12-31": "-5.00000", "2012-09-30": "13.00000", "2012-06-30": "17.00000", "2012-03-31": "-15.00000", "2011-12-31": "-10.00000", "2011-09-30": "-104.00000", "2011-06-30": "-4.00000", "2011-03-31": "56.00000", "2010-12-31": "-206.00000", "2010-09-30": "-1028.00000", "2010-06-30": "4.00000", "2010-03-31": "38.00000", "2009-12-31": "-76.00000", "2009-09-30": "35.00000", "2009-06-30": "-32.00000", "2009-03-31": "-176.00000", "2008-12-31": "-326.00000", "2008-09-30": "-221.00000", "2008-06-30": "-214.00000", "2008-03-31": "-139.00000", "2007-12-31": "-100.00000", "2007-09-30": "-11.00000", "2007-06-30": "-31.00000", "2007-03-31": "-37.00000", "2006-12-31": "202.00000", "2006-09-30": "86.00000", "2006-06-30": "92.00000", "2006-03-31": "100.00000", "2005-12-31": "57.00000", "2005-09-30": "119.00000", "2005-06-30": "225.00000", "2005-03-31": "129.00000"}, "Income After Taxes": {"2020-12-31": "292.00000", "2020-09-30": "283.00000", "2020-06-30": "72.00000", "2020-03-31": "150.00000", "2019-12-31": "-14.00000", "2019-09-30": "99.00000", "2019-06-30": "128.00000", "2019-03-31": "-289.00000", "2018-12-31": "-93.00000", "2018-09-30": "255.00000", "2018-06-30": "317.00000", "2018-03-31": "269.00000", "2017-12-31": "271.00000", "2017-09-30": "130.00000", "2017-06-30": "24.00000", "2017-03-31": "157.00000", "2016-12-31": "62.00000", "2016-09-30": "162.00000", "2016-06-30": "130.00000", "2016-03-31": "61.00000", "2015-12-31": "53.00000", "2015-09-30": "132.00000", "2015-06-30": "125.00000", "2015-03-31": "101.00000", "2014-12-31": "-35.00000", "2014-09-30": "198.00000", "2014-06-30": "269.00000", "2014-03-31": "184.00000", "2013-12-31": "16.00000", "2013-09-30": "146.00000", "2013-06-30": "185.00000", "2013-03-31": "144.00000", "2012-12-31": "70.00000", "2012-09-30": "117.00000", "2012-06-30": "84.00000", "2012-03-31": "41.00000", "2011-12-31": "65.00000", "2011-09-30": "133.00000", "2011-06-30": "23.00000", "2011-03-31": "98.00000", "2010-12-31": "172.00000", "2010-09-30": "1112.00000", "2010-06-30": "8.00000", "2010-03-31": "-18.00000", "2009-12-31": "-138.00000", "2009-09-30": "-5.00000", "2009-06-30": "-116.00000", "2009-03-31": "-266.00000", "2008-12-31": "-1203.00000", "2008-09-30": "-205.00000", "2008-06-30": "-260.00000", "2008-03-31": "-241.00000", "2007-12-31": "-182.00000", "2007-09-30": "-5.00000", "2007-06-30": "-49.00000", "2007-03-31": "-63.00000", "2006-12-31": "409.00000", "2006-09-30": "166.00000", "2006-06-30": "309.00000", "2006-03-31": "180.00000", "2005-12-31": "132.00000", "2005-09-30": "287.00000", "2005-06-30": "291.00000", "2005-03-31": "239.00000"}, "Other Income": {"2020-12-31": "", "2020-09-30": "", "2020-06-30": "", "2020-03-31": "", "2019-12-31": "", "2019-09-30": "", "2019-06-30": "", "2019-03-31": "", "2018-12-31": "", "2018-09-30": "", "2018-06-30": "", "2018-03-31": "", "2017-12-31": "", "2017-09-30": "", "2017-06-30": "", "2017-03-31": "", "2016-12-31": "", "2016-09-30": "", "2016-06-30": "", "2016-03-31": "", "2015-12-31": "", "2015-09-30": "", "2015-06-30": "", "2015-03-31": "", "2014-12-31": "", "2014-09-30": "", "2014-06-30": "", "2014-03-31": "", "2013-12-31": "", "2013-09-30": "", "2013-06-30": "", "2013-03-31": "", "2012-12-31": "", "2012-09-30": "", "2012-06-30": "", "2012-03-31": "", "2011-12-31": "", "2011-09-30": "", "2011-06-30": "", "2011-03-31": "", "2010-12-31": "", "2010-09-30": "", "2010-06-30": "", "2010-03-31": "", "2009-12-31": "", "2009-09-30": "", "2009-06-30": "", "2009-03-31": "", "2008-12-31": "", "2008-09-30": "", "2008-06-30": "", "2008-03-31": "", "2007-12-31": "", "2007-09-30": "", "2007-06-30": "", "2007-03-31": "", "2006-12-31": "", "2006-09-30": "", "2006-06-30": "", "2006-03-31": "", "2005-12-31": "", "2005-09-30": "", "2005-06-30": "", "2005-03-31": ""}, "Income From Continuous Operations": {"2020-12-31": "292.00000", "2020-09-30": "283.00000", "2020-06-30": "72.00000", "2020-03-31": "150.00000", "2019-12-31": "-14.00000", "2019-09-30": "99.00000", "2019-06-30": "128.00000", "2019-03-31": "-289.00000", "2018-12-31": "-93.00000", "2018-09-30": "255.00000", "2018-06-30": "317.00000", "2018-03-31": "269.00000", "2017-12-31": "271.00000", "2017-09-30": "130.00000", "2017-06-30": "24.00000", "2017-03-31": "157.00000", "2016-12-31": "62.00000", "2016-09-30": "162.00000", "2016-06-30": "130.00000", "2016-03-31": "61.00000", "2015-12-31": "53.00000", "2015-09-30": "132.00000", "2015-06-30": "125.00000", "2015-03-31": "101.00000", "2014-12-31": "-35.00000", "2014-09-30": "198.00000", "2014-06-30": "269.00000", "2014-03-31": "184.00000", "2013-12-31": "16.00000", "2013-09-30": "146.00000", "2013-06-30": "185.00000", "2013-03-31": "144.00000", "2012-12-31": "70.00000", "2012-09-30": "117.00000", "2012-06-30": "84.00000", "2012-03-31": "41.00000", "2011-12-31": "65.00000", "2011-09-30": "133.00000", "2011-06-30": "23.00000", "2011-03-31": "98.00000", "2010-12-31": "172.00000", "2010-09-30": "1112.00000", "2010-06-30": "8.00000", "2010-03-31": "-18.00000", "2009-12-31": "-138.00000", "2009-09-30": "-5.00000", "2009-06-30": "-116.00000", "2009-03-31": "-266.00000", "2008-12-31": "-1203.00000", "2008-09-30": "-205.00000", "2008-06-30": "-260.00000", "2008-03-31": "-241.00000", "2007-12-31": "-182.00000", "2007-09-30": "-5.00000", "2007-06-30": "-49.00000", "2007-03-31": "-63.00000", "2006-12-31": "409.00000", "2006-09-30": "166.00000", "2006-06-30": "309.00000", "2006-03-31": "180.00000", "2005-12-31": "132.00000", "2005-09-30": "287.00000", "2005-06-30": "291.00000", "2005-03-31": "239.00000"}, "Income From Discontinued Operations": {"2020-12-31": "", "2020-09-30": "", "2020-06-30": "", "2020-03-31": "", "2019-12-31": "", "2019-09-30": "", "2019-06-30": "", "2019-03-31": "", "2018-12-31": "", "2018-09-30": "", "2018-06-30": "", "2018-03-31": "", "2017-12-31": "", "2017-09-30": "", "2017-06-30": "", "2017-03-31": "", "2016-12-31": "489.00000", "2016-09-30": "65.00000", "2016-06-30": "38.00000", "2016-03-31": "20.00000", "2015-12-31": "17.00000", "2015-09-30": "59.00000", "2015-06-30": "19.00000", "2015-03-31": "", "2014-12-31": "212.00000", "2014-09-30": "966.00000", "2014-06-30": "22.00000", "2014-03-31": "10.00000", "2013-12-31": "38.00000", "2013-09-30": "21.00000", "2013-06-30": "13.00000", "2013-03-31": "", "2012-12-31": "", "2012-09-30": "", "2012-06-30": "", "2012-03-31": "", "2011-12-31": "", "2011-09-30": "24.00000", "2011-06-30": "-13.00000", "2011-03-31": "1.00000", "2010-12-31": "-1.00000", "2010-09-30": "4.00000", "2010-06-30": "6.00000", "2010-03-31": "", "2009-12-31": "", "2009-09-30": "", "2009-06-30": "", "2009-03-31": "", "2008-12-31": "-11.00000", "2008-09-30": "480.00000", "2008-06-30": "111.00000", "2008-03-31": "87.00000", "2007-12-31": "68.00000", "2007-09-30": "106.00000", "2007-06-30": "81.00000", "2007-03-31": "783.00000", "2006-12-31": "98.00000", "2006-09-30": "58.00000", "2006-06-30": "-11.00000", "2006-03-31": "-756.00000", "2005-12-31": "-343.00000", "2005-09-30": "-2.00000", "2005-06-30": "129.00000", "2005-03-31": ""}, "Net Income": {"2020-12-31": "292.00000", "2020-09-30": "283.00000", "2020-06-30": "72.00000", "2020-03-31": "150.00000", "2019-12-31": "-14.00000", "2019-09-30": "99.00000", "2019-06-30": "128.00000", "2019-03-31": "-289.00000", "2018-12-31": "-93.00000", "2018-09-30": "255.00000", "2018-06-30": "317.00000", "2018-03-31": "269.00000", "2017-12-31": "271.00000", "2017-09-30": "130.00000", "2017-06-30": "24.00000", "2017-03-31": "157.00000", "2016-12-31": "551.00000", "2016-09-30": "227.00000", "2016-06-30": "157.00000", "2016-03-31": "70.00000", "2015-12-31": "59.00000", "2015-09-30": "180.00000", "2015-06-30": "133.00000", "2015-03-31": "90.00000", "2014-12-31": "166.00000", "2014-09-30": "1153.00000", "2014-06-30": "280.00000", "2014-03-31": "183.00000", "2013-12-31": "43.00000", "2013-09-30": "157.00000", "2013-06-30": "196.00000", "2013-03-31": "144.00000", "2012-12-31": "143.00000", "2012-09-30": "117.00000", "2012-06-30": "84.00000", "2012-03-31": "41.00000", "2011-12-31": "65.00000", "2011-09-30": "157.00000", "2011-06-30": "10.00000", "2011-03-31": "99.00000", "2010-12-31": "171.00000", "2010-09-30": "1116.00000", "2010-06-30": "14.00000", "2010-03-31": "-20.00000", "2009-12-31": "-170.00000", "2009-09-30": "-5.00000", "2009-06-30": "-106.00000", "2009-03-31": "-264.00000", "2008-12-31": "-1212.00000", "2008-09-30": "280.00000", "2008-06-30": "-96.00000", "2008-03-31": "-148.00000", "2007-12-31": "-63.00000", "2007-09-30": "101.00000", "2007-06-30": "32.00000", "2007-03-31": "720.00000", "2006-12-31": "507.00000", "2006-09-30": "224.00000", "2006-06-30": "298.00000", "2006-03-31": "-576.00000", "2005-12-31": "-211.00000", "2005-09-30": "285.00000", "2005-06-30": "420.00000", "2005-03-31": "239.00000"}, "EBITDA": {"2020-12-31": "", "2020-09-30": "625.00000", "2020-06-30": "360.00000", "2020-03-31": "363.00000", "2019-12-31": "217.00000", "2019-09-30": "337.00000", "2019-06-30": "310.00000", "2019-03-31": "297.00000", "2018-12-31": "302.00000", "2018-09-30": "459.00000", "2018-06-30": "595.00000", "2018-03-31": "524.00000", "2017-12-31": "603.00000", "2017-09-30": "337.00000", "2017-06-30": "286.00000", "2017-03-31": "426.00000", "2016-12-31": "311.00000", "2016-09-30": "400.00000", "2016-06-30": "395.00000", "2016-03-31": "281.00000", "2015-12-31": "198.00000", "2015-09-30": "284.00000", "2015-06-30": "318.00000", "2015-03-31": "323.00000", "2014-12-31": "86.00000", "2014-09-30": "441.00000", "2014-06-30": "526.00000", "2014-03-31": "434.00000", "2013-12-31": "-29.00000", "2013-09-30": "363.00000", "2013-06-30": "404.00000", "2013-03-31": "368.00000", "2012-12-31": "257.00000", "2012-09-30": "314.00000", "2012-06-30": "289.00000", "2012-03-31": "214.00000", "2011-12-31": "248.00000", "2011-09-30": "220.00000", "2011-06-30": "247.00000", "2011-03-31": "359.00000", "2010-12-31": "182.00000", "2010-09-30": "284.00000", "2010-06-30": "281.00000", "2010-03-31": "210.00000", "2009-12-31": "-191.00000", "2009-09-30": "354.00000", "2009-06-30": "140.00000", "2009-03-31": "-144.00000", "2008-12-31": "-2135.00000", "2008-09-30": "91.00000", "2008-06-30": "78.00000", "2008-03-31": "54.00000", "2007-12-31": "318.00000", "2007-09-30": "307.00000", "2007-06-30": "381.00000", "2007-03-31": "188.00000", "2006-12-31": "1045.00000", "2006-09-30": "-98.00000", "2006-06-30": "808.00000", "2006-03-31": "1399.00000", "2005-12-31": "555.00000", "2005-09-30": "768.00000", "2005-06-30": "994.00000", "2005-03-31": "856.00000"}, "EBIT": {"2020-12-31": "717.00000", "2020-09-30": "510.00000", "2020-06-30": "243.00000", "2020-03-31": "240.00000", "2019-12-31": "89.00000", "2019-09-30": "202.00000", "2019-06-30": "186.00000", "2019-03-31": "174.00000", "2018-12-31": "177.00000", "2018-09-30": "337.00000", "2018-06-30": "476.00000", "2018-03-31": "404.00000", "2017-12-31": "476.00000", "2017-09-30": "205.00000", "2017-06-30": "157.00000", "2017-03-31": "293.00000", "2016-12-31": "174.00000", "2016-09-30": "261.00000", "2016-06-30": "248.00000", "2016-03-31": "139.00000", "2015-12-31": "78.00000", "2015-09-30": "166.00000", "2015-06-30": "200.00000", "2015-03-31": "200.00000", "2014-12-31": "-39.00000", "2014-09-30": "318.00000", "2014-06-30": "400.00000", "2014-03-31": "308.00000", "2013-12-31": "-158.00000", "2013-09-30": "243.00000", "2013-06-30": "293.00000", "2013-03-31": "256.00000", "2012-12-31": "139.00000", "2012-09-30": "202.00000", "2012-06-30": "176.00000", "2012-03-31": "101.00000", "2011-12-31": "131.00000", "2011-09-30": "100.00000", "2011-06-30": "127.00000", "2011-03-31": "236.00000", "2010-12-31": "55.00000", "2010-09-30": "160.00000", "2010-06-30": "155.00000", "2010-03-31": "84.00000", "2009-12-31": "-325.00000", "2009-09-30": "205.00000", "2009-06-30": "11.00000", "2009-03-31": "-270.00000", "2008-12-31": "-2308.00000", "2008-09-30": "-61.00000", "2008-06-30": "-75.00000", "2008-03-31": "-157.00000", "2007-12-31": "97.00000", "2007-09-30": "93.00000", "2007-06-30": "44.00000", "2007-03-31": "-14.00000", "2006-12-31": "704.00000", "2006-09-30": "337.00000", "2006-06-30": "492.00000", "2006-03-31": "338.00000", "2005-12-31": "217.00000", "2005-09-30": "435.00000", "2005-06-30": "662.00000", "2005-03-31": "522.00000"}, "Basic Shares Outstanding": {"2020-12-31": "747.29400", "2020-09-30": "746.99600", "2020-06-30": "746.89600", "2020-03-31": "746.53400", "2019-12-31": "745.89700", "2019-09-30": "745.62600", "2019-06-30": "745.48600", "2019-03-31": "746.60300", "2018-12-31": "754.55600", "2018-09-30": "754.98600", "2018-06-30": "757.82900", "2018-03-31": "756.81500", "2017-12-31": "753.08500", "2017-09-30": "753.53500", "2017-06-30": "752.63000", "2017-03-31": "750.66500", "2016-12-31": "718.56000", "2016-09-30": "749.58700", "2016-06-30": "743.14000", "2016-03-31": "632.00400", "2015-12-31": "516.37100", "2015-09-30": "514.30100", "2015-06-30": "516.62600", "2015-03-31": "523.42600", "2014-12-31": "556.70500", "2014-09-30": "531.91300", "2014-06-30": "586.06100", "2014-03-31": "584.91500", "2013-12-31": "566.32900", "2013-09-30": "582.82800", "2013-06-30": "552.85500", "2013-03-31": "545.23400", "2012-12-31": "539.14000", "2012-09-30": "539.09400", "2012-06-30": "537.96600", "2012-03-31": "537.36800", "2011-12-31": "537.53400", "2011-09-30": "537.96900", "2011-06-30": "538.59900", "2011-03-31": "537.14000", "2010-12-31": "319.97600", "2010-09-30": "317.36900", "2010-06-30": "211.60000", "2010-03-31": "211.44000", "2009-12-31": "211.34200", "2009-09-30": "211.35700", "2009-06-30": "211.35600", "2009-03-31": "516.28550", "2008-12-31": "211.25800", "2008-09-30": "516.25130", "2008-06-30": "516.19750", "2008-03-31": "516.03390", "2007-12-31": "535.84980", "2007-09-30": "525.70730", "2007-06-30": "531.89890", "2007-03-31": "569.90350", "2006-12-31": "583.54250", "2006-09-30": "604.56560", "2006-06-30": "606.32240", "2006-03-31": "600.57310", "2005-12-31": "597.28180", "2005-09-30": "598.65500", "2005-06-30": "597.90480", "2005-03-31": "593.41140"}, "Shares Outstanding": {"2020-12-31": "749.00400", "2020-09-30": "748.45000", "2020-06-30": "746.98400", "2020-03-31": "747.15500", "2019-12-31": "745.89700", "2019-09-30": "746.51400", "2019-06-30": "746.23200", "2019-03-31": "746.60300", "2018-12-31": "756.82700", "2018-09-30": "757.38900", "2018-06-30": "760.53300", "2018-03-31": "759.46200", "2017-12-31": "756.66600", "2017-09-30": "756.90300", "2017-06-30": "756.45100", "2017-03-31": "754.74700", "2016-12-31": "722.40100", "2016-09-30": "754.04400", "2016-06-30": "747.70100", "2016-03-31": "634.87200", "2015-12-31": "519.61800", "2015-09-30": "517.08800", "2015-06-30": "519.80400", "2015-03-31": "527.42300", "2014-12-31": "560.89900", "2014-09-30": "536.01200", "2014-06-30": "589.76600", "2014-03-31": "589.31200", "2013-12-31": "571.23900", "2013-09-30": "587.17900", "2013-06-30": "557.58800", "2013-03-31": "550.78500", "2012-12-31": "542.31000", "2012-09-30": "542.31100", "2012-06-30": "540.03300", "2012-03-31": "539.72800", "2011-12-31": "539.87900", "2011-09-30": "539.82700", "2011-06-30": "541.09500", "2011-03-31": "540.47600", "2010-12-31": "321.09600", "2010-09-30": "318.36000", "2010-06-30": "212.10300", "2010-03-31": "211.44000", "2009-12-31": "211.34200", "2009-09-30": "211.35700", "2009-06-30": "211.35600", "2009-03-31": "516.28550", "2008-12-31": "211.25800", "2008-09-30": "516.25130", "2008-06-30": "516.19750", "2008-03-31": "516.03390", "2007-12-31": "535.84980", "2007-09-30": "525.70730", "2007-06-30": "531.89890", "2007-03-31": "569.90350", "2006-12-31": "585.25540", "2006-09-30": "605.71880", "2006-06-30": "608.88060", "2006-03-31": "603.44650", "2005-12-31": "600.13320", "2005-09-30": "601.54060", "2005-06-30": "600.78560", "2005-03-31": "596.64160"}, "Basic EPS": {"2020-12-31": "0.39000", "2020-09-30": "0.38000", "2020-06-30": "0.10000", "2020-03-31": "0.20000", "2019-12-31": "-0.01000", "2019-09-30": "0.13000", "2019-06-30": "0.17000", "2019-03-31": "-0.39000", "2018-12-31": "-0.12000", "2018-09-30": "0.34000", "2018-06-30": "0.42000", "2018-03-31": "0.35000", "2017-12-31": "0.36000", "2017-09-30": "0.17000", "2017-06-30": "0.03000", "2017-03-31": "0.21000", "2016-12-31": "0.78000", "2016-09-30": "0.30000", "2016-06-30": "0.21000", "2016-03-31": "0.11000", "2015-12-31": "0.11000", "2015-09-30": "0.35000", "2015-06-30": "0.26000", "2015-03-31": "0.17000", "2014-12-31": "0.24000", "2014-09-30": "2.17000", "2014-06-30": "0.48000", "2014-03-31": "0.31000", "2013-12-31": "0.07000", "2013-09-30": "0.27000", "2013-06-30": "0.35000", "2013-03-31": "0.26000", "2012-12-31": "0.25000", "2012-09-30": "0.22000", "2012-06-30": "0.16000", "2012-03-31": "0.08000", "2011-12-31": "0.13000", "2011-09-30": "0.29000", "2011-06-30": "0.02000", "2011-03-31": "0.18000", "2010-12-31": "0.51000", "2010-09-30": "3.52000", "2010-06-30": "0.07000", "2010-03-31": "-0.10000", "2009-12-31": "-1.54480", "2009-09-30": "-0.02370", "2009-06-30": "-0.50000", "2009-03-31": "-0.51160", "2008-12-31": "-5.64370", "2008-09-30": "0.54430", "2008-06-30": "-0.18420", "2008-03-31": "-0.28650", "2007-12-31": "-0.04500", "2007-09-30": "0.19240", "2007-06-30": "0.06140", "2007-03-31": "1.26460", "2006-12-31": "0.86760", "2006-09-30": "0.37240", "2006-06-30": "0.49110", "2006-03-31": "-0.95770", "2005-12-31": "-0.35200", "2005-09-30": "0.47470", "2005-06-30": "0.70390", "2005-03-31": "0.40110"}, "EPS - Earnings Per Share": {"2020-12-31": "0.17000", "2020-09-30": "0.38000", "2020-06-30": "0.10000", "2020-03-31": "0.20000", "2019-12-31": "-0.01000", "2019-09-30": "0.13000", "2019-06-30": "0.17000", "2019-03-31": "-0.39000", "2018-12-31": "-0.12000", "2018-09-30": "0.34000", "2018-06-30": "0.42000", "2018-03-31": "0.35000", "2017-12-31": "0.36000", "2017-09-30": "0.17000", "2017-06-30": "0.03000", "2017-03-31": "0.21000", "2016-12-31": "0.77000", "2016-09-30": "0.30000", "2016-06-30": "0.21000", "2016-03-31": "0.11000", "2015-12-31": "0.11000", "2015-09-30": "0.35000", "2015-06-30": "0.26000", "2015-03-31": "0.17000", "2014-12-31": "0.25000", "2014-09-30": "2.15000", "2014-06-30": "0.47000", "2014-03-31": "0.31000", "2013-12-31": "0.07000", "2013-09-30": "0.27000", "2013-06-30": "0.35000", "2013-03-31": "0.26000", "2012-12-31": "0.25000", "2012-09-30": "0.22000", "2012-06-30": "0.16000", "2012-03-31": "0.08000", "2011-12-31": "0.12000", "2011-09-30": "0.29000", "2011-06-30": "0.02000", "2011-03-31": "0.18000", "2010-12-31": "0.52000", "2010-09-30": "3.50000", "2010-06-30": "0.07000", "2010-03-31": "-0.10000", "2009-12-31": "-1.54480", "2009-09-30": "-0.02370", "2009-06-30": "-0.50000", "2009-03-31": "-0.51160", "2008-12-31": "-5.64370", "2008-09-30": "0.54430", "2008-06-30": "-0.18420", "2008-03-31": "-0.28650", "2007-12-31": "-0.04500", "2007-09-30": "0.19240", "2007-06-30": "0.06140", "2007-03-31": "1.26460", "2006-12-31": "0.86760", "2006-09-30": "0.37240", "2006-06-30": "0.48700", "2006-03-31": "-0.95360", "2005-12-31": "-0.35610", "2005-09-30": "0.47470", "2005-06-30": "0.69980", "2005-03-31": "0.40110"}}, "balance sheet": {"Cash On Hand": {"2020-12-31": "495.00000", "2019-12-31": "139.00000", "2018-12-31": "334.00000", "2017-12-31": "824.00000", "2016-12-31": "676.00000", "2015-12-31": "1011.00000", "2014-12-31": "1580.00000", "2013-12-31": "830.00000", "2012-12-31": "1082.00000", "2011-12-31": "950.00000", "2010-12-31": "1466.00000", "2009-12-31": "1911.00000", "2008-12-31": "2426.00000", "2007-12-31": "79.00000", "2006-12-31": "223.00000", "2005-12-31": "818.00000"}, "Receivables": {"2020-12-31": "532.00000", "2019-12-31": "407.00000", "2018-12-31": "474.00000", "2017-12-31": "410.00000", "2016-12-31": "474.00000", "2015-12-31": "306.00000", "2014-12-31": "550.00000", "2013-12-31": "619.00000", "2012-12-31": "618.00000", "2011-12-31": "490.00000", "2010-12-31": "451.00000", "2009-12-31": "1118.00000", "2008-12-31": "702.00000", "2007-12-31": "651.00000", "2006-12-31": "1183.00000", "2005-12-31": "1707.00000"}, "Inventory": {"2020-12-31": "443.00000", "2019-12-31": "416.00000", "2018-12-31": "389.00000", "2017-12-31": "383.00000", "2016-12-31": "358.00000", "2015-12-31": "325.00000", "2014-12-31": "595.00000", "2013-12-31": "542.00000", "2012-12-31": "531.00000", "2011-12-31": "476.00000", "2010-12-31": "478.00000", "2009-12-31": "447.00000", "2008-12-31": "702.00000", "2007-12-31": "795.00000", "2006-12-31": "1355.00000", "2005-12-31": "1885.00000"}, "Pre-Paid Expenses": {"2020-12-31": "139.00000", "2019-12-31": "147.00000", "2018-12-31": "152.00000", "2017-12-31": "98.00000", "2016-12-31": "114.00000", "2015-12-31": "63.00000", "2014-12-31": "80.00000", "2013-12-31": "117.00000", "2012-12-31": "88.00000", "2011-12-31": "68.00000", "2010-12-31": "81.00000", "2009-12-31": "82.00000", "2008-12-31": "101.00000", "2007-12-31": "164.00000", "2006-12-31": "196.00000", "2005-12-31": "414.00000"}, "Other Current Assets": {"2020-12-31": "", "2019-12-31": "502.00000", "2018-12-31": "253.00000", "2017-12-31": "", "2016-12-31": "", "2015-12-31": "", "2014-12-31": "", "2013-12-31": "", "2012-12-31": "", "2011-12-31": "", "2010-12-31": "", "2009-12-31": "", "2008-12-31": "", "2007-12-31": "", "2006-12-31": "105.00000", "2005-12-31": ""}, "Total Current Assets": {"2020-12-31": "1609.00000", "2019-12-31": "1611.00000", "2018-12-31": "1602.00000", "2017-12-31": "1715.00000", "2016-12-31": "1622.00000", "2015-12-31": "3639.00000", "2014-12-31": "2805.00000", "2013-12-31": "2326.00000", "2012-12-31": "2407.00000", "2011-12-31": "2065.00000", "2010-12-31": "2589.00000", "2009-12-31": "3667.00000", "2008-12-31": "4090.00000", "2007-12-31": "3014.00000", "2006-12-31": "4121.00000", "2005-12-31": "4876.00000"}, "Property, Plant, And Equipment": {"2020-12-31": "2013.00000", "2019-12-31": "1969.00000", "2018-12-31": "1857.00000", "2017-12-31": "1618.00000", "2016-12-31": "1562.00000", "2015-12-31": "1233.00000", "2014-12-31": "2623.00000", "2013-12-31": "2689.00000", "2012-12-31": "2872.00000", "2011-12-31": "2901.00000", "2010-12-31": "3217.00000", "2009-12-31": "3611.00000", "2008-12-31": "3869.00000", "2007-12-31": "4112.00000", "2006-12-31": "7061.00000", "2005-12-31": "10345.00000"}, "Long-Term Investments": {"2020-12-31": "", "2019-12-31": "", "2018-12-31": "362.00000", "2017-12-31": "", "2016-12-31": "56.00000", "2015-12-31": "", "2014-12-31": "803.00000", "2013-12-31": "805.00000", "2012-12-31": "828.00000", "2011-12-31": "213.00000", "2010-12-31": "210.00000", "2009-12-31": "214.00000", "2008-12-31": "232.00000", "2007-12-31": "343.00000", "2006-12-31": "571.00000", "2005-12-31": "547.00000"}, "Goodwill And Intangible Assets": {"2020-12-31": "268.00000", "2019-12-31": "281.00000", "2018-12-31": "294.00000", "2017-12-31": "308.00000", "2016-12-31": "359.00000", "2015-12-31": "54.00000", "2014-12-31": "40.00000", "2013-12-31": "42.00000", "2012-12-31": "40.00000", "2011-12-31": "40.00000", "2010-12-31": "40.00000", "2009-12-31": "40.00000", "2008-12-31": "43.00000", "2007-12-31": "941.00000", "2006-12-31": "2185.00000", "2005-12-31": "2982.00000"}, "Other Long-Term Assets": {"2020-12-31": "401.00000", "2019-12-31": "414.00000", "2018-12-31": "312.00000", "2017-12-31": "971.00000", "2016-12-31": "839.00000", "2015-12-31": "844.00000", "2014-12-31": "289.00000", "2013-12-31": "324.00000", "2012-12-31": "400.00000", "2011-12-31": "1484.00000", "2010-12-31": "1407.00000", "2009-12-31": "1054.00000", "2008-12-31": "1129.00000", "2007-12-31": "1517.00000", "2006-12-31": "1511.00000", "2005-12-31": "1628.00000"}, "Total Long-Term Assets": {"2020-12-31": "14702.00000", "2019-12-31": "14795.00000", "2018-12-31": "15647.00000", "2017-12-31": "16344.00000", "2016-12-31": "17621.00000", "2015-12-31": "9081.00000", "2014-12-31": "10460.00000", "2013-12-31": "12251.00000", "2012-12-31": "10185.00000", "2011-12-31": "10569.00000", "2010-12-31": "10840.00000", "2009-12-31": "11583.00000", "2008-12-31": "12605.00000", "2007-12-31": "20792.00000", "2006-12-31": "22741.00000", "2005-12-31": "23353.00000"}, "Total Assets": {"2020-12-31": "16311.00000", "2019-12-31": "16406.00000", "2018-12-31": "17249.00000", "2017-12-31": "18059.00000", "2016-12-31": "19243.00000", "2015-12-31": "12720.00000", "2014-12-31": "13265.00000", "2013-12-31": "14577.00000", "2012-12-31": "12592.00000", "2011-12-31": "12634.00000", "2010-12-31": "13429.00000", "2009-12-31": "15250.00000", "2008-12-31": "16695.00000", "2007-12-31": "23806.00000", "2006-12-31": "26862.00000", "2005-12-31": "28229.00000"}, "Total Current Liabilities": {"2020-12-31": "950.00000", "2019-12-31": "1006.00000", "2018-12-31": "1939.00000", "2017-12-31": "1165.00000", "2016-12-31": "1206.00000", "2015-12-31": "1325.00000", "2014-12-31": "918.00000", "2013-12-31": "1128.00000", "2012-12-31": "1605.00000", "2011-12-31": "941.00000", "2010-12-31": "1074.00000", "2009-12-31": "955.00000", "2008-12-31": "1722.00000", "2007-12-31": "2607.00000", "2006-12-31": "3129.00000", "2005-12-31": "3258.00000"}, "Long Term Debt": {"2020-12-31": "5325.00000", "2019-12-31": "6147.00000", "2018-12-31": "5419.00000", "2017-12-31": "6232.00000", "2016-12-31": "6840.00000", "2015-12-31": "5298.00000", "2014-12-31": "5402.00000", "2013-12-31": "5402.00000", "2012-12-31": "4393.00000", "2011-12-31": "4466.00000", "2010-12-31": "5060.00000", "2009-12-31": "5683.00000", "2008-12-31": "5609.00000", "2007-12-31": "6834.00000", "2006-12-31": "7675.00000", "2005-12-31": "8255.00000"}, "Other Non-Current Liabilities": {"2020-12-31": "370.00000", "2019-12-31": "377.00000", "2018-12-31": "275.00000", "2017-12-31": "276.00000", "2016-12-31": "695.00000", "2015-12-31": "241.00000", "2014-12-31": "308.00000", "2013-12-31": "414.00000", "2012-12-31": "551.00000", "2011-12-31": "1364.00000", "2010-12-31": "1385.00000", "2009-12-31": "1020.00000", "2008-12-31": "1094.00000", "2007-12-31": "2148.00000", "2006-12-31": "2203.00000", "2005-12-31": "1293.00000"}, "Total Long Term Liabilities": {"2020-12-31": "6630.00000", "2019-12-31": "7223.00000", "2018-12-31": "6264.00000", "2017-12-31": "7995.00000", "2016-12-31": "8857.00000", "2015-12-31": "6526.00000", "2014-12-31": "7043.00000", "2013-12-31": "6617.00000", "2012-12-31": "6874.00000", "2011-12-31": "7426.00000", "2010-12-31": "7741.00000", "2009-12-31": "10241.00000", "2008-12-31": "10126.00000", "2007-12-31": "13218.00000", "2006-12-31": "14648.00000", "2005-12-31": "15171.00000"}, "Total Liabilities": {"2020-12-31": "7580.00000", "2019-12-31": "8229.00000", "2018-12-31": "8203.00000", "2017-12-31": "9160.00000", "2016-12-31": "10063.00000", "2015-12-31": "7851.00000", "2014-12-31": "7961.00000", "2013-12-31": "7745.00000", "2012-12-31": "8479.00000", "2011-12-31": "8367.00000", "2010-12-31": "8815.00000", "2009-12-31": "11196.00000", "2008-12-31": "11848.00000", "2007-12-31": "15825.00000", "2006-12-31": "17777.00000", "2005-12-31": "18429.00000"}, "Common Stock Net": {"2020-12-31": "", "2019-12-31": "932.00000", "2018-12-31": "933.00000", "2017-12-31": "944.00000", "2016-12-31": "936.00000", "2015-12-31": "638.00000", "2014-12-31": "656.00000", "2013-12-31": "729.00000", "2012-12-31": "678.00000", "2011-12-31": "671.00000", "2010-12-31": "670.00000", "2009-12-31": "264.00000", "2008-12-31": "264.00000", "2007-12-31": "262.00000", "2006-12-31": "295.00000", "2005-12-31": "304.00000"}, "Retained Earnings (Accumulated Deficit)": {"2020-12-31": "", "2019-12-31": "-3.00000", "2018-12-31": "1093.00000", "2017-12-31": "1078.00000", "2016-12-31": "1421.00000", "2015-12-31": "1349.00000", "2014-12-31": "1508.00000", "2013-12-31": "294.00000", "2012-12-31": "219.00000", "2011-12-31": "176.00000", "2010-12-31": "181.00000", "2009-12-31": "2658.00000", "2008-12-31": "3278.00000", "2007-12-31": "5014.00000", "2006-12-31": "4755.00000", "2005-12-31": "4840.00000"}, "Comprehensive Income": {"2020-12-31": "", "2019-12-31": "-904.00000", "2018-12-31": "-1152.00000", "2017-12-31": "-1562.00000", "2016-12-31": "-1459.00000", "2015-12-31": "-1212.00000", "2014-12-31": "-1393.00000", "2013-12-31": "-686.00000", "2012-12-31": "-1558.00000", "2011-12-31": "-1179.00000", "2010-12-31": "-791.00000", "2009-12-31": "-664.00000", "2008-12-31": "-495.00000", "2007-12-31": "987.00000", "2006-12-31": "88.00000", "2005-12-31": "290.00000"}, "Other Share Holders Equity": {"2020-12-31": "", "2019-12-31": "", "2018-12-31": "", "2017-12-31": "", "2016-12-31": "", "2015-12-31": "", "2014-12-31": "", "2013-12-31": "", "2012-12-31": "", "2011-12-31": "", "2010-12-31": "", "2009-12-31": "", "2008-12-31": "", "2007-12-31": "109.00000", "2006-12-31": "135.00000", "2005-12-31": "139.00000"}, "Share Holder Equity": {"2020-12-31": "8731.00000", "2019-12-31": "8177.00000", "2018-12-31": "9046.00000", "2017-12-31": "8899.00000", "2016-12-31": "9180.00000", "2015-12-31": "4869.00000", "2014-12-31": "5304.00000", "2013-12-31": "6832.00000", "2012-12-31": "4113.00000", "2011-12-31": "4267.00000", "2010-12-31": "4614.00000", "2009-12-31": "4054.00000", "2008-12-31": "4847.00000", "2007-12-31": "7981.00000", "2006-12-31": "9085.00000", "2005-12-31": "9800.00000"}, "Total Liabilities And Share Holders Equity": {"2020-12-31": "16311.00000", "2019-12-31": "16406.00000", "2018-12-31": "17249.00000", "2017-12-31": "18059.00000", "2016-12-31": "19243.00000", "2015-12-31": "12720.00000", "2014-12-31": "13265.00000", "2013-12-31": "14577.00000", "2012-12-31": "12592.00000", "2011-12-31": "12634.00000", "2010-12-31": "13429.00000", "2009-12-31": "15250.00000", "2008-12-31": "16695.00000", "2007-12-31": "23806.00000", "2006-12-31": "26862.00000", "2005-12-31": "28229.00000"}}, "balance sheet, quarterly": {"Cash On Hand": {"2020-12-31": "495.00000", "2020-09-30": "787.00000", "2020-06-30": "643.00000", "2020-03-31": "1458.00000", "2019-12-31": "139.00000", "2019-09-30": "153.00000", "2019-06-30": "212.00000", "2019-03-31": "259.00000", "2018-12-31": "334.00000", "2018-09-30": "348.00000", "2018-06-30": "901.00000", "2018-03-31": "851.00000", "2017-12-31": "824.00000", "2017-09-30": "497.00000", "2017-06-30": "701.00000", "2017-03-31": "455.00000", "2016-12-31": "676.00000", "2016-09-30": "769.00000", "2016-06-30": "485.00000", "2016-03-31": "415.00000", "2015-12-31": "1011.00000", "2015-09-30": "1048.00000", "2015-06-30": "1121.00000", "2015-03-31": "1158.00000", "2014-12-31": "1580.00000", "2014-09-30": "1620.00000", "2014-06-30": "845.00000", "2014-03-31": "780.00000", "2013-12-31": "830.00000", "2013-09-30": "898.00000", "2013-06-30": "908.00000", "2013-03-31": "635.00000", "2012-12-31": "1082.00000", "2012-09-30": "602.00000", "2012-06-30": "857.00000", "2012-03-31": "726.00000", "2011-12-31": "950.00000", "2011-09-30": "969.00000", "2011-06-30": "877.00000", "2011-03-31": "1459.00000", "2010-12-31": "1466.00000", "2010-09-30": "1366.00000", "2010-06-30": "1842.00000", "2010-03-31": "2144.00000", "2009-12-31": "1911.00000", "2009-09-30": "1671.00000", "2009-06-30": "1805.00000", "2009-03-31": "1745.00000", "2008-12-31": "2426.00000", "2008-09-30": "4797.00000", "2008-06-30": "73.00000", "2008-03-31": "53.00000", "2007-12-31": "79.00000", "2007-09-30": "72.00000", "2007-06-30": "208.00000", "2007-03-31": "1172.00000", "2006-12-31": "223.00000", "2006-09-30": "114.00000", "2006-06-30": "113.00000", "2006-03-31": "105.00000", "2005-12-31": "818.00000", "2005-09-30": "885.00000", "2005-06-30": "1704.00000", "2005-03-31": "402.00000"}, "Receivables": {"2020-12-31": "532.00000", "2020-09-30": "548.00000", "2020-06-30": "468.00000", "2020-03-31": "414.00000", "2019-12-31": "407.00000", "2019-09-30": "517.00000", "2019-06-30": "565.00000", "2019-03-31": "561.00000", "2018-12-31": "474.00000", "2018-09-30": "584.00000", "2018-06-30": "514.00000", "2018-03-31": "505.00000", "2017-12-31": "410.00000", "2017-09-30": "550.00000", "2017-06-30": "450.00000", "2017-03-31": "482.00000", "2016-12-31": "474.00000", "2016-09-30": "417.00000", "2016-06-30": "416.00000", "2016-03-31": "603.00000", "2015-12-31": "306.00000", "2015-09-30": "559.00000", "2015-06-30": "549.00000", "2015-03-31": "562.00000", "2014-12-31": "550.00000", "2014-09-30": "606.00000", "2014-06-30": "627.00000", "2014-03-31": "594.00000", "2013-12-31": "619.00000", "2013-09-30": "617.00000", "2013-06-30": "632.00000", "2013-03-31": "693.00000", "2012-12-31": "618.00000", "2012-09-30": "601.00000", "2012-06-30": "494.00000", "2012-03-31": "503.00000", "2011-12-31": "490.00000", "2011-09-30": "467.00000", "2011-06-30": "533.00000", "2011-03-31": "505.00000", "2010-12-31": "451.00000", "2010-09-30": "558.00000", "2010-06-30": "532.00000", "2010-03-31": "592.00000", "2009-12-31": "1118.00000", "2009-09-30": "987.00000", "2009-06-30": "1023.00000", "2009-03-31": "942.00000", "2008-12-31": "702.00000", "2008-09-30": "658.00000", "2008-06-30": "762.00000", "2008-03-31": "818.00000", "2007-12-31": "651.00000", "2007-09-30": "1419.00000", "2007-06-30": "1508.00000", "2007-03-31": "1394.00000", "2006-12-31": "1183.00000", "2006-09-30": "1816.00000", "2006-06-30": "1942.00000", "2006-03-31": "1828.00000", "2005-12-31": "1707.00000", "2005-09-30": "1966.00000", "2005-06-30": "2008.00000", "2005-03-31": "1840.00000"}, "Inventory": {"2020-12-31": "443.00000", "2020-09-30": "411.00000", "2020-06-30": "409.00000", "2020-03-31": "480.00000", "2019-12-31": "416.00000", "2019-09-30": "393.00000", "2019-06-30": "425.00000", "2019-03-31": "451.00000", "2018-12-31": "389.00000", "2018-09-30": "389.00000", "2018-06-30": "414.00000", "2018-03-31": "445.00000", "2017-12-31": "383.00000", "2017-09-30": "340.00000", "2017-06-30": "349.00000", "2017-03-31": "386.00000", "2016-12-31": "358.00000", "2016-09-30": "368.00000", "2016-06-30": "387.00000", "2016-03-31": "677.00000", "2015-12-31": "325.00000", "2015-09-30": "590.00000", "2015-06-30": "603.00000", "2015-03-31": "645.00000", "2014-12-31": "595.00000", "2014-09-30": "578.00000", "2014-06-30": "596.00000", "2014-03-31": "626.00000", "2013-12-31": "542.00000", "2013-09-30": "533.00000", "2013-06-30": "561.00000", "2013-03-31": "596.00000", "2012-12-31": "531.00000", "2012-09-30": "512.00000", "2012-06-30": "487.00000", "2012-03-31": "517.00000", "2011-12-31": "476.00000", "2011-09-30": "468.00000", "2011-06-30": "513.00000", "2011-03-31": "544.00000", "2010-12-31": "478.00000", "2010-09-30": "479.00000", "2010-06-30": "472.00000", "2010-03-31": "515.00000", "2009-12-31": "447.00000", "2009-09-30": "498.00000", "2009-06-30": "530.00000", "2009-03-31": "708.00000", "2008-12-31": "702.00000", "2008-09-30": "712.00000", "2008-06-30": "732.00000", "2008-03-31": "840.00000", "2007-12-31": "795.00000", "2007-09-30": "1323.00000", "2007-06-30": "1308.00000", "2007-03-31": "1437.00000", "2006-12-31": "1355.00000", "2006-09-30": "1983.00000", "2006-06-30": "1911.00000", "2006-03-31": "2068.00000", "2005-12-31": "1885.00000", "2005-09-30": "1992.00000", "2005-06-30": "2018.00000", "2005-03-31": "2122.00000"}, "Pre-Paid Expenses": {"2020-12-31": "139.00000", "2020-09-30": "101.00000", "2020-06-30": "131.00000", "2020-03-31": "141.00000", "2019-12-31": "147.00000", "2019-09-30": "141.00000", "2019-06-30": "132.00000", "2019-03-31": "141.00000", "2018-12-31": "152.00000", "2018-09-30": "140.00000", "2018-06-30": "146.00000", "2018-03-31": "118.00000", "2017-12-31": "98.00000", "2017-09-30": "130.00000", "2017-06-30": "177.00000", "2017-03-31": "142.00000", "2016-12-31": "114.00000", "2016-09-30": "150.00000", "2016-06-30": "132.00000", "2016-03-31": "135.00000", "2015-12-31": "63.00000", "2015-09-30": "87.00000", "2015-06-30": "82.00000", "2015-03-31": "95.00000", "2014-12-31": "80.00000", "2014-09-30": "97.00000", "2014-06-30": "106.00000", "2014-03-31": "108.00000", "2013-12-31": "117.00000", "2013-09-30": "114.00000", "2013-06-30": "96.00000", "2013-03-31": "89.00000", "2012-12-31": "88.00000", "2012-09-30": "83.00000", "2012-06-30": "86.00000", "2012-03-31": "80.00000", "2011-12-31": "68.00000", "2011-09-30": "81.00000", "2011-06-30": "115.00000", "2011-03-31": "85.00000", "2010-12-31": "81.00000", "2010-09-30": "87.00000", "2010-06-30": "91.00000", "2010-03-31": "93.00000", "2009-12-31": "82.00000", "2009-09-30": "87.00000", "2009-06-30": "92.00000", "2009-03-31": "98.00000", "2008-12-31": "101.00000", "2008-09-30": "113.00000", "2008-06-30": "133.00000", "2008-03-31": "150.00000", "2007-12-31": "164.00000", "2007-09-30": "406.00000", "2007-06-30": "378.00000", "2007-03-31": "356.00000", "2006-12-31": "196.00000", "2006-09-30": "440.00000", "2006-06-30": "427.00000", "2006-03-31": "433.00000", "2005-12-31": "414.00000", "2005-09-30": "581.00000", "2005-06-30": "612.00000", "2005-03-31": "634.00000"}, "Other Current Assets": {"2020-12-31": "", "2020-09-30": "199.00000", "2020-06-30": "", "2020-03-31": "", "2019-12-31": "502.00000", "2019-09-30": "613.00000", "2019-06-30": "362.00000", "2019-03-31": "362.00000", "2018-12-31": "253.00000", "2018-09-30": "253.00000", "2018-06-30": "253.00000", "2018-03-31": "", "2017-12-31": "", "2017-09-30": "", "2017-06-30": "411.00000", "2017-03-31": "", "2016-12-31": "", "2016-09-30": "", "2016-06-30": "", "2016-03-31": "", "2015-12-31": "", "2015-09-30": "", "2015-06-30": "", "2015-03-31": "", "2014-12-31": "", "2014-09-30": "", "2014-06-30": "", "2014-03-31": "", "2013-12-31": "", "2013-09-30": "", "2013-06-30": "", "2013-03-31": "", "2012-12-31": "", "2012-09-30": "", "2012-06-30": "", "2012-03-31": "", "2011-12-31": "", "2011-09-30": "", "2011-06-30": "", "2011-03-31": "", "2010-12-31": "", "2010-09-30": "", "2010-06-30": "", "2010-03-31": "", "2009-12-31": "", "2009-09-30": "", "2009-06-30": "", "2009-03-31": "", "2008-12-31": "", "2008-09-30": "21.00000", "2008-06-30": "", "2008-03-31": "", "2007-12-31": "", "2007-09-30": "", "2007-06-30": "", "2007-03-31": "114.00000", "2006-12-31": "105.00000", "2006-09-30": "", "2006-06-30": "", "2006-03-31": "", "2005-12-31": "", "2005-09-30": "", "2005-06-30": "", "2005-03-31": "1119.00000"}, "Total Current Assets": {"2020-12-31": "1609.00000", "2020-09-30": "2046.00000", "2020-06-30": "1651.00000", "2020-03-31": "2493.00000", "2019-12-31": "1611.00000", "2019-09-30": "1817.00000", "2019-06-30": "1696.00000", "2019-03-31": "1774.00000", "2018-12-31": "1602.00000", "2018-09-30": "1714.00000", "2018-06-30": "2228.00000", "2018-03-31": "1919.00000", "2017-12-31": "1715.00000", "2017-09-30": "1517.00000", "2017-06-30": "2088.00000", "2017-03-31": "1465.00000", "2016-12-31": "1622.00000", "2016-09-30": "3356.00000", "2016-06-30": "3328.00000", "2016-03-31": "1830.00000", "2015-12-31": "3639.00000", "2015-09-30": "2502.00000", "2015-06-30": "2517.00000", "2015-03-31": "2652.00000", "2014-12-31": "2805.00000", "2014-09-30": "3012.00000", "2014-06-30": "3290.00000", "2014-03-31": "2315.00000", "2013-12-31": "2326.00000", "2013-09-30": "2275.00000", "2013-06-30": "2341.00000", "2013-03-31": "2202.00000", "2012-12-31": "2407.00000", "2012-09-30": "1915.00000", "2012-06-30": "2024.00000", "2012-03-31": "1939.00000", "2011-12-31": "2065.00000", "2011-09-30": "2091.00000", "2011-06-30": "2205.00000", "2011-03-31": "2748.00000", "2010-12-31": "2589.00000", "2010-09-30": "2612.00000", "2010-06-30": "3073.00000", "2010-03-31": "3480.00000", "2009-12-31": "3667.00000", "2009-09-30": "3393.00000", "2009-06-30": "3601.00000", "2009-03-31": "3643.00000", "2008-12-31": "4090.00000", "2008-09-30": "6465.00000", "2008-06-30": "3093.00000", "2008-03-31": "3113.00000", "2007-12-31": "3014.00000", "2007-09-30": "3220.00000", "2007-06-30": "3402.00000", "2007-03-31": "4473.00000", "2006-12-31": "4121.00000", "2006-09-30": "4441.00000", "2006-06-30": "4527.00000", "2006-03-31": "4434.00000", "2005-12-31": "4876.00000", "2005-09-30": "5424.00000", "2005-06-30": "6342.00000", "2005-03-31": "6117.00000"}, "Property, Plant, And Equipment": {"2020-12-31": "2013.00000", "2020-09-30": "1945.00000", "2020-06-30": "1958.00000", "2020-03-31": "1911.00000", "2019-12-31": "1969.00000", "2019-09-30": "1860.00000", "2019-06-30": "1901.00000", "2019-03-31": "1917.00000", "2018-12-31": "1857.00000", "2018-09-30": "1672.00000", "2018-06-30": "1597.00000", "2018-03-31": "1573.00000", "2017-12-31": "1618.00000", "2017-09-30": "1534.00000", "2017-06-30": "1534.00000", "2017-03-31": "1544.00000", "2016-12-31": "1562.00000", "2016-09-30": "1476.00000", "2016-06-30": "1462.00000", "2016-03-31": "2763.00000", "2015-12-31": "1233.00000", "2015-09-30": "2484.00000", "2015-06-30": "2557.00000", "2015-03-31": "2524.00000", "2014-12-31": "2623.00000", "2014-09-30": "2534.00000", "2014-06-30": "2599.00000", "2014-03-31": "2611.00000", "2013-12-31": "2689.00000", "2013-09-30": "2709.00000", "2013-06-30": "2706.00000", "2013-03-31": "2785.00000", "2012-12-31": "2872.00000", "2012-09-30": "2759.00000", "2012-06-30": "2770.00000", "2012-03-31": "2829.00000", "2011-12-31": "2901.00000", "2011-09-30": "2943.00000", "2011-06-30": "3083.00000", "2011-03-31": "3151.00000", "2010-12-31": "3217.00000", "2010-09-30": "3350.00000", "2010-06-30": "3423.00000", "2010-03-31": "3539.00000", "2009-12-31": "3611.00000", "2009-09-30": "3686.00000", "2009-06-30": "3747.00000", "2009-03-31": "3783.00000", "2008-12-31": "3869.00000", "2008-09-30": "4021.00000", "2008-06-30": "4052.00000", "2008-03-31": "4043.00000", "2007-12-31": "4112.00000", "2007-09-30": "6894.00000", "2007-06-30": "6775.00000", "2007-03-31": "6850.00000", "2006-12-31": "7061.00000", "2006-09-30": "9926.00000", "2006-06-30": "10158.00000", "2006-03-31": "10285.00000", "2005-12-31": "10345.00000", "2005-09-30": "11093.00000", "2005-06-30": "11175.00000", "2005-03-31": "11447.00000"}, "Long-Term Investments": {"2020-12-31": "", "2020-09-30": "", "2020-06-30": "", "2020-03-31": "", "2019-12-31": "", "2019-09-30": "", "2019-06-30": "", "2019-03-31": "", "2018-12-31": "362.00000", "2018-09-30": "362.00000", "2018-06-30": "362.00000", "2018-03-31": "362.00000", "2017-12-31": "", "2017-09-30": "33.00000", "2017-06-30": "33.00000", "2017-03-31": "56.00000", "2016-12-31": "56.00000", "2016-09-30": "73.00000", "2016-06-30": "905.00000", "2016-03-31": "1011.00000", "2015-12-31": "", "2015-09-30": "174.00000", "2015-06-30": "176.00000", "2015-03-31": "183.00000", "2014-12-31": "803.00000", "2014-09-30": "186.00000", "2014-06-30": "188.00000", "2014-03-31": "205.00000", "2013-12-31": "805.00000", "2013-09-30": "206.00000", "2013-06-30": "206.00000", "2013-03-31": "211.00000", "2012-12-31": "828.00000", "2012-09-30": "208.00000", "2012-06-30": "207.00000", "2012-03-31": "208.00000", "2011-12-31": "213.00000", "2011-09-30": "209.00000", "2011-06-30": "206.00000", "2011-03-31": "207.00000", "2010-12-31": "210.00000", "2010-09-30": "211.00000", "2010-06-30": "210.00000", "2010-03-31": "210.00000", "2009-12-31": "214.00000", "2009-09-30": "215.00000", "2009-06-30": "216.00000", "2009-03-31": "226.00000", "2008-12-31": "232.00000", "2008-09-30": "237.00000", "2008-06-30": "238.00000", "2008-03-31": "391.00000", "2007-12-31": "343.00000", "2007-09-30": "574.00000", "2007-06-30": "593.00000", "2007-03-31": "579.00000", "2006-12-31": "571.00000", "2006-09-30": "564.00000", "2006-06-30": "545.00000", "2006-03-31": "535.00000", "2005-12-31": "547.00000", "2005-09-30": "556.00000", "2005-06-30": "553.00000", "2005-03-31": "546.00000"}, "Goodwill And Intangible Assets": {"2020-12-31": "268.00000", "2020-09-30": "271.00000", "2020-06-30": "275.00000", "2020-03-31": "278.00000", "2019-12-31": "281.00000", "2019-09-30": "284.00000", "2019-06-30": "288.00000", "2019-03-31": "291.00000", "2018-12-31": "294.00000", "2018-09-30": "337.00000", "2018-06-30": "342.00000", "2018-03-31": "346.00000", "2017-12-31": "308.00000", "2017-09-30": "352.00000", "2017-06-30": "354.00000", "2017-03-31": "357.00000", "2016-12-31": "359.00000", "2016-09-30": "361.00000", "2016-06-30": "359.00000", "2016-03-31": "365.00000", "2015-12-31": "54.00000", "2015-09-30": "40.00000", "2015-06-30": "40.00000", "2015-03-31": "40.00000", "2014-12-31": "40.00000", "2014-09-30": "40.00000", "2014-06-30": "40.00000", "2014-03-31": "40.00000", "2013-12-31": "42.00000", "2013-09-30": "42.00000", "2013-06-30": "42.00000", "2013-03-31": "40.00000", "2012-12-31": "40.00000", "2012-09-30": "40.00000", "2012-06-30": "40.00000", "2012-03-31": "40.00000", "2011-12-31": "40.00000", "2011-09-30": "40.00000", "2011-06-30": "40.00000", "2011-03-31": "40.00000", "2010-12-31": "40.00000", "2010-09-30": "40.00000", "2010-06-30": "40.00000", "2010-03-31": "40.00000", "2009-12-31": "40.00000", "2009-09-30": "40.00000", "2009-06-30": "40.00000", "2009-03-31": "40.00000", "2008-12-31": "43.00000", "2008-09-30": "919.00000", "2008-06-30": "931.00000", "2008-03-31": "948.00000", "2007-12-31": "941.00000", "2007-09-30": "2200.00000", "2007-06-30": "2181.00000", "2007-03-31": "2158.00000", "2006-12-31": "2185.00000", "2006-09-30": "2254.00000", "2006-06-30": "2243.00000", "2006-03-31": "2235.00000", "2005-12-31": "2982.00000", "2005-09-30": "2988.00000", "2005-06-30": "2977.00000", "2005-03-31": "2997.00000"}, "Other Long-Term Assets": {"2020-12-31": "401.00000", "2020-09-30": "466.00000", "2020-06-30": "415.00000", "2020-03-31": "399.00000", "2019-12-31": "414.00000", "2019-09-30": "461.00000", "2019-06-30": "461.00000", "2019-03-31": "444.00000", "2018-12-31": "312.00000", "2018-09-30": "289.00000", "2018-06-30": "279.00000", "2018-03-31": "278.00000", "2017-12-31": "971.00000", "2017-09-30": "874.00000", "2017-06-30": "861.00000", "2017-03-31": "844.00000", "2016-12-31": "839.00000", "2016-09-30": "932.00000", "2016-06-30": "1039.00000", "2016-03-31": "1024.00000", "2015-12-31": "844.00000", "2015-09-30": "882.00000", "2015-06-30": "889.00000", "2015-03-31": "884.00000", "2014-12-31": "289.00000", "2014-09-30": "907.00000", "2014-06-30": "1034.00000", "2014-03-31": "1044.00000", "2013-12-31": "324.00000", "2013-09-30": "1227.00000", "2013-06-30": "2222.00000", "2013-03-31": "1292.00000", "2012-12-31": "400.00000", "2012-09-30": "1024.00000", "2012-06-30": "1012.00000", "2012-03-31": "1471.00000", "2011-12-31": "1484.00000", "2011-09-30": "1046.00000", "2011-06-30": "1559.00000", "2011-03-31": "1469.00000", "2010-12-31": "1407.00000", "2010-09-30": "1048.00000", "2010-06-30": "1051.00000", "2010-03-31": "1059.00000", "2009-12-31": "1054.00000", "2009-09-30": "1080.00000", "2009-06-30": "1115.00000", "2009-03-31": "1132.00000", "2008-12-31": "1129.00000", "2008-09-30": "1746.00000", "2008-06-30": "1723.00000", "2008-03-31": "1656.00000", "2007-12-31": "1517.00000", "2007-09-30": "1623.00000", "2007-06-30": "1593.00000", "2007-03-31": "1588.00000", "2006-12-31": "1511.00000", "2006-09-30": "1481.00000", "2006-06-30": "1526.00000", "2006-03-31": "1476.00000", "2005-12-31": "1628.00000", "2005-09-30": "1215.00000", "2005-06-30": "1147.00000", "2005-03-31": "1218.00000"}, "Total Long-Term Assets": {"2020-12-31": "14702.00000", "2020-09-30": "14310.00000", "2020-06-30": "14603.00000", "2020-03-31": "14735.00000", "2019-12-31": "14795.00000", "2019-09-30": "15015.00000", "2019-06-30": "15333.00000", "2019-03-31": "15358.00000", "2018-12-31": "15647.00000", "2018-09-30": "15713.00000", "2018-06-30": "15820.00000", "2018-03-31": "15966.00000", "2017-12-31": "16344.00000", "2017-09-30": "16885.00000", "2017-06-30": "16902.00000", "2017-03-31": "17536.00000", "2016-12-31": "17621.00000", "2016-09-30": "17590.00000", "2016-06-30": "18661.00000", "2016-03-31": "19949.00000", "2015-12-31": "9081.00000", "2015-09-30": "10318.00000", "2015-06-30": "10366.00000", "2015-03-31": "10357.00000", "2014-12-31": "10460.00000", "2014-09-30": "10428.00000", "2014-06-30": "12416.00000", "2014-03-31": "12190.00000", "2013-12-31": "12251.00000", "2013-09-30": "13334.00000", "2013-06-30": "11567.00000", "2013-03-31": "10308.00000", "2012-12-31": "10185.00000", "2012-09-30": "10423.00000", "2012-06-30": "10451.00000", "2012-03-31": "10535.00000", "2011-12-31": "10569.00000", "2011-09-30": "10744.00000", "2011-06-30": "10834.00000", "2011-03-31": "10832.00000", "2010-12-31": "10840.00000", "2010-09-30": "11441.00000", "2010-06-30": "11635.00000", "2010-03-31": "11695.00000", "2009-12-31": "11583.00000", "2009-09-30": "11972.00000", "2009-06-30": "12241.00000", "2009-03-31": "12338.00000", "2008-12-31": "12605.00000", "2008-09-30": "15751.00000", "2008-06-30": "20618.00000", "2008-03-31": "20643.00000", "2007-12-31": "20792.00000", "2007-09-30": "20151.00000", "2007-06-30": "19989.00000", "2007-03-31": "19769.00000", "2006-12-31": "22741.00000", "2006-09-30": "22931.00000", "2006-06-30": "23091.00000", "2006-03-31": "22947.00000", "2005-12-31": "23353.00000", "2005-09-30": "23733.00000", "2005-06-30": "23651.00000", "2005-03-31": "23553.00000"}, "Total Assets": {"2020-12-31": "16311.00000", "2020-09-30": "16356.00000", "2020-06-30": "16254.00000", "2020-03-31": "17228.00000", "2019-12-31": "16406.00000", "2019-09-30": "16832.00000", "2019-06-30": "17029.00000", "2019-03-31": "17132.00000", "2018-12-31": "17249.00000", "2018-09-30": "17427.00000", "2018-06-30": "18048.00000", "2018-03-31": "17885.00000", "2017-12-31": "18059.00000", "2017-09-30": "18402.00000", "2017-06-30": "18990.00000", "2017-03-31": "19001.00000", "2016-12-31": "19243.00000", "2016-09-30": "20946.00000", "2016-06-30": "21989.00000", "2016-03-31": "21779.00000", "2015-12-31": "12720.00000", "2015-09-30": "12820.00000", "2015-06-30": "12883.00000", "2015-03-31": "13009.00000", "2014-12-31": "13265.00000", "2014-09-30": "13440.00000", "2014-06-30": "15706.00000", "2014-03-31": "14505.00000", "2013-12-31": "14577.00000", "2013-09-30": "15609.00000", "2013-06-30": "13908.00000", "2013-03-31": "12510.00000", "2012-12-31": "12592.00000", "2012-09-30": "12338.00000", "2012-06-30": "12475.00000", "2012-03-31": "12474.00000", "2011-12-31": "12634.00000", "2011-09-30": "12835.00000", "2011-06-30": "13039.00000", "2011-03-31": "13580.00000", "2010-12-31": "13429.00000", "2010-09-30": "14053.00000", "2010-06-30": "14708.00000", "2010-03-31": "15175.00000", "2009-12-31": "15250.00000", "2009-09-30": "15365.00000", "2009-06-30": "15842.00000", "2009-03-31": "15981.00000", "2008-12-31": "16695.00000", "2008-09-30": "22216.00000", "2008-06-30": "23711.00000", "2008-03-31": "23756.00000", "2007-12-31": "23806.00000", "2007-09-30": "23371.00000", "2007-06-30": "23391.00000", "2007-03-31": "24242.00000", "2006-12-31": "26862.00000", "2006-09-30": "27372.00000", "2006-06-30": "27618.00000", "2006-03-31": "27381.00000", "2005-12-31": "28229.00000", "2005-09-30": "29157.00000", "2005-06-30": "29993.00000", "2005-03-31": "29670.00000"}, "Total Current Liabilities": {"2020-12-31": "950.00000", "2020-09-30": "832.00000", "2020-06-30": "724.00000", "2020-03-31": "1816.00000", "2019-12-31": "1006.00000", "2019-09-30": "1169.00000", "2019-06-30": "1223.00000", "2019-03-31": "1201.00000", "2018-12-31": "1939.00000", "2018-09-30": "1273.00000", "2018-06-30": "1022.00000", "2018-03-31": "911.00000", "2017-12-31": "1165.00000", "2017-09-30": "1023.00000", "2017-06-30": "1524.00000", "2017-03-31": "1022.00000", "2016-12-31": "1206.00000", "2016-09-30": "3327.00000", "2016-06-30": "1557.00000", "2016-03-31": "984.00000", "2015-12-31": "1325.00000", "2015-09-30": "898.00000", "2015-06-30": "919.00000", "2015-03-31": "852.00000", "2014-12-31": "918.00000", "2014-09-30": "957.00000", "2014-06-30": "1069.00000", "2014-03-31": "1072.00000", "2013-12-31": "1128.00000", "2013-09-30": "987.00000", "2013-06-30": "1079.00000", "2013-03-31": "1072.00000", "2012-12-31": "1605.00000", "2012-09-30": "1254.00000", "2012-06-30": "1120.00000", "2012-03-31": "1046.00000", "2011-12-31": "941.00000", "2011-09-30": "988.00000", "2011-06-30": "1038.00000", "2011-03-31": "1045.00000", "2010-12-31": "1074.00000", "2010-09-30": "1007.00000", "2010-06-30": "989.00000", "2010-03-31": "936.00000", "2009-12-31": "955.00000", "2009-09-30": "1077.00000", "2009-06-30": "1519.00000", "2009-03-31": "1517.00000", "2008-12-31": "1722.00000", "2008-09-30": "3546.00000", "2008-06-30": "2987.00000", "2008-03-31": "2782.00000", "2007-12-31": "2607.00000", "2007-09-30": "2728.00000", "2007-06-30": "2722.00000", "2007-03-31": "2800.00000", "2006-12-31": "3129.00000", "2006-09-30": "3357.00000", "2006-06-30": "3229.00000", "2006-03-31": "3209.00000", "2005-12-31": "3258.00000", "2005-09-30": "2917.00000", "2005-06-30": "3112.00000", "2005-03-31": "2871.00000"}, "Long Term Debt": {"2020-12-31": "5325.00000", "2020-09-30": "5974.00000", "2020-06-30": "6299.00000", "2020-03-31": "6299.00000", "2019-12-31": "6147.00000", "2019-09-30": "6150.00000", "2019-06-30": "6153.00000", "2019-03-31": "6156.00000", "2018-12-31": "5419.00000", "2018-09-30": "5921.00000", "2018-06-30": "6226.00000", "2018-03-31": "6230.00000", "2017-12-31": "6232.00000", "2017-09-30": "6444.00000", "2017-06-30": "6447.00000", "2017-03-31": "6774.00000", "2016-12-31": "6840.00000", "2016-09-30": "6840.00000", "2016-06-30": "9354.00000", "2016-03-31": "9149.00000", "2015-12-31": "5298.00000", "2015-09-30": "5402.00000", "2015-06-30": "5402.00000", "2015-03-31": "5402.00000", "2014-12-31": "5402.00000", "2014-09-30": "5402.00000", "2014-06-30": "5402.00000", "2014-03-31": "5407.00000", "2013-12-31": "5402.00000", "2013-09-30": "6084.00000", "2013-06-30": "4462.00000", "2013-03-31": "3951.00000", "2012-12-31": "4393.00000", "2012-09-30": "3951.00000", "2012-06-30": "4288.00000", "2012-03-31": "4309.00000", "2011-12-31": "4466.00000", "2011-09-30": "4499.00000", "2011-06-30": "4510.00000", "2011-03-31": "5058.00000", "2010-12-31": "5060.00000", "2010-09-30": "5100.00000", "2010-06-30": "5124.00000", "2010-03-31": "5671.00000", "2009-12-31": "5683.00000", "2009-09-30": "5554.00000", "2009-06-30": "5609.00000", "2009-03-31": "5609.00000", "2008-12-31": "5609.00000", "2008-09-30": "5941.00000", "2008-06-30": "7092.00000", "2008-03-31": "7014.00000", "2007-12-31": "6834.00000", "2007-09-30": "7033.00000", "2007-06-30": "6585.00000", "2007-03-31": "7454.00000", "2006-12-31": "7675.00000", "2006-09-30": "7683.00000", "2006-06-30": "7703.00000", "2006-03-31": "7816.00000", "2005-12-31": "8255.00000", "2005-09-30": "8862.00000", "2005-06-30": "9780.00000", "2005-03-31": "10132.00000"}, "Other Non-Current Liabilities": {"2020-12-31": "370.00000", "2020-09-30": "358.00000", "2020-06-30": "359.00000", "2020-03-31": "352.00000", "2019-12-31": "377.00000", "2019-09-30": "383.00000", "2019-06-30": "397.00000", "2019-03-31": "398.00000", "2018-12-31": "275.00000", "2018-09-30": "291.00000", "2018-06-30": "295.00000", "2018-03-31": "299.00000", "2017-12-31": "276.00000", "2017-09-30": "689.00000", "2017-06-30": "699.00000", "2017-03-31": "703.00000", "2016-12-31": "695.00000", "2016-09-30": "714.00000", "2016-06-30": "722.00000", "2016-03-31": "311.00000", "2015-12-31": "241.00000", "2015-09-30": "277.00000", "2015-06-30": "275.00000", "2015-03-31": "284.00000", "2014-12-31": "308.00000", "2014-09-30": "318.00000", "2014-06-30": "1260.00000", "2014-03-31": "364.00000", "2013-12-31": "414.00000", "2013-09-30": "650.00000", "2013-06-30": "638.00000", "2013-03-31": "1309.00000", "2012-12-31": "551.00000", "2012-09-30": "1334.00000", "2012-06-30": "1349.00000", "2012-03-31": "1336.00000", "2011-12-31": "1364.00000", "2011-09-30": "1312.00000", "2011-06-30": "1387.00000", "2011-03-31": "1380.00000", "2010-12-31": "1385.00000", "2010-09-30": "982.00000", "2010-06-30": "988.00000", "2010-03-31": "991.00000", "2009-12-31": "1020.00000", "2009-09-30": "1057.00000", "2009-06-30": "1061.00000", "2009-03-31": "1115.00000", "2008-12-31": "1094.00000", "2008-09-30": "1206.00000", "2008-06-30": "2008.00000", "2008-03-31": "2064.00000", "2007-12-31": "2148.00000", "2007-09-30": "1498.00000", "2007-06-30": "1550.00000", "2007-03-31": "1560.00000", "2006-12-31": "2203.00000", "2006-09-30": "1635.00000", "2006-06-30": "1599.00000", "2006-03-31": "1475.00000", "2005-12-31": "1293.00000", "2005-09-30": "1271.00000", "2005-06-30": "1372.00000", "2005-03-31": "1353.00000"}, "Total Long Term Liabilities": {"2020-12-31": "6630.00000", "2020-09-30": "6997.00000", "2020-06-30": "7328.00000", "2020-03-31": "7330.00000", "2019-12-31": "7223.00000", "2019-09-30": "7064.00000", "2019-06-30": "7082.00000", "2019-03-31": "7130.00000", "2018-12-31": "6264.00000", "2018-09-30": "7097.00000", "2018-06-30": "7745.00000", "2018-03-31": "7983.00000", "2017-12-31": "7995.00000", "2017-09-30": "8334.00000", "2017-06-30": "8376.00000", "2017-03-31": "8764.00000", "2016-12-31": "8857.00000", "2016-09-30": "8429.00000", "2016-06-30": "11002.00000", "2016-03-31": "10514.00000", "2015-12-31": "6526.00000", "2015-09-30": "7044.00000", "2015-06-30": "7039.00000", "2015-03-31": "7130.00000", "2014-12-31": "7043.00000", "2014-09-30": "6627.00000", "2014-06-30": "7494.00000", "2014-03-31": "6548.00000", "2013-12-31": "6617.00000", "2013-09-30": "8505.00000", "2013-06-30": "6923.00000", "2013-03-31": "7162.00000", "2012-12-31": "6874.00000", "2012-09-30": "6731.00000", "2012-06-30": "7158.00000", "2012-03-31": "7223.00000", "2011-12-31": "7426.00000", "2011-09-30": "7048.00000", "2011-06-30": "7265.00000", "2011-03-31": "7831.00000", "2010-12-31": "7741.00000", "2010-09-30": "8430.00000", "2010-06-30": "9608.00000", "2010-03-31": "10182.00000", "2009-12-31": "10241.00000", "2009-09-30": "9923.00000", "2009-06-30": "10046.00000", "2009-03-31": "10070.00000", "2008-12-31": "10126.00000", "2008-09-30": "11065.00000", "2008-06-30": "13031.00000", "2008-03-31": "13274.00000", "2007-12-31": "13218.00000", "2007-09-30": "13174.00000", "2007-06-30": "12816.00000", "2007-03-31": "13602.00000", "2006-12-31": "14648.00000", "2006-09-30": "14794.00000", "2006-06-30": "14889.00000", "2006-03-31": "14943.00000", "2005-12-31": "15171.00000", "2005-09-30": "16114.00000", "2005-06-30": "17032.00000", "2005-03-31": "17294.00000"}, "Total Liabilities": {"2020-12-31": "7580.00000", "2020-09-30": "7829.00000", "2020-06-30": "8052.00000", "2020-03-31": "9146.00000", "2019-12-31": "8229.00000", "2019-09-30": "8233.00000", "2019-06-30": "8305.00000", "2019-03-31": "8331.00000", "2018-12-31": "8203.00000", "2018-09-30": "8370.00000", "2018-06-30": "8767.00000", "2018-03-31": "8894.00000", "2017-12-31": "9160.00000", "2017-09-30": "9357.00000", "2017-06-30": "9900.00000", "2017-03-31": "9786.00000", "2016-12-31": "10063.00000", "2016-09-30": "11756.00000", "2016-06-30": "12559.00000", "2016-03-31": "11498.00000", "2015-12-31": "7851.00000", "2015-09-30": "7942.00000", "2015-06-30": "7958.00000", "2015-03-31": "7982.00000", "2014-12-31": "7961.00000", "2014-09-30": "7584.00000", "2014-06-30": "8563.00000", "2014-03-31": "7620.00000", "2013-12-31": "7745.00000", "2013-09-30": "9492.00000", "2013-06-30": "8002.00000", "2013-03-31": "8234.00000", "2012-12-31": "8479.00000", "2012-09-30": "7985.00000", "2012-06-30": "8278.00000", "2012-03-31": "8269.00000", "2011-12-31": "8367.00000", "2011-09-30": "8036.00000", "2011-06-30": "8303.00000", "2011-03-31": "8876.00000", "2010-12-31": "8815.00000", "2010-09-30": "9437.00000", "2010-06-30": "10597.00000", "2010-03-31": "11118.00000", "2009-12-31": "11196.00000", "2009-09-30": "11000.00000", "2009-06-30": "11565.00000", "2009-03-31": "11587.00000", "2008-12-31": "11848.00000", "2008-09-30": "14611.00000", "2008-06-30": "16018.00000", "2008-03-31": "16056.00000", "2007-12-31": "15825.00000", "2007-09-30": "15902.00000", "2007-06-30": "15538.00000", "2007-03-31": "16402.00000", "2006-12-31": "17777.00000", "2006-09-30": "18151.00000", "2006-06-30": "18118.00000", "2006-03-31": "18152.00000", "2005-12-31": "18429.00000", "2005-09-30": "19031.00000", "2005-06-30": "20144.00000", "2005-03-31": "20165.00000"}, "Common Stock Net": {"2020-12-31": "", "2020-09-30": "933.00000", "2020-06-30": "933.00000", "2020-03-31": "933.00000", "2019-12-31": "932.00000", "2019-09-30": "931.00000", "2019-06-30": "931.00000", "2019-03-31": "931.00000", "2018-12-31": "933.00000", "2018-09-30": "936.00000", "2018-06-30": "947.00000", "2018-03-31": "946.00000", "2017-12-31": "944.00000", "2017-09-30": "941.00000", "2017-06-30": "941.00000", "2017-03-31": "939.00000", "2016-12-31": "936.00000", "2016-09-30": "935.00000", "2016-06-30": "916.00000", "2016-03-31": "948.00000", "2015-12-31": "638.00000", "2015-09-30": "639.00000", "2015-06-30": "643.00000", "2015-03-31": "648.00000", "2014-12-31": "656.00000", "2014-09-30": "657.00000", "2014-06-30": "733.00000", "2014-03-31": "731.00000", "2013-12-31": "729.00000", "2013-09-30": "728.00000", "2013-06-30": "722.00000", "2013-03-31": "683.00000", "2012-12-31": "678.00000", "2012-09-30": "676.00000", "2012-06-30": "672.00000", "2012-03-31": "672.00000", "2011-12-31": "671.00000", "2011-09-30": "671.00000", "2011-06-30": "673.00000", "2011-03-31": "674.00000", "2010-12-31": "670.00000", "2010-09-30": "670.00000", "2010-06-30": "265.00000", "2010-03-31": "264.00000", "2009-12-31": "264.00000", "2009-09-30": "264.00000", "2009-06-30": "264.00000", "2009-03-31": "264.00000", "2008-12-31": "264.00000", "2008-09-30": "264.00000", "2008-06-30": "264.00000", "2008-03-31": "262.00000", "2007-12-31": "262.00000", "2007-09-30": "262.00000", "2007-06-30": "270.00000", "2007-03-31": "270.00000", "2006-12-31": "295.00000", "2006-09-30": "301.00000", "2006-06-30": "308.00000", "2006-03-31": "307.00000", "2005-12-31": "304.00000", "2005-09-30": "304.00000", "2005-06-30": "303.00000", "2005-03-31": "302.00000"}, "Retained Earnings (Accumulated Deficit)": {"2020-12-31": "", "2020-09-30": "246.00000", "2020-06-30": "-37.00000", "2020-03-31": "-109.00000", "2019-12-31": "-3.00000", "2019-09-30": "264.00000", "2019-06-30": "418.00000", "2019-03-31": "543.00000", "2018-12-31": "1093.00000", "2018-09-30": "1439.00000", "2018-06-30": "1441.00000", "2018-03-31": "1365.00000", "2017-12-31": "1078.00000", "2017-09-30": "1050.00000", "2017-06-30": "1154.00000", "2017-03-31": "1364.00000", "2016-12-31": "1421.00000", "2016-09-30": "1101.00000", "2016-06-30": "1106.00000", "2016-03-31": "1177.00000", "2015-12-31": "1349.00000", "2015-09-30": "1449.00000", "2015-06-30": "1428.00000", "2015-03-31": "1445.00000", "2014-12-31": "1508.00000", "2014-09-30": "1494.00000", "2014-06-30": "495.00000", "2014-03-31": "344.00000", "2013-12-31": "294.00000", "2013-09-30": "379.00000", "2013-06-30": "350.00000", "2013-03-31": "264.00000", "2012-12-31": "219.00000", "2012-09-30": "169.00000", "2012-06-30": "132.00000", "2012-03-31": "128.00000", "2011-12-31": "176.00000", "2011-09-30": "192.00000", "2011-06-30": "116.00000", "2011-03-31": "187.00000", "2010-12-31": "181.00000", "2010-09-30": "36.00000", "2010-06-30": "2631.00000", "2010-03-31": "2628.00000", "2009-12-31": "2658.00000", "2009-09-30": "2844.00000", "2009-06-30": "2855.00000", "2009-03-31": "3013.00000", "2008-12-31": "3278.00000", "2008-09-30": "4670.00000", "2008-06-30": "4516.00000", "2008-03-31": "4738.00000", "2007-12-31": "5014.00000", "2007-09-30": "5239.00000", "2007-06-30": "5269.00000", "2007-03-31": "5367.00000", "2006-12-31": "4755.00000", "2006-09-30": "4390.00000", "2006-06-30": "4328.00000", "2006-03-31": "4137.00000", "2005-12-31": "4840.00000", "2005-09-30": "5174.00000", "2005-06-30": "5012.00000", "2005-03-31": "4715.00000"}, "Comprehensive Income": {"2020-12-31": "", "2020-09-30": "-830.00000", "2020-06-30": "-860.00000", "2020-03-31": "-901.00000", "2019-12-31": "-904.00000", "2019-09-30": "-736.00000", "2019-06-30": "-755.00000", "2019-03-31": "-794.00000", "2018-12-31": "-1152.00000", "2018-09-30": "-1552.00000", "2018-06-30": "-1603.00000", "2018-03-31": "-1786.00000", "2017-12-31": "-1562.00000", "2017-09-30": "-1337.00000", "2017-06-30": "-1379.00000", "2017-03-31": "-1428.00000", "2016-12-31": "-1459.00000", "2016-09-30": "-1110.00000", "2016-06-30": "-1133.00000", "2016-03-31": "-1163.00000", "2015-12-31": "-1212.00000", "2015-09-30": "-1313.00000", "2015-06-30": "-1323.00000", "2015-03-31": "-1379.00000", "2014-12-31": "-1393.00000", "2014-09-30": "-857.00000", "2014-06-30": "-663.00000", "2014-03-31": "-701.00000", "2013-12-31": "-686.00000", "2013-09-30": "-1463.00000", "2013-06-30": "-1508.00000", "2013-03-31": "-1530.00000", "2012-12-31": "-1558.00000", "2012-09-30": "-1197.00000", "2012-06-30": "-1238.00000", "2012-03-31": "-1214.00000", "2011-12-31": "-1179.00000", "2011-09-30": "-655.00000", "2011-06-30": "-662.00000", "2011-03-31": "-756.00000", "2010-12-31": "-791.00000", "2010-09-30": "-643.00000", "2010-06-30": "-592.00000", "2010-03-31": "-635.00000", "2009-12-31": "-664.00000", "2009-09-30": "-540.00000", "2009-06-30": "-646.00000", "2009-03-31": "-667.00000", "2008-12-31": "-495.00000", "2008-09-30": "907.00000", "2008-06-30": "1160.00000", "2008-03-31": "956.00000", "2007-12-31": "987.00000", "2007-09-30": "305.00000", "2007-06-30": "216.00000", "2007-03-31": "113.00000", "2006-12-31": "88.00000", "2006-09-30": "285.00000", "2006-06-30": "298.00000", "2006-03-31": "266.00000", "2005-12-31": "290.00000", "2005-09-30": "290.00000", "2005-06-30": "182.00000", "2005-03-31": "200.00000"}, "Other Share Holders Equity": {"2020-12-31": "", "2020-09-30": "", "2020-06-30": "", "2020-03-31": "", "2019-12-31": "", "2019-09-30": "", "2019-06-30": "", "2019-03-31": "", "2018-12-31": "", "2018-09-30": "", "2018-06-30": "", "2018-03-31": "", "2017-12-31": "", "2017-09-30": "", "2017-06-30": "", "2017-03-31": "", "2016-12-31": "", "2016-09-30": "", "2016-06-30": "", "2016-03-31": "", "2015-12-31": "", "2015-09-30": "", "2015-06-30": "", "2015-03-31": "", "2014-12-31": "", "2014-09-30": "", "2014-06-30": "", "2014-03-31": "", "2013-12-31": "", "2013-09-30": "", "2013-06-30": "", "2013-03-31": "", "2012-12-31": "", "2012-09-30": "", "2012-06-30": "", "2012-03-31": "", "2011-12-31": "", "2011-09-30": "", "2011-06-30": "", "2011-03-31": "", "2010-12-31": "", "2010-09-30": "", "2010-06-30": "", "2010-03-31": "", "2009-12-31": "", "2009-09-30": "", "2009-06-30": "", "2009-03-31": "", "2008-12-31": "", "2008-09-30": "", "2008-06-30": "", "2008-03-31": "108.00000", "2007-12-31": "109.00000", "2007-09-30": "109.00000", "2007-06-30": "117.00000", "2007-03-31": "117.00000", "2006-12-31": "135.00000", "2006-09-30": "137.00000", "2006-06-30": "138.00000", "2006-03-31": "138.00000", "2005-12-31": "139.00000", "2005-09-30": "139.00000", "2005-06-30": "140.00000", "2005-03-31": "144.00000"}, "Share Holder Equity": {"2020-12-31": "8731.00000", "2020-09-30": "8527.00000", "2020-06-30": "8202.00000", "2020-03-31": "8082.00000", "2019-12-31": "8177.00000", "2019-09-30": "8599.00000", "2019-06-30": "8724.00000", "2019-03-31": "8801.00000", "2018-12-31": "9046.00000", "2018-09-30": "9057.00000", "2018-06-30": "9281.00000", "2018-03-31": "8991.00000", "2017-12-31": "8899.00000", "2017-09-30": "9045.00000", "2017-06-30": "9090.00000", "2017-03-31": "9215.00000", "2016-12-31": "9180.00000", "2016-09-30": "9190.00000", "2016-06-30": "9430.00000", "2016-03-31": "10281.00000", "2015-12-31": "4869.00000", "2015-09-30": "4878.00000", "2015-06-30": "4925.00000", "2015-03-31": "5027.00000", "2014-12-31": "5304.00000", "2014-09-30": "5856.00000", "2014-06-30": "7143.00000", "2014-03-31": "6885.00000", "2013-12-31": "6832.00000", "2013-09-30": "6117.00000", "2013-06-30": "5906.00000", "2013-03-31": "4276.00000", "2012-12-31": "4113.00000", "2012-09-30": "4353.00000", "2012-06-30": "4197.00000", "2012-03-31": "4205.00000", "2011-12-31": "4267.00000", "2011-09-30": "4799.00000", "2011-06-30": "4736.00000", "2011-03-31": "4704.00000", "2010-12-31": "4614.00000", "2010-09-30": "4616.00000", "2010-06-30": "4111.00000", "2010-03-31": "4057.00000", "2009-12-31": "4054.00000", "2009-09-30": "4365.00000", "2009-06-30": "4277.00000", "2009-03-31": "4394.00000", "2008-12-31": "4847.00000", "2008-09-30": "7605.00000", "2008-06-30": "7693.00000", "2008-03-31": "7700.00000", "2007-12-31": "7981.00000", "2007-09-30": "7469.00000", "2007-06-30": "7853.00000", "2007-03-31": "7840.00000", "2006-12-31": "9085.00000", "2006-09-30": "9221.00000", "2006-06-30": "9500.00000", "2006-03-31": "9229.00000", "2005-12-31": "9800.00000", "2005-09-30": "10126.00000", "2005-06-30": "9849.00000", "2005-03-31": "9505.00000"}, "Total Liabilities And Share Holders Equity": {"2020-12-31": "16311.00000", "2020-09-30": "16356.00000", "2020-06-30": "16254.00000", "2020-03-31": "17228.00000", "2019-12-31": "16406.00000", "2019-09-30": "16832.00000", "2019-06-30": "17029.00000", "2019-03-31": "17132.00000", "2018-12-31": "17249.00000", "2018-09-30": "17427.00000", "2018-06-30": "18048.00000", "2018-03-31": "17885.00000", "2017-12-31": "18059.00000", "2017-09-30": "18402.00000", "2017-06-30": "18990.00000", "2017-03-31": "19001.00000", "2016-12-31": "19243.00000", "2016-09-30": "20946.00000", "2016-06-30": "21989.00000", "2016-03-31": "21779.00000", "2015-12-31": "12720.00000", "2015-09-30": "12820.00000", "2015-06-30": "12883.00000", "2015-03-31": "13009.00000", "2014-12-31": "13265.00000", "2014-09-30": "13440.00000", "2014-06-30": "15706.00000", "2014-03-31": "14505.00000", "2013-12-31": "14577.00000", "2013-09-30": "15609.00000", "2013-06-30": "13908.00000", "2013-03-31": "12510.00000", "2012-12-31": "12592.00000", "2012-09-30": "12338.00000", "2012-06-30": "12475.00000", "2012-03-31": "12474.00000", "2011-12-31": "12634.00000", "2011-09-30": "12835.00000", "2011-06-30": "13039.00000", "2011-03-31": "13580.00000", "2010-12-31": "13429.00000", "2010-09-30": "14053.00000", "2010-06-30": "14708.00000", "2010-03-31": "15175.00000", "2009-12-31": "15250.00000", "2009-09-30": "15365.00000", "2009-06-30": "15842.00000", "2009-03-31": "15981.00000", "2008-12-31": "16695.00000", "2008-09-30": "22216.00000", "2008-06-30": "23711.00000", "2008-03-31": "23756.00000", "2007-12-31": "23806.00000", "2007-09-30": "23371.00000", "2007-06-30": "23391.00000", "2007-03-31": "24242.00000", "2006-12-31": "26862.00000", "2006-09-30": "27372.00000", "2006-06-30": "27618.00000", "2006-03-31": "27381.00000", "2005-12-31": "28229.00000", "2005-09-30": "29157.00000", "2005-06-30": "29993.00000", "2005-03-31": "29670.00000"}}, "cash flow statement": {"Net Income/Loss": {"2020-12-31": "797.00000", "2019-12-31": "-76.00000", "2018-12-31": "748.00000", "2017-12-31": "582.00000", "2016-12-31": "1027.00000", "2015-12-31": "506.00000", "2014-12-31": "1826.00000", "2013-12-31": "563.00000", "2012-12-31": "384.00000", "2011-12-31": "331.00000", "2010-12-31": "1283.00000", "2009-12-31": "-568.00000", "2008-12-31": "-1242.00000", "2007-12-31": "739.00000", "2006-12-31": "453.00000", "2005-12-31": "733.00000"}, "Total Depreciation And Amortization - Cash Flow": {"2020-12-31": "472.00000", "2019-12-31": "510.00000", "2018-12-31": "486.00000", "2017-12-31": "521.00000", "2016-12-31": "565.00000", "2015-12-31": "479.00000", "2014-12-31": "500.00000", "2013-12-31": "472.00000", "2012-12-31": "456.00000", "2011-12-31": "480.00000", "2010-12-31": "503.00000", "2009-12-31": "538.00000", "2008-12-31": "689.00000", "2007-12-31": "974.00000", "2006-12-31": "1283.00000", "2005-12-31": "1337.00000"}, "Other Non-Cash Items": {"2020-12-31": "339.00000", "2019-12-31": "511.00000", "2018-12-31": "486.00000", "2017-12-31": "206.00000", "2016-12-31": "-887.00000", "2015-12-31": "168.00000", "2014-12-31": "-910.00000", "2013-12-31": "434.00000", "2012-12-31": "76.00000", "2011-12-31": "-94.00000", "2010-12-31": "-1294.00000", "2009-12-31": "178.00000", "2008-12-31": "-523.00000", "2007-12-31": "-544.00000", "2006-12-31": "579.00000", "2005-12-31": "82.00000"}, "Total Non-Cash Items": {"2020-12-31": "811.00000", "2019-12-31": "1021.00000", "2018-12-31": "972.00000", "2017-12-31": "727.00000", "2016-12-31": "-322.00000", "2015-12-31": "647.00000", "2014-12-31": "-410.00000", "2013-12-31": "906.00000", "2012-12-31": "532.00000", "2011-12-31": "386.00000", "2010-12-31": "-791.00000", "2009-12-31": "716.00000", "2008-12-31": "166.00000", "2007-12-31": "430.00000", "2006-12-31": "1862.00000", "2005-12-31": "1419.00000"}, "Change In Accounts Receivable": {"2020-12-31": "-76.00000", "2019-12-31": "46.00000", "2018-12-31": "-41.00000", "2017-12-31": "-85.00000", "2016-12-31": "-54.00000", "2015-12-31": "12.00000", "2014-12-31": "29.00000", "2013-12-31": "-27.00000", "2012-12-31": "-33.00000", "2011-12-31": "-53.00000", "2010-12-31": "-67.00000", "2009-12-31": "93.00000", "2008-12-31": "48.00000", "2007-12-31": "-118.00000", "2006-12-31": "29.00000", "2005-12-31": "-181.00000"}, "Change In Inventories": {"2020-12-31": "-25.00000", "2019-12-31": "-23.00000", "2018-12-31": "-14.00000", "2017-12-31": "-39.00000", "2016-12-31": "61.00000", "2015-12-31": "10.00000", "2014-12-31": "-66.00000", "2013-12-31": "-13.00000", "2012-12-31": "-54.00000", "2011-12-31": "-46.00000", "2010-12-31": "-30.00000", "2009-12-31": "251.00000", "2008-12-31": "-10.00000", "2007-12-31": "-53.00000", "2006-12-31": "-315.00000", "2005-12-31": "-193.00000"}, "Change In Accounts Payable": {"2020-12-31": "", "2019-12-31": "", "2018-12-31": "", "2017-12-31": "", "2016-12-31": "", "2015-12-31": "", "2014-12-31": "", "2013-12-31": "", "2012-12-31": "", "2011-12-31": "", "2010-12-31": "", "2009-12-31": "", "2008-12-31": "", "2007-12-31": "", "2006-12-31": "", "2005-12-31": ""}, "Change In Assets/Liabilities": {"2020-12-31": "-4.00000", "2019-12-31": "6.00000", "2018-12-31": "-18.00000", "2017-12-31": "-12.00000", "2016-12-31": "5.00000", "2015-12-31": "18.00000", "2014-12-31": "-97.00000", "2013-12-31": "-210.00000", "2012-12-31": "-87.00000", "2011-12-31": "-13.00000", "2010-12-31": "1.00000", "2009-12-31": "161.00000", "2008-12-31": "295.00000", "2007-12-31": "-30.00000", "2006-12-31": "-99.00000", "2005-12-31": "-37.00000"}, "Total Change In Assets/Liabilities": {"2020-12-31": "-122.00000", "2019-12-31": "66.00000", "2018-12-31": "-227.00000", "2017-12-31": "-30.00000", "2016-12-31": "129.00000", "2015-12-31": "5.00000", "2014-12-31": "-156.00000", "2013-12-31": "-307.00000", "2012-12-31": "-229.00000", "2011-12-31": "-282.00000", "2010-12-31": "434.00000", "2009-12-31": "-320.00000", "2008-12-31": "75.00000", "2007-12-31": "-462.00000", "2006-12-31": "-625.00000", "2005-12-31": "-316.00000"}, "Cash Flow From Operating Activities": {"2020-12-31": "1529.00000", "2019-12-31": "966.00000", "2018-12-31": "1112.00000", "2017-12-31": "1201.00000", "2016-12-31": "735.00000", "2015-12-31": "1075.00000", "2014-12-31": "1109.00000", "2013-12-31": "1004.00000", "2012-12-31": "581.00000", "2011-12-31": "291.00000", "2010-12-31": "689.00000", "2009-12-31": "-203.00000", "2008-12-31": "-1299.00000", "2007-12-31": "635.00000", "2006-12-31": "1624.00000", "2005-12-31": "1752.00000"}, "Net Change In Property, Plant, And Equipment": {"2020-12-31": "-281.00000", "2019-12-31": "-87.00000", "2018-12-31": "-427.00000", "2017-12-31": "-216.00000", "2016-12-31": "-510.00000", "2015-12-31": "-519.00000", "2014-12-31": "-367.00000", "2013-12-31": "-273.00000", "2012-12-31": "-285.00000", "2011-12-31": "121.00000", "2010-12-31": "-17.00000", "2009-12-31": "132.00000", "2008-12-31": "5876.00000", "2007-12-31": "-880.00000", "2006-12-31": "-921.00000", "2005-12-31": "-916.00000"}, "Net Change In Intangible Assets": {"2020-12-31": "", "2019-12-31": "", "2018-12-31": "", "2017-12-31": "", "2016-12-31": "", "2015-12-31": "", "2014-12-31": "", "2013-12-31": "", "2012-12-31": "", "2011-12-31": "", "2010-12-31": "", "2009-12-31": "", "2008-12-31": "", "2007-12-31": "", "2006-12-31": "", "2005-12-31": ""}, "Net Acquisitions/Divestitures": {"2020-12-31": "101.00000", "2019-12-31": "", "2018-12-31": "", "2017-12-31": "403.00000", "2016-12-31": "2486.00000", "2015-12-31": "", "2014-12-31": "707.00000", "2013-12-31": "-1581.00000", "2012-12-31": "80.00000", "2011-12-31": "", "2010-12-31": "", "2009-12-31": "", "2008-12-31": "", "2007-12-31": "1743.00000", "2006-12-31": "33.00000", "2005-12-31": "1209.00000"}, "Net Change In Short-term Investments": {"2020-12-31": "", "2019-12-31": "", "2018-12-31": "", "2017-12-31": "", "2016-12-31": "", "2015-12-31": "", "2014-12-31": "", "2013-12-31": "", "2012-12-31": "", "2011-12-31": "", "2010-12-31": "49.00000", "2009-12-31": "92.00000", "2008-12-31": "-148.00000", "2007-12-31": "", "2006-12-31": "", "2005-12-31": ""}, "Net Change In Long-Term Investments": {"2020-12-31": "", "2019-12-31": "", "2018-12-31": "", "2017-12-31": "", "2016-12-31": "", "2015-12-31": "", "2014-12-31": "", "2013-12-31": "", "2012-12-31": "", "2011-12-31": "", "2010-12-31": "", "2009-12-31": "", "2008-12-31": "", "2007-12-31": "", "2006-12-31": "", "2005-12-31": "115.00000"}, "Net Change In Investments - Total": {"2020-12-31": "", "2019-12-31": "", "2018-12-31": "", "2017-12-31": "", "2016-12-31": "", "2015-12-31": "", "2014-12-31": "", "2013-12-31": "", "2012-12-31": "", "2011-12-31": "", "2010-12-31": "49.00000", "2009-12-31": "92.00000", "2008-12-31": "-148.00000", "2007-12-31": "", "2006-12-31": "", "2005-12-31": "115.00000"}, "Investing Activities - Other": {"2020-12-31": "365.00000", "2019-12-31": "274.00000", "2018-12-31": "-13.00000", "2017-12-31": "180.00000", "2016-12-31": "583.00000", "2015-12-31": "32.00000", "2014-12-31": "21.00000", "2013-12-31": "25.00000", "2012-12-31": "13.00000", "2011-12-31": "1.00000", "2010-12-31": "132.00000", "2009-12-31": "52.00000", "2008-12-31": "-269.00000", "2007-12-31": "-47.00000", "2006-12-31": "-26.00000", "2005-12-31": "43.00000"}, "Cash Flow From Investing Activities": {"2020-12-31": "185.00000", "2019-12-31": "187.00000", "2018-12-31": "-440.00000", "2017-12-31": "367.00000", "2016-12-31": "2559.00000", "2015-12-31": "-487.00000", "2014-12-31": "361.00000", "2013-12-31": "-1829.00000", "2012-12-31": "-192.00000", "2011-12-31": "122.00000", "2010-12-31": "164.00000", "2009-12-31": "276.00000", "2008-12-31": "5459.00000", "2007-12-31": "816.00000", "2006-12-31": "-914.00000", "2005-12-31": "451.00000"}, "Net Long-Term Debt": {"2020-12-31": "-760.00000", "2019-12-31": "-75.00000", "2018-12-31": "-271.00000", "2017-12-31": "-606.00000", "2016-12-31": "-725.00000", "2015-12-31": "", "2014-12-31": "887.00000", "2013-12-31": "-523.00000", "2012-12-31": "-187.00000", "2011-12-31": "-583.00000", "2010-12-31": "-632.00000", "2009-12-31": "-335.00000", "2008-12-31": "-972.00000", "2007-12-31": "-1165.00000", "2006-12-31": "-616.00000", "2005-12-31": "-2023.00000"}, "Net Current Debt": {"2020-12-31": "-230.00000", "2019-12-31": "-195.00000", "2018-12-31": "425.00000", "2017-12-31": "", "2016-12-31": "", "2015-12-31": "", "2014-12-31": "", "2013-12-31": "7.00000", "2012-12-31": "-32.00000", "2011-12-31": "2.00000", "2010-12-31": "-14.00000", "2009-12-31": "-30.00000", "2008-12-31": "-452.00000", "2007-12-31": "213.00000", "2006-12-31": "32.00000", "2005-12-31": "55.00000"}, "Debt Issuance/Retirement Net - Total": {"2020-12-31": "-990.00000", "2019-12-31": "-270.00000", "2018-12-31": "154.00000", "2017-12-31": "-606.00000", "2016-12-31": "-725.00000", "2015-12-31": "", "2014-12-31": "887.00000", "2013-12-31": "-516.00000", "2012-12-31": "-219.00000", "2011-12-31": "-581.00000", "2010-12-31": "-646.00000", "2009-12-31": "-365.00000", "2008-12-31": "-1424.00000", "2007-12-31": "-952.00000", "2006-12-31": "-584.00000", "2005-12-31": "-1968.00000"}, "Net Common Equity Issued/Repurchased": {"2020-12-31": "33.00000", "2019-12-31": "-47.00000", "2018-12-31": "-314.00000", "2017-12-31": "128.00000", "2016-12-31": "-1942.00000", "2015-12-31": "-484.00000", "2014-12-31": "-84.00000", "2013-12-31": "1059.00000", "2012-12-31": "112.00000", "2011-12-31": "1.00000", "2010-12-31": "", "2009-12-31": "-2.00000", "2008-12-31": "", "2007-12-31": "-152.00000", "2006-12-31": "-470.00000", "2005-12-31": "149.00000"}, "Net Total Equity Issued/Repurchased": {"2020-12-31": "33.00000", "2019-12-31": "-47.00000", "2018-12-31": "-314.00000", "2017-12-31": "128.00000", "2016-12-31": "-1942.00000", "2015-12-31": "-484.00000", "2014-12-31": "-84.00000", "2013-12-31": "1728.00000", "2012-12-31": "112.00000", "2011-12-31": "1.00000", "2010-12-31": "", "2009-12-31": "-2.00000", "2008-12-31": "", "2007-12-31": "-152.00000", "2006-12-31": "-470.00000", "2005-12-31": "149.00000"}, "Total Common And Preferred Stock Dividends Paid": {"2020-12-31": "-381.00000", "2019-12-31": "-1013.00000", "2018-12-31": "-995.00000", "2017-12-31": "-941.00000", "2016-12-31": "-954.00000", "2015-12-31": "-663.00000", "2014-12-31": "-607.00000", "2013-12-31": "-481.00000", "2012-12-31": "-334.00000", "2011-12-31": "-323.00000", "2010-12-31": "-608.00000", "2009-12-31": "-127.00000", "2008-12-31": "-507.00000", "2007-12-31": "-531.00000", "2006-12-31": "-538.00000", "2005-12-31": "-466.00000"}, "Financial Activities - Other": {"2020-12-31": "-20.00000", "2019-12-31": "-18.00000", "2018-12-31": "-7.00000", "2017-12-31": "-1.00000", "2016-12-31": "-9.00000", "2015-12-31": "-9.00000", "2014-12-31": "-921.00000", "2013-12-31": "31.00000", "2012-12-31": "-3.00000", "2011-12-31": "-24.00000", "2010-12-31": "-1.00000", "2009-12-31": "-4.00000", "2008-12-31": "-49.00000", "2007-12-31": "55.00000", "2006-12-31": "21.00000", "2005-12-31": "-11.00000"}, "Cash Flow From Financial Activities": {"2020-12-31": "-1358.00000", "2019-12-31": "-1348.00000", "2018-12-31": "-1162.00000", "2017-12-31": "-1420.00000", "2016-12-31": "-3630.00000", "2015-12-31": "-1156.00000", "2014-12-31": "-725.00000", "2013-12-31": "762.00000", "2012-12-31": "-444.00000", "2011-12-31": "-927.00000", "2010-12-31": "-1255.00000", "2009-12-31": "-498.00000", "2008-12-31": "-1980.00000", "2007-12-31": "-1580.00000", "2006-12-31": "-1571.00000", "2005-12-31": "-2296.00000"}, "Net Cash Flow": {"2020-12-31": "356.00000", "2019-12-31": "-195.00000", "2018-12-31": "-490.00000", "2017-12-31": "148.00000", "2016-12-31": "-336.00000", "2015-12-31": "-568.00000", "2014-12-31": "745.00000", "2013-12-31": "-63.00000", "2012-12-31": "-55.00000", "2011-12-31": "-514.00000", "2010-12-31": "-402.00000", "2009-12-31": "-425.00000", "2008-12-31": "2180.00000", "2007-12-31": "-129.00000", "2006-12-31": "-861.00000", "2005-12-31": "-93.00000"}, "Stock-Based Compensation": {"2020-12-31": "30.00000", "2019-12-31": "30.00000", "2018-12-31": "42.00000", "2017-12-31": "40.00000", "2016-12-31": "60.00000", "2015-12-31": "31.00000", "2014-12-31": "40.00000", "2013-12-31": "42.00000", "2012-12-31": "37.00000", "2011-12-31": "25.00000", "2010-12-31": "24.00000", "2009-12-31": "26.00000", "2008-12-31": "47.00000", "2007-12-31": "41.00000", "2006-12-31": "28.00000", "2005-12-31": "11.00000"}, "Common Stock Dividends Paid": {"2020-12-31": "-381.00000", "2019-12-31": "-1013.00000", "2018-12-31": "-995.00000", "2017-12-31": "-941.00000", "2016-12-31": "-932.00000", "2015-12-31": "-619.00000", "2014-12-31": "-563.00000", "2013-12-31": "-458.00000", "2012-12-31": "-334.00000", "2011-12-31": "-323.00000", "2010-12-31": "-608.00000", "2009-12-31": "-127.00000", "2008-12-31": "-507.00000", "2007-12-31": "-531.00000", "2006-12-31": "-538.00000", "2005-12-31": "-466.00000"}}, "cash flow statement, quarterly": {"Net Income/Loss": {"2020-12-31": 292, "2020-09-30": 283, "2020-06-30": 72, "2020-03-31": "150.00000", "2019-12-31": -14, "2019-09-30": 99, "2019-06-30": 128, "2019-03-31": "-289.00000", "2018-12-31": -93, "2018-09-30": 255, "2018-06-30": 317, "2018-03-31": "269.00000", "2017-12-31": 271, "2017-09-30": 130, "2017-06-30": 24, "2017-03-31": "157.00000", "2016-12-31": 551, "2016-09-30": 227, "2016-06-30": 168, "2016-03-31": "81.00000", "2015-12-31": 70, "2015-09-30": 191, "2015-06-30": 144, "2015-03-31": "101.00000", "2014-12-31": 177, "2014-09-30": 1164, "2014-06-30": 291, "2014-03-31": "194.00000", "2013-12-31": 54, "2013-09-30": 167, "2013-06-30": 198, "2013-03-31": "144.00000", "2012-12-31": 142, "2012-09-30": 117, "2012-06-30": 84, "2012-03-31": "41.00000", "2011-12-31": 65, "2011-09-30": 157, "2011-06-30": 10, "2011-03-31": "99.00000", "2010-12-31": 171, "2010-09-30": 1116, "2010-06-30": 14, "2010-03-31": "-18.00000", "2009-12-31": -181, "2009-09-30": -5, "2009-06-30": -116, "2009-03-31": "-266.00000", "2008-12-31": -1214, "2008-09-30": 275, "2008-06-30": -149, "2008-03-31": "-154.00000", "2007-12-31": -114, "2007-09-30": 101, "2007-06-30": 32, "2007-03-31": "720.00000", "2006-12-31": 507, "2006-09-30": 224, "2006-06-30": 298, "2006-03-31": "-576.00000", "2005-12-31": -211, "2005-09-30": 285, "2005-06-30": 420, "2005-03-31": "239.00000"}, "Total Depreciation And Amortization - Cash Flow": {"2020-12-31": 117, "2020-09-30": 115, "2020-06-30": 117, "2020-03-31": "123.00000", "2019-12-31": 128, "2019-09-30": 135, "2019-06-30": 124, "2019-03-31": "123.00000", "2018-12-31": 125, "2018-09-30": 122, "2018-06-30": 119, "2018-03-31": "120.00000", "2017-12-31": 127, "2017-09-30": 132, "2017-06-30": 129, "2017-03-31": "133.00000", "2016-12-31": 137, "2016-09-30": 139, "2016-06-30": 147, "2016-03-31": "142.00000", "2015-12-31": 120, "2015-09-30": 118, "2015-06-30": 118, "2015-03-31": "123.00000", "2014-12-31": 125, "2014-09-30": 123, "2014-06-30": 126, "2014-03-31": "126.00000", "2013-12-31": 129, "2013-09-30": 120, "2013-06-30": 111, "2013-03-31": "112.00000", "2012-12-31": 118, "2012-09-30": 112, "2012-06-30": 113, "2012-03-31": "113.00000", "2011-12-31": 117, "2011-09-30": 120, "2011-06-30": 120, "2011-03-31": "123.00000", "2010-12-31": 127, "2010-09-30": 124, "2010-06-30": 126, "2010-03-31": "126.00000", "2009-12-31": 134, "2009-09-30": 149, "2009-06-30": 129, "2009-03-31": "126.00000", "2008-12-31": 173, "2008-09-30": 152, "2008-06-30": 153, "2008-03-31": "211.00000", "2007-12-31": 221, "2007-09-30": 214, "2007-06-30": 337, "2007-03-31": "202.00000", "2006-12-31": 341, "2006-09-30": -435, "2006-06-30": 316, "2006-03-31": "1061.00000", "2005-12-31": 338, "2005-09-30": 333, "2005-06-30": 332, "2005-03-31": "334.00000"}, "Other Non-Cash Items": {"2020-12-31": 14, "2020-09-30": 179, "2020-06-30": 155, "2020-03-31": "-9.00000", "2019-12-31": 46, "2019-09-30": 38, "2019-06-30": 6, "2019-03-31": "421.00000", "2018-12-31": 200, "2018-09-30": 153, "2018-06-30": 48, "2018-03-31": "85.00000", "2017-12-31": -45, "2017-09-30": 37, "2017-06-30": 167, "2017-03-31": "47.00000", "2016-12-31": -899, "2016-09-30": -16, "2016-06-30": 22, "2016-03-31": "6.00000", "2015-12-31": 48, "2015-09-30": 30, "2015-06-30": 17, "2015-03-31": "73.00000", "2014-12-31": 27, "2014-09-30": -948, "2014-06-30": 24, "2014-03-31": "-13.00000", "2013-12-31": 279, "2013-09-30": 42, "2013-06-30": 91, "2013-03-31": "22.00000", "2012-12-31": 46, "2012-09-30": 66, "2012-06-30": 1, "2012-03-31": "-37.00000", "2011-12-31": 88, "2011-09-30": -87, "2011-06-30": 9, "2011-03-31": "-104.00000", "2010-12-31": -20, "2010-09-30": -1082, "2010-06-30": -11, "2010-03-31": "-181.00000", "2009-12-31": 238, "2009-09-30": -202, "2009-06-30": 57, "2009-03-31": "85.00000", "2008-12-31": 951, "2008-09-30": -1788, "2008-06-30": 155, "2008-03-31": "159.00000", "2007-12-31": 212, "2007-09-30": -21, "2007-06-30": -88, "2007-03-31": "-647.00000", "2006-12-31": 16, "2006-09-30": 687, "2006-06-30": -114, "2006-03-31": "-10.00000", "2005-12-31": 520, "2005-09-30": -108, "2005-06-30": -306, "2005-03-31": "-24.00000"}, "Total Non-Cash Items": {"2020-12-31": 131, "2020-09-30": 294, "2020-06-30": 272, "2020-03-31": "114.00000", "2019-12-31": 174, "2019-09-30": 173, "2019-06-30": 130, "2019-03-31": "544.00000", "2018-12-31": 325, "2018-09-30": 275, "2018-06-30": 167, "2018-03-31": "205.00000", "2017-12-31": 82, "2017-09-30": 169, "2017-06-30": 296, "2017-03-31": "180.00000", "2016-12-31": -762, "2016-09-30": 123, "2016-06-30": 169, "2016-03-31": "148.00000", "2015-12-31": 168, "2015-09-30": 148, "2015-06-30": 135, "2015-03-31": "196.00000", "2014-12-31": 152, "2014-09-30": -825, "2014-06-30": 150, "2014-03-31": "113.00000", "2013-12-31": 408, "2013-09-30": 162, "2013-06-30": 202, "2013-03-31": "134.00000", "2012-12-31": 164, "2012-09-30": 178, "2012-06-30": 114, "2012-03-31": "76.00000", "2011-12-31": 205, "2011-09-30": 33, "2011-06-30": 129, "2011-03-31": "19.00000", "2010-12-31": 107, "2010-09-30": -958, "2010-06-30": 115, "2010-03-31": "-55.00000", "2009-12-31": 372, "2009-09-30": -53, "2009-06-30": 186, "2009-03-31": "211.00000", "2008-12-31": 1124, "2008-09-30": -1636, "2008-06-30": 308, "2008-03-31": "370.00000", "2007-12-31": 433, "2007-09-30": 193, "2007-06-30": 249, "2007-03-31": "-445.00000", "2006-12-31": 357, "2006-09-30": 252, "2006-06-30": 202, "2006-03-31": "1051.00000", "2005-12-31": 858, "2005-09-30": 225, "2005-06-30": 26, "2005-03-31": "310.00000"}, "Change In Accounts Receivable": {"2020-12-31": 116, "2020-09-30": -80, "2020-06-30": -109, "2020-03-31": "-3.00000", "2019-12-31": 93, "2019-09-30": 40, "2019-06-30": 21, "2019-03-31": "-108.00000", "2018-12-31": 123, "2018-09-30": -78, "2018-06-30": -8, "2018-03-31": "-78.00000", "2017-12-31": 144, "2017-09-30": -98, "2017-06-30": -61, "2017-03-31": "-70.00000", "2016-12-31": 5, "2016-09-30": 31, "2016-06-30": -43, "2016-03-31": "-47.00000", "2015-12-31": 53, "2015-09-30": -29, "2015-06-30": 2, "2015-03-31": "-14.00000", "2014-12-31": 57, "2014-09-30": -44, "2014-06-30": -50, "2014-03-31": "66.00000", "2013-12-31": 21, "2013-09-30": 20, "2013-06-30": 67, "2013-03-31": "-135.00000", "2012-12-31": 75, "2012-09-30": -85, "2012-06-30": -18, "2012-03-31": "-5.00000", "2011-12-31": 0, "2011-09-30": 16, "2011-06-30": -10, "2011-03-31": "-59.00000", "2010-12-31": 36, "2010-09-30": 12, "2010-06-30": -596, "2010-03-31": "481.00000", "2009-12-31": 28, "2009-09-30": 283, "2009-06-30": -272, "2009-03-31": "54.00000", "2008-12-31": 91, "2008-09-30": 197, "2008-06-30": -133, "2008-03-31": "-107.00000", "2007-12-31": 75, "2007-09-30": 67, "2007-06-30": -96, "2007-03-31": "-164.00000", "2006-12-31": 241, "2006-09-30": 98, "2006-06-30": -109, "2006-03-31": "-201.00000", "2005-12-31": 221, "2005-09-30": 62, "2005-06-30": -174, "2005-03-31": "-290.00000"}, "Change In Inventories": {"2020-12-31": -27, "2020-09-30": 0, "2020-06-30": 74, "2020-03-31": "-72.00000", "2019-12-31": -21, "2019-09-30": 30, "2019-06-30": 28, "2019-03-31": "-60.00000", "2018-12-31": -5, "2018-09-30": 27, "2018-06-30": 30, "2018-03-31": "-66.00000", "2017-12-31": -43, "2017-09-30": 11, "2017-06-30": 21, "2017-03-31": "-28.00000", "2016-12-31": 12, "2016-09-30": 32, "2016-06-30": 60, "2016-03-31": "-43.00000", "2015-12-31": 19, "2015-09-30": 6, "2015-06-30": 42, "2015-03-31": "-57.00000", "2014-12-31": -20, "2014-09-30": 8, "2014-06-30": 34, "2014-03-31": "-88.00000", "2013-12-31": -13, "2013-09-30": 36, "2013-06-30": 32, "2013-03-31": "-68.00000", "2012-12-31": -20, "2012-09-30": -22, "2012-06-30": 28, "2012-03-31": "-40.00000", "2011-12-31": -6, "2011-09-30": -9, "2011-06-30": 35, "2011-03-31": "-66.00000", "2010-12-31": 2, "2010-09-30": -7, "2010-06-30": 40, "2010-03-31": "-65.00000", "2009-12-31": 4, "2009-09-30": 36, "2009-06-30": 174, "2009-03-31": "37.00000", "2008-12-31": -152, "2008-09-30": 58, "2008-06-30": 121, "2008-03-31": "-37.00000", "2007-12-31": 188, "2007-09-30": -150, "2007-06-30": 72, "2007-03-31": "-163.00000", "2006-12-31": 212, "2006-09-30": -193, "2006-06-30": -60, "2006-03-31": "-274.00000", "2005-12-31": 146, "2005-09-30": -74, "2005-06-30": 2, "2005-03-31": "-267.00000"}, "Change In Accounts Payable": {"2020-12-31": 0, "2020-09-30": 0, "2020-06-30": 0, "2020-03-31": "", "2019-12-31": 0, "2019-09-30": 0, "2019-06-30": 0, "2019-03-31": "", "2018-12-31": 0, "2018-09-30": 0, "2018-06-30": 0, "2018-03-31": "", "2017-12-31": 0, "2017-09-30": 0, "2017-06-30": 0, "2017-03-31": "", "2016-12-31": 0, "2016-09-30": 0, "2016-06-30": 0, "2016-03-31": "", "2015-12-31": 0, "2015-09-30": 0, "2015-06-30": 0, "2015-03-31": "", "2014-12-31": 0, "2014-09-30": 0, "2014-06-30": 0, "2014-03-31": "", "2013-12-31": 0, "2013-09-30": 0, "2013-06-30": 0, "2013-03-31": "", "2012-12-31": 0, "2012-09-30": 0, "2012-06-30": 0, "2012-03-31": "", "2011-12-31": 0, "2011-09-30": 0, "2011-06-30": 0, "2011-03-31": "", "2010-12-31": 0, "2010-09-30": 0, "2010-06-30": 0, "2010-03-31": "", "2009-12-31": 0, "2009-09-30": 0, "2009-06-30": 0, "2009-03-31": "", "2008-12-31": 0, "2008-09-30": 0, "2008-06-30": 0, "2008-03-31": "", "2007-12-31": 0, "2007-09-30": 0, "2007-06-30": 0, "2007-03-31": "", "2006-12-31": 0, "2006-09-30": 0, "2006-06-30": 0, "2006-03-31": "", "2005-12-31": 0, "2005-09-30": 0, "2005-06-30": 0, "2005-03-31": ""}, "Change In Assets/Liabilities": {"2020-12-31": -9, "2020-09-30": 0, "2020-06-30": 7, "2020-03-31": "-2.00000", "2019-12-31": 1, "2019-09-30": 2, "2019-06-30": 8, "2019-03-31": "-5.00000", "2018-12-31": -11, "2018-09-30": -6, "2018-06-30": 4, "2018-03-31": "-5.00000", "2017-12-31": -3, "2017-09-30": 4, "2017-06-30": -4, "2017-03-31": "-9.00000", "2016-12-31": 3, "2016-09-30": -2, "2016-06-30": 0, "2016-03-31": "4.00000", "2015-12-31": 20, "2015-09-30": 0, "2015-06-30": 9, "2015-03-31": "-11.00000", "2014-12-31": 15, "2014-09-30": -13, "2014-06-30": -42, "2014-03-31": "-57.00000", "2013-12-31": -4, "2013-09-30": -61, "2013-06-30": -72, "2013-03-31": "-73.00000", "2012-12-31": 15, "2012-09-30": -56, "2012-06-30": 17, "2012-03-31": "-63.00000", "2011-12-31": 59, "2011-09-30": -20, "2011-06-30": -40, "2011-03-31": "-12.00000", "2010-12-31": 65, "2010-09-30": -17, "2010-06-30": -1, "2010-03-31": "-46.00000", "2009-12-31": 133, "2009-09-30": 14, "2009-06-30": 16, "2009-03-31": "-2.00000", "2008-12-31": 271, "2008-09-30": 27, "2008-06-30": 15, "2008-03-31": "-18.00000", "2007-12-31": 37, "2007-09-30": -47, "2007-06-30": -30, "2007-03-31": "10.00000", "2006-12-31": 35, "2006-09-30": -30, "2006-06-30": -28, "2006-03-31": "-76.00000", "2005-12-31": 45, "2005-09-30": -1, "2005-06-30": -40, "2005-03-31": "-41.00000"}, "Total Change In Assets/Liabilities": {"2020-12-31": -43, "2020-09-30": 26, "2020-06-30": 63, "2020-03-31": "-168.00000", "2019-12-31": 141, "2019-09-30": 21, "2019-06-30": 159, "2019-03-31": "-255.00000", "2018-12-31": 86, "2018-09-30": -120, "2018-06-30": 129, "2018-03-31": "-322.00000", "2017-12-31": 20, "2017-09-30": 46, "2017-06-30": 184, "2017-03-31": "-280.00000", "2016-12-31": 76, "2016-09-30": 51, "2016-06-30": 148, "2016-03-31": "-146.00000", "2015-12-31": 93, "2015-09-30": -34, "2015-06-30": 119, "2015-03-31": "-173.00000", "2014-12-31": 29, "2014-09-30": 49, "2014-06-30": -75, "2014-03-31": "-159.00000", "2013-12-31": -98, "2013-09-30": 72, "2013-06-30": 61, "2013-03-31": "-342.00000", "2012-12-31": -8, "2012-09-30": -165, "2012-06-30": 110, "2012-03-31": "-166.00000", "2011-12-31": -43, "2011-09-30": -37, "2011-06-30": -7, "2011-03-31": "-195.00000", "2010-12-31": 184, "2010-09-30": -61, "2010-06-30": -12, "2010-03-31": "323.00000", "2009-12-31": -87, "2009-09-30": 14, "2009-06-30": 119, "2009-03-31": "-366.00000", "2008-12-31": -1085, "2008-09-30": 1429, "2008-06-30": 150, "2008-03-31": "-419.00000", "2007-12-31": 268, "2007-09-30": -86, "2007-06-30": -111, "2007-03-31": "-533.00000", "2006-12-31": 564, "2006-09-30": -338, "2006-06-30": -41, "2006-03-31": "-810.00000", "2005-12-31": 433, "2005-09-30": -107, "2005-06-30": 135, "2005-03-31": "-777.00000"}, "Cash Flow From Operating Activities": {"2020-12-31": 444, "2020-09-30": 608, "2020-06-30": 391, "2020-03-31": "86.00000", "2019-12-31": 292, "2019-09-30": 292, "2019-06-30": 396, "2019-03-31": "-14.00000", "2018-12-31": 292, "2018-09-30": 87, "2018-06-30": 597, "2018-03-31": "136.00000", "2017-12-31": 354, "2017-09-30": 323, "2017-06-30": 489, "2017-03-31": "35.00000", "2016-12-31": -151, "2016-09-30": 347, "2016-06-30": 492, "2016-03-31": "47.00000", "2015-12-31": 339, "2015-09-30": 282, "2015-06-30": 367, "2015-03-31": "87.00000", "2014-12-31": 325, "2014-09-30": 353, "2014-06-30": 322, "2014-03-31": "109.00000", "2013-12-31": 348, "2013-09-30": 343, "2013-06-30": 374, "2013-03-31": "-61.00000", "2012-12-31": 252, "2012-09-30": 122, "2012-06-30": 267, "2012-03-31": "-60.00000", "2011-12-31": 147, "2011-09-30": 117, "2011-06-30": 114, "2011-03-31": "-87.00000", "2010-12-31": 225, "2010-09-30": 97, "2010-06-30": 189, "2010-03-31": "178.00000", "2009-12-31": 73, "2009-09-30": 34, "2009-06-30": 126, "2009-03-31": "-436.00000", "2008-12-31": -1160, "2008-09-30": -47, "2008-06-30": 190, "2008-03-31": "-282.00000", "2007-12-31": 549, "2007-09-30": 205, "2007-06-30": 165, "2007-03-31": "-284.00000", "2006-12-31": 1323, "2006-09-30": 137, "2006-06-30": 467, "2006-03-31": "-303.00000", "2005-12-31": 888, "2005-09-30": 425, "2005-06-30": 666, "2005-03-31": "-227.00000"}, "Net Change In Property, Plant, And Equipment": {"2020-12-31": -82, "2020-09-30": -65, "2020-06-30": -66, "2020-03-31": "-68.00000", "2019-12-31": 154, "2019-09-30": -98, "2019-06-30": -84, "2019-03-31": "-59.00000", "2018-12-31": -144, "2018-09-30": -105, "2018-06-30": -97, "2018-03-31": "-81.00000", "2017-12-31": -380, "2017-09-30": 326, "2017-06-30": -95, "2017-03-31": "-67.00000", "2016-12-31": -576, "2016-09-30": 165, "2016-06-30": -90, "2016-03-31": "-9.00000", "2015-12-31": -183, "2015-09-30": -107, "2015-06-30": -110, "2015-03-31": "-119.00000", "2014-12-31": -120, "2014-09-30": -88, "2014-06-30": -113, "2014-03-31": "-46.00000", "2013-12-31": -109, "2013-09-30": -61, "2013-06-30": -61, "2013-03-31": "-42.00000", "2012-12-31": -66, "2012-09-30": -80, "2012-06-30": -81, "2012-03-31": "-58.00000", "2011-12-31": 280, "2011-09-30": -66, "2011-06-30": -239, "2011-03-31": "146.00000", "2010-12-31": 124, "2010-09-30": -43, "2010-06-30": -154, "2010-03-31": "56.00000", "2009-12-31": 319, "2009-09-30": -69, "2009-06-30": -40, "2009-03-31": "-78.00000", "2008-12-31": 6354, "2008-09-30": -129, "2008-06-30": -180, "2008-03-31": "-169.00000", "2007-12-31": -375, "2007-09-30": -195, "2007-06-30": -150, "2007-03-31": "-160.00000", "2006-12-31": -307, "2006-09-30": -193, "2006-06-30": -209, "2006-03-31": "-212.00000", "2005-12-31": -335, "2005-09-30": -239, "2005-06-30": -213, "2005-03-31": "-129.00000"}, "Net Change In Intangible Assets": {"2020-12-31": 0, "2020-09-30": 0, "2020-06-30": 0, "2020-03-31": "", "2019-12-31": 0, "2019-09-30": 0, "2019-06-30": 0, "2019-03-31": "", "2018-12-31": 0, "2018-09-30": 0, "2018-06-30": 0, "2018-03-31": "", "2017-12-31": 0, "2017-09-30": 0, "2017-06-30": 0, "2017-03-31": "", "2016-12-31": 0, "2016-09-30": 0, "2016-06-30": 0, "2016-03-31": "", "2015-12-31": 0, "2015-09-30": 0, "2015-06-30": 0, "2015-03-31": "", "2014-12-31": 0, "2014-09-30": 0, "2014-06-30": 0, "2014-03-31": "", "2013-12-31": 0, "2013-09-30": 0, "2013-06-30": 0, "2013-03-31": "", "2012-12-31": 0, "2012-09-30": 0, "2012-06-30": 0, "2012-03-31": "", "2011-12-31": 0, "2011-09-30": 0, "2011-06-30": 0, "2011-03-31": "", "2010-12-31": 0, "2010-09-30": 0, "2010-06-30": 0, "2010-03-31": "", "2009-12-31": 0, "2009-09-30": 0, "2009-06-30": 0, "2009-03-31": "", "2008-12-31": 0, "2008-09-30": 0, "2008-06-30": 0, "2008-03-31": "", "2007-12-31": 0, "2007-09-30": 0, "2007-06-30": 0, "2007-03-31": "", "2006-12-31": 0, "2006-09-30": 0, "2006-06-30": 0, "2006-03-31": "", "2005-12-31": 0, "2005-09-30": 0, "2005-06-30": 0, "2005-03-31": ""}, "Net Acquisitions/Divestitures": {"2020-12-31": -44, "2020-09-30": 0, "2020-06-30": 0, "2020-03-31": "145.00000", "2019-12-31": 0, "2019-09-30": 0, "2019-06-30": 0, "2019-03-31": "", "2018-12-31": 0, "2018-09-30": 0, "2018-06-30": 0, "2018-03-31": "", "2017-12-31": 403, "2017-09-30": 0, "2017-06-30": 0, "2017-03-31": "", "2016-12-31": 2486, "2016-09-30": 0, "2016-06-30": 0, "2016-03-31": "", "2015-12-31": 0, "2015-09-30": -6, "2015-06-30": 6, "2015-03-31": "", "2014-12-31": 0, "2014-09-30": 687, "2014-06-30": 20, "2014-03-31": "", "2013-12-31": 0, "2013-09-30": -1595, "2013-06-30": 14, "2013-03-31": "", "2012-12-31": 44, "2012-09-30": 12, "2012-06-30": 24, "2012-03-31": "", "2011-12-31": -353, "2011-09-30": 157, "2011-06-30": 196, "2011-03-31": "", "2010-12-31": -160, "2010-09-30": 30, "2010-06-30": 130, "2010-03-31": "", "2009-12-31": -350, "2009-09-30": 313, "2009-06-30": 29, "2009-03-31": "8.00000", "2008-12-31": -6458, "2008-09-30": 6359, "2008-06-30": 70, "2008-03-31": "29.00000", "2007-12-31": 324, "2007-09-30": 1358, "2007-06-30": 61, "2007-03-31": "", "2006-12-31": 66, "2006-09-30": 180, "2006-06-30": 0, "2006-03-31": "-213.00000", "2005-12-31": 102, "2005-09-30": 0, "2005-06-30": 1107, "2005-03-31": ""}, "Net Change In Short-term Investments": {"2020-12-31": 0, "2020-09-30": 0, "2020-06-30": 0, "2020-03-31": "", "2019-12-31": 0, "2019-09-30": 0, "2019-06-30": 0, "2019-03-31": "", "2018-12-31": 0, "2018-09-30": 0, "2018-06-30": 0, "2018-03-31": "", "2017-12-31": 0, "2017-09-30": 0, "2017-06-30": 0, "2017-03-31": "", "2016-12-31": 0, "2016-09-30": 0, "2016-06-30": 0, "2016-03-31": "", "2015-12-31": 0, "2015-09-30": 0, "2015-06-30": 0, "2015-03-31": "", "2014-12-31": 0, "2014-09-30": 0, "2014-06-30": 0, "2014-03-31": "", "2013-12-31": 0, "2013-09-30": 0, "2013-06-30": 0, "2013-03-31": "", "2012-12-31": 0, "2012-09-30": 0, "2012-06-30": 0, "2012-03-31": "", "2011-12-31": 0, "2011-09-30": 0, "2011-06-30": 0, "2011-03-31": "", "2010-12-31": 2, "2010-09-30": 0, "2010-06-30": 0, "2010-03-31": "47.00000", "2009-12-31": 0, "2009-09-30": 14, "2009-06-30": 32, "2009-03-31": "46.00000", "2008-12-31": 553, "2008-09-30": -701, "2008-06-30": 0, "2008-03-31": "", "2007-12-31": 0, "2007-09-30": 0, "2007-06-30": 0, "2007-03-31": "", "2006-12-31": 0, "2006-09-30": 0, "2006-06-30": 0, "2006-03-31": "", "2005-12-31": 0, "2005-09-30": 0, "2005-06-30": 0, "2005-03-31": ""}, "Net Change In Long-Term Investments": {"2020-12-31": 0, "2020-09-30": 0, "2020-06-30": 0, "2020-03-31": "", "2019-12-31": 0, "2019-09-30": 0, "2019-06-30": 0, "2019-03-31": "", "2018-12-31": 0, "2018-09-30": 0, "2018-06-30": 0, "2018-03-31": "", "2017-12-31": 0, "2017-09-30": 0, "2017-06-30": 0, "2017-03-31": "", "2016-12-31": 0, "2016-09-30": 0, "2016-06-30": 0, "2016-03-31": "", "2015-12-31": 0, "2015-09-30": 0, "2015-06-30": 0, "2015-03-31": "", "2014-12-31": 0, "2014-09-30": 0, "2014-06-30": 0, "2014-03-31": "", "2013-12-31": 0, "2013-09-30": 0, "2013-06-30": 0, "2013-03-31": "", "2012-12-31": 0, "2012-09-30": 0, "2012-06-30": 0, "2012-03-31": "", "2011-12-31": 0, "2011-09-30": 0, "2011-06-30": 0, "2011-03-31": "", "2010-12-31": 0, "2010-09-30": 0, "2010-06-30": 0, "2010-03-31": "", "2009-12-31": 2, "2009-09-30": -2, "2009-06-30": 0, "2009-03-31": "", "2008-12-31": 0, "2008-09-30": 0, "2008-06-30": 0, "2008-03-31": "", "2007-12-31": 0, "2007-09-30": 0, "2007-06-30": 0, "2007-03-31": "", "2006-12-31": 0, "2006-09-30": 0, "2006-06-30": 0, "2006-03-31": "", "2005-12-31": 0, "2005-09-30": 115, "2005-06-30": 0, "2005-03-31": ""}, "Net Change In Investments - Total": {"2020-12-31": 0, "2020-09-30": 0, "2020-06-30": 0, "2020-03-31": "", "2019-12-31": 0, "2019-09-30": 0, "2019-06-30": 0, "2019-03-31": "", "2018-12-31": 0, "2018-09-30": 0, "2018-06-30": 0, "2018-03-31": "", "2017-12-31": 0, "2017-09-30": 0, "2017-06-30": 0, "2017-03-31": "", "2016-12-31": 0, "2016-09-30": 0, "2016-06-30": 0, "2016-03-31": "", "2015-12-31": 0, "2015-09-30": 0, "2015-06-30": 0, "2015-03-31": "", "2014-12-31": 0, "2014-09-30": 0, "2014-06-30": 0, "2014-03-31": "", "2013-12-31": 0, "2013-09-30": 0, "2013-06-30": 0, "2013-03-31": "", "2012-12-31": 0, "2012-09-30": 0, "2012-06-30": 0, "2012-03-31": "", "2011-12-31": 0, "2011-09-30": 0, "2011-06-30": 0, "2011-03-31": "", "2010-12-31": 2, "2010-09-30": 0, "2010-06-30": 0, "2010-03-31": "47.00000", "2009-12-31": 2, "2009-09-30": 12, "2009-06-30": 32, "2009-03-31": "46.00000", "2008-12-31": 553, "2008-09-30": -701, "2008-06-30": 0, "2008-03-31": "", "2007-12-31": 0, "2007-09-30": 0, "2007-06-30": 0, "2007-03-31": "", "2006-12-31": 0, "2006-09-30": 0, "2006-06-30": 0, "2006-03-31": "", "2005-12-31": 0, "2005-09-30": 115, "2005-06-30": 0, "2005-03-31": ""}, "Investing Activities - Other": {"2020-12-31": 0, "2020-09-30": 0, "2020-06-30": 1, "2020-03-31": "364.00000", "2019-12-31": 1, "2019-09-30": 1, "2019-06-30": 1, "2019-03-31": "271.00000", "2018-12-31": -32, "2018-09-30": -10, "2018-06-30": 24, "2018-03-31": "5.00000", "2017-12-31": 152, "2017-09-30": -28, "2017-06-30": 57, "2017-03-31": "-1.00000", "2016-12-31": 58, "2016-09-30": 52, "2016-06-30": 440, "2016-03-31": "33.00000", "2015-12-31": 20, "2015-09-30": 0, "2015-06-30": 12, "2015-03-31": "", "2014-12-31": -4, "2014-09-30": 25, "2014-06-30": 0, "2014-03-31": "", "2013-12-31": -2, "2013-09-30": 9, "2013-06-30": 18, "2013-03-31": "", "2012-12-31": 111, "2012-09-30": -98, "2012-06-30": -1, "2012-03-31": "1.00000", "2011-12-31": 7, "2011-09-30": -1, "2011-06-30": -10, "2011-03-31": "5.00000", "2010-12-31": -17, "2010-09-30": 14, "2010-06-30": 88, "2010-03-31": "47.00000", "2009-12-31": 105, "2009-09-30": 18, "2009-06-30": 7, "2009-03-31": "-78.00000", "2008-12-31": -213, "2008-09-30": 30, "2008-06-30": -70, "2008-03-31": "-16.00000", "2007-12-31": -71, "2007-09-30": -1346, "2007-06-30": 15, "2007-03-31": "1355.00000", "2006-12-31": -14, "2006-09-30": -29, "2006-06-30": -8, "2006-03-31": "25.00000", "2005-12-31": 14, "2005-09-30": 19, "2005-06-30": 3, "2005-03-31": "7.00000"}, "Cash Flow From Investing Activities": {"2020-12-31": -126, "2020-09-30": -65, "2020-06-30": -65, "2020-03-31": "441.00000", "2019-12-31": 155, "2019-09-30": -97, "2019-06-30": -83, "2019-03-31": "212.00000", "2018-12-31": -176, "2018-09-30": -115, "2018-06-30": -73, "2018-03-31": "-76.00000", "2017-12-31": 175, "2017-09-30": 298, "2017-06-30": -38, "2017-03-31": "-68.00000", "2016-12-31": 1968, "2016-09-30": 217, "2016-06-30": 350, "2016-03-31": "24.00000", "2015-12-31": -163, "2015-09-30": -113, "2015-06-30": -92, "2015-03-31": "-119.00000", "2014-12-31": -124, "2014-09-30": 624, "2014-06-30": -93, "2014-03-31": "-46.00000", "2013-12-31": -111, "2013-09-30": -1647, "2013-06-30": -29, "2013-03-31": "-42.00000", "2012-12-31": 89, "2012-09-30": -166, "2012-06-30": -58, "2012-03-31": "-57.00000", "2011-12-31": -66, "2011-09-30": 90, "2011-06-30": -53, "2011-03-31": "151.00000", "2010-12-31": -51, "2010-09-30": 1, "2010-06-30": 64, "2010-03-31": "150.00000", "2009-12-31": 76, "2009-09-30": 274, "2009-06-30": 28, "2009-03-31": "-102.00000", "2008-12-31": 236, "2008-09-30": 5559, "2008-06-30": -180, "2008-03-31": "-156.00000", "2007-12-31": -122, "2007-09-30": -183, "2007-06-30": -74, "2007-03-31": "1195.00000", "2006-12-31": -255, "2006-09-30": -42, "2006-06-30": -217, "2006-03-31": "-400.00000", "2005-12-31": -219, "2005-09-30": -105, "2005-06-30": 897, "2005-03-31": "-122.00000"}, "Net Long-Term Debt": {"2020-12-31": -556, "2020-09-30": -348, "2020-06-30": -588, "2020-03-31": "732.00000", "2019-12-31": 0, "2019-09-30": -302, "2019-06-30": 0, "2019-03-31": "227.00000", "2018-12-31": -209, "2018-09-30": 0, "2018-06-30": 0, "2018-03-31": "-62.00000", "2017-12-31": 0, "2017-09-30": -606, "2017-06-30": 0, "2017-03-31": "", "2016-12-31": -1700, "2016-09-30": 300, "2016-06-30": 297, "2016-03-31": "378.00000", "2015-12-31": 0, "2015-09-30": 0, "2015-06-30": 0, "2015-03-31": "", "2014-12-31": 0, "2014-09-30": 0, "2014-06-30": 887, "2014-03-31": "", "2013-12-31": -677, "2013-09-30": 331, "2013-06-30": -21, "2013-03-31": "-156.00000", "2012-12-31": 0, "2012-09-30": -181, "2012-06-30": -4, "2012-03-31": "-2.00000", "2011-12-31": -33, "2011-09-30": 0, "2011-06-30": -548, "2011-03-31": "-2.00000", "2010-12-31": -65, "2010-09-30": -2, "2010-06-30": -548, "2010-03-31": "-17.00000", "2009-12-31": 87, "2009-09-30": -403, "2009-06-30": -18, "2009-03-31": "-1.00000", "2008-12-31": -773, "2008-09-30": -92, "2008-06-30": -103, "2008-03-31": "-4.00000", "2007-12-31": -5, "2007-09-30": 397, "2007-06-30": -1091, "2007-03-31": "-466.00000", "2006-12-31": -7, "2006-09-30": -84, "2006-06-30": -259, "2006-03-31": "-266.00000", "2005-12-31": -410, "2005-09-30": -989, "2005-06-30": -219, "2005-03-31": "-405.00000"}, "Net Current Debt": {"2020-12-31": 0, "2020-09-30": 0, "2020-06-30": -550, "2020-03-31": "320.00000", "2019-12-31": -210, "2019-09-30": 300, "2019-06-30": -105, "2019-03-31": "-180.00000", "2018-12-31": 425, "2018-09-30": 0, "2018-06-30": 0, "2018-03-31": "", "2017-12-31": 0, "2017-09-30": 0, "2017-06-30": 0, "2017-03-31": "", "2016-12-31": 0, "2016-09-30": 0, "2016-06-30": 0, "2016-03-31": "", "2015-12-31": 0, "2015-09-30": 0, "2015-06-30": 0, "2015-03-31": "", "2014-12-31": 17, "2014-09-30": -11, "2014-06-30": 0, "2014-03-31": "-6.00000", "2013-12-31": -1, "2013-09-30": 1, "2013-06-30": 4, "2013-03-31": "3.00000", "2012-12-31": 0, "2012-09-30": -12, "2012-06-30": 9, "2012-03-31": "-29.00000", "2011-12-31": 28, "2011-09-30": -8, "2011-06-30": 1, "2011-03-31": "-19.00000", "2010-12-31": 16, "2010-09-30": -15, "2010-06-30": -8, "2010-03-31": "-7.00000", "2009-12-31": 16, "2009-09-30": -12, "2009-06-30": 8, "2009-03-31": "-42.00000", "2008-12-31": 28, "2008-09-30": -1271, "2008-06-30": 257, "2008-03-31": "534.00000", "2007-12-31": -262, "2007-09-30": 108, "2007-06-30": 76, "2007-03-31": "291.00000", "2006-12-31": -489, "2006-09-30": 445, "2006-06-30": 93, "2006-03-31": "-17.00000", "2005-12-31": 82, "2005-09-30": -46, "2005-06-30": 26, "2005-03-31": "-7.00000"}, "Debt Issuance/Retirement Net - Total": {"2020-12-31": -556, "2020-09-30": -348, "2020-06-30": -1138, "2020-03-31": "1052.00000", "2019-12-31": -210, "2019-09-30": -2, "2019-06-30": -105, "2019-03-31": "47.00000", "2018-12-31": 216, "2018-09-30": 0, "2018-06-30": 0, "2018-03-31": "-62.00000", "2017-12-31": 0, "2017-09-30": -606, "2017-06-30": 0, "2017-03-31": "", "2016-12-31": -1700, "2016-09-30": 300, "2016-06-30": 297, "2016-03-31": "378.00000", "2015-12-31": 0, "2015-09-30": 0, "2015-06-30": 0, "2015-03-31": "", "2014-12-31": 17, "2014-09-30": -11, "2014-06-30": 887, "2014-03-31": "-6.00000", "2013-12-31": -678, "2013-09-30": 332, "2013-06-30": -17, "2013-03-31": "-153.00000", "2012-12-31": 0, "2012-09-30": -193, "2012-06-30": 5, "2012-03-31": "-31.00000", "2011-12-31": -5, "2011-09-30": -8, "2011-06-30": -547, "2011-03-31": "-21.00000", "2010-12-31": -49, "2010-09-30": -17, "2010-06-30": -556, "2010-03-31": "-24.00000", "2009-12-31": 103, "2009-09-30": -415, "2009-06-30": -10, "2009-03-31": "-43.00000", "2008-12-31": -745, "2008-09-30": -1363, "2008-06-30": 154, "2008-03-31": "530.00000", "2007-12-31": -267, "2007-09-30": 505, "2007-06-30": -1015, "2007-03-31": "-175.00000", "2006-12-31": -496, "2006-09-30": 361, "2006-06-30": -166, "2006-03-31": "-283.00000", "2005-12-31": -328, "2005-09-30": -1035, "2005-06-30": -193, "2005-03-31": "-412.00000"}, "Net Common Equity Issued/Repurchased": {"2020-12-31": 24, "2020-09-30": 3, "2020-06-30": 0, "2020-03-31": "6.00000", "2019-12-31": 5, "2019-09-30": 4, "2019-06-30": 2, "2019-03-31": "-58.00000", "2018-12-31": -93, "2018-09-30": -269, "2018-06-30": 23, "2018-03-31": "25.00000", "2017-12-31": 39, "2017-09-30": 8, "2017-06-30": 26, "2017-03-31": "55.00000", "2016-12-31": 13, "2016-09-30": -338, "2016-06-30": -823, "2016-03-31": "-794.00000", "2015-12-31": 0, "2015-09-30": -77, "2015-06-30": -154, "2015-03-31": "-253.00000", "2014-12-31": -45, "2014-09-30": -93, "2014-06-30": 39, "2014-03-31": "15.00000", "2013-12-31": 21, "2013-09-30": 125, "2013-06-30": 832, "2013-03-31": "81.00000", "2012-12-31": 39, "2012-09-30": 66, "2012-06-30": 2, "2012-03-31": "5.00000", "2011-12-31": -12, "2011-09-30": -24, "2011-06-30": 3, "2011-03-31": "34.00000", "2010-12-31": 0, "2010-09-30": 0, "2010-06-30": 0, "2010-03-31": "", "2009-12-31": 0, "2009-09-30": 0, "2009-06-30": 0, "2009-03-31": "-2.00000", "2008-12-31": -4, "2008-09-30": 1, "2008-06-30": 2, "2008-03-31": "1.00000", "2007-12-31": -8, "2007-09-30": -438, "2007-06-30": -12, "2007-03-31": "306.00000", "2006-12-31": -309, "2006-09-30": -332, "2006-06-30": 40, "2006-03-31": "131.00000", "2005-12-31": -1, "2005-09-30": 14, "2005-06-30": 65, "2005-03-31": "71.00000"}, "Net Total Equity Issued/Repurchased": {"2020-12-31": 24, "2020-09-30": 3, "2020-06-30": 0, "2020-03-31": "6.00000", "2019-12-31": 5, "2019-09-30": 4, "2019-06-30": 2, "2019-03-31": "-58.00000", "2018-12-31": -93, "2018-09-30": -269, "2018-06-30": 23, "2018-03-31": "25.00000", "2017-12-31": 39, "2017-09-30": 8, "2017-06-30": 26, "2017-03-31": "55.00000", "2016-12-31": 13, "2016-09-30": -338, "2016-06-30": -823, "2016-03-31": "-794.00000", "2015-12-31": 0, "2015-09-30": -77, "2015-06-30": -154, "2015-03-31": "-253.00000", "2014-12-31": -45, "2014-09-30": -93, "2014-06-30": 39, "2014-03-31": "15.00000", "2013-12-31": 21, "2013-09-30": 125, "2013-06-30": 1501, "2013-03-31": "81.00000", "2012-12-31": 39, "2012-09-30": 66, "2012-06-30": 2, "2012-03-31": "5.00000", "2011-12-31": -12, "2011-09-30": -24, "2011-06-30": 3, "2011-03-31": "34.00000", "2010-12-31": 0, "2010-09-30": 0, "2010-06-30": 0, "2010-03-31": "", "2009-12-31": 0, "2009-09-30": 0, "2009-06-30": 0, "2009-03-31": "-2.00000", "2008-12-31": -4, "2008-09-30": 1, "2008-06-30": 2, "2008-03-31": "1.00000", "2007-12-31": -8, "2007-09-30": -438, "2007-06-30": -12, "2007-03-31": "306.00000", "2006-12-31": -309, "2006-09-30": -332, "2006-06-30": 40, "2006-03-31": "131.00000", "2005-12-31": -1, "2005-09-30": 14, "2005-06-30": 65, "2005-03-31": "71.00000"}, "Total Common And Preferred Stock Dividends Paid": {"2020-12-31": -127, "2020-09-30": 0, "2020-06-30": 0, "2020-03-31": "-254.00000", "2019-12-31": -253, "2019-09-30": -253, "2019-06-30": -253, "2019-03-31": "-254.00000", "2018-12-31": -254, "2018-09-30": -256, "2018-06-30": -243, "2018-03-31": "-242.00000", "2017-12-31": -242, "2017-09-30": -233, "2017-06-30": -233, "2017-03-31": "-233.00000", "2016-12-31": -232, "2016-09-30": -242, "2016-06-30": -239, "2016-03-31": "-241.00000", "2015-12-31": -181, "2015-09-30": -170, "2015-06-30": -160, "2015-03-31": "-152.00000", "2014-12-31": -174, "2014-09-30": -165, "2014-06-30": -139, "2014-03-31": "-129.00000", "2013-12-31": -151, "2013-09-30": -128, "2013-06-30": -109, "2013-03-31": "-93.00000", "2012-12-31": -92, "2012-09-30": -81, "2012-06-30": -80, "2012-03-31": "-81.00000", "2011-12-31": -81, "2011-09-30": -81, "2011-06-30": -80, "2011-03-31": "-81.00000", "2010-12-31": -27, "2010-09-30": -560, "2010-06-30": -10, "2010-03-31": "-11.00000", "2009-12-31": -11, "2009-09-30": -10, "2009-06-30": -53, "2009-03-31": "-53.00000", "2008-12-31": -127, "2008-09-30": -127, "2008-06-30": -126, "2008-03-31": "-127.00000", "2007-12-31": -127, "2007-09-30": -130, "2007-06-30": -131, "2007-03-31": "-143.00000", "2006-12-31": -142, "2006-09-30": -150, "2006-06-30": -123, "2006-03-31": "-123.00000", "2005-12-31": -124, "2005-09-30": -122, "2005-06-30": -123, "2005-03-31": "-97.00000"}, "Financial Activities - Other": {"2020-12-31": -4, "2020-09-30": -1, "2020-06-30": -3, "2020-03-31": "-12.00000", "2019-12-31": -3, "2019-09-30": -3, "2019-06-30": -4, "2019-03-31": "-8.00000", "2018-12-31": 1, "2018-09-30": 0, "2018-06-30": -1, "2018-03-31": "-7.00000", "2017-12-31": 1, "2017-09-30": 6, "2017-06-30": 2, "2017-03-31": "-10.00000", "2016-12-31": -1, "2016-09-30": 3, "2016-06-30": 0, "2016-03-31": "-11.00000", "2015-12-31": -31, "2015-09-30": 5, "2015-06-30": 2, "2015-03-31": "15.00000", "2014-12-31": -39, "2014-09-30": 4, "2014-06-30": -888, "2014-03-31": "2.00000", "2013-12-31": 9, "2013-09-30": 10, "2013-06-30": 3, "2013-03-31": "9.00000", "2012-12-31": 2, "2012-09-30": -1, "2012-06-30": -3, "2012-03-31": "-1.00000", "2011-12-31": -1, "2011-09-30": -4, "2011-06-30": -19, "2011-03-31": "", "2010-12-31": 1, "2010-09-30": 1, "2010-06-30": -1, "2010-03-31": "-2.00000", "2009-12-31": 0, "2009-09-30": -1, "2009-06-30": -1, "2009-03-31": "-2.00000", "2008-12-31": -8, "2008-09-30": -10, "2008-06-30": -23, "2008-03-31": "-8.00000", "2007-12-31": 9, "2007-09-30": 0, "2007-06-30": 3, "2007-03-31": "43.00000", "2006-12-31": -5, "2006-09-30": 4, "2006-06-30": 4, "2006-03-31": "18.00000", "2005-12-31": -1, "2005-09-30": -3, "2005-06-30": -4, "2005-03-31": "-3.00000"}, "Cash Flow From Financial Activities": {"2020-12-31": -663, "2020-09-30": -346, "2020-06-30": -1141, "2020-03-31": "792.00000", "2019-12-31": -461, "2019-09-30": -254, "2019-06-30": -360, "2019-03-31": "-273.00000", "2018-12-31": -130, "2018-09-30": -525, "2018-06-30": -221, "2018-03-31": "-286.00000", "2017-12-31": -202, "2017-09-30": -825, "2017-06-30": -205, "2017-03-31": "-188.00000", "2016-12-31": -1920, "2016-09-30": -277, "2016-06-30": -765, "2016-03-31": "-668.00000", "2015-12-31": -212, "2015-09-30": -242, "2015-06-30": -312, "2015-03-31": "-390.00000", "2014-12-31": -241, "2014-09-30": -265, "2014-06-30": -101, "2014-03-31": "-118.00000", "2013-12-31": -799, "2013-09-30": 339, "2013-06-30": 1378, "2013-03-31": "-156.00000", "2012-12-31": -51, "2012-09-30": -209, "2012-06-30": -76, "2012-03-31": "-108.00000", "2011-12-31": -99, "2011-09-30": -117, "2011-06-30": -643, "2011-03-31": "-68.00000", "2010-12-31": -75, "2010-09-30": -576, "2010-06-30": -567, "2010-03-31": "-37.00000", "2009-12-31": 92, "2009-09-30": -426, "2009-06-30": -64, "2009-03-31": "-100.00000", "2008-12-31": -884, "2008-09-30": -1499, "2008-06-30": 7, "2008-03-31": "396.00000", "2007-12-31": -393, "2007-09-30": -63, "2007-06-30": -1155, "2007-03-31": "31.00000", "2006-12-31": -952, "2006-09-30": -117, "2006-06-30": -245, "2006-03-31": "-257.00000", "2005-12-31": -454, "2005-09-30": -1146, "2005-06-30": -255, "2005-03-31": "-441.00000"}, "Net Cash Flow": {"2020-12-31": -345, "2020-09-30": 197, "2020-06-30": -815, "2020-03-31": "1319.00000", "2019-12-31": -14, "2019-09-30": -59, "2019-06-30": -47, "2019-03-31": "-75.00000", "2018-12-31": -14, "2018-09-30": -553, "2018-06-30": 303, "2018-03-31": "-226.00000", "2017-12-31": 327, "2017-09-30": -204, "2017-06-30": 246, "2017-03-31": "-221.00000", "2016-12-31": -103, "2016-09-30": 287, "2016-06-30": 77, "2016-03-31": "-597.00000", "2015-12-31": -36, "2015-09-30": -73, "2015-06-30": -37, "2015-03-31": "-422.00000", "2014-12-31": -40, "2014-09-30": 712, "2014-06-30": 128, "2014-03-31": "-55.00000", "2013-12-31": -562, "2013-09-30": -965, "2013-06-30": 1723, "2013-03-31": "-259.00000", "2012-12-31": 290, "2012-09-30": -253, "2012-06-30": 133, "2012-03-31": "-225.00000", "2011-12-31": -18, "2011-09-30": 90, "2011-06-30": -582, "2011-03-31": "-4.00000", "2010-12-31": 99, "2010-09-30": -478, "2010-06-30": -314, "2010-03-31": "291.00000", "2009-12-31": 241, "2009-09-30": -118, "2009-06-30": 90, "2009-03-31": "-638.00000", "2008-12-31": -1808, "2008-09-30": 4013, "2008-06-30": 17, "2008-03-31": "-42.00000", "2007-12-31": 34, "2007-09-30": -41, "2007-06-30": -1064, "2007-03-31": "942.00000", "2006-12-31": 116, "2006-09-30": -22, "2006-06-30": 5, "2006-03-31": "-960.00000", "2005-12-31": 215, "2005-09-30": -826, "2005-06-30": 1308, "2005-03-31": "-790.00000"}, "Stock-Based Compensation": {"2020-12-31": 8, "2020-09-30": 7, "2020-06-30": 8, "2020-03-31": "7.00000", "2019-12-31": 7, "2019-09-30": 7, "2019-06-30": 7, "2019-03-31": "9.00000", "2018-12-31": 11, "2018-09-30": 13, "2018-06-30": 9, "2018-03-31": "9.00000", "2017-12-31": 11, "2017-09-30": 10, "2017-06-30": 9, "2017-03-31": "10.00000", "2016-12-31": 7, "2016-09-30": 13, "2016-06-30": 16, "2016-03-31": "24.00000", "2015-12-31": 9, "2015-09-30": 6, "2015-06-30": 8, "2015-03-31": "8.00000", "2014-12-31": 11, "2014-09-30": 9, "2014-06-30": 11, "2014-03-31": "9.00000", "2013-12-31": 8, "2013-09-30": 12, "2013-06-30": 10, "2013-03-31": "12.00000", "2012-12-31": 9, "2012-09-30": 10, "2012-06-30": 8, "2012-03-31": "10.00000", "2011-12-31": 6, "2011-09-30": 2, "2011-06-30": 3, "2011-03-31": "14.00000", "2010-12-31": 8, "2010-09-30": 4, "2010-06-30": 6, "2010-03-31": "6.00000", "2009-12-31": 8, "2009-09-30": 7, "2009-06-30": 5, "2009-03-31": "6.00000", "2008-12-31": 1, "2008-09-30": 13, "2008-06-30": 7, "2008-03-31": "26.00000", "2007-12-31": 0, "2007-09-30": 9, "2007-06-30": 10, "2007-03-31": "22.00000", "2006-12-31": 9, "2006-09-30": 2, "2006-06-30": -4, "2006-03-31": "21.00000", "2005-12-31": 12, "2005-09-30": 3, "2005-06-30": -6, "2005-03-31": "2.00000"}, "Common Stock Dividends Paid": {"2020-12-31": -127, "2020-09-30": 0, "2020-06-30": 0, "2020-03-31": "-254.00000", "2019-12-31": -253, "2019-09-30": -253, "2019-06-30": -253, "2019-03-31": "-254.00000", "2018-12-31": -254, "2018-09-30": -256, "2018-06-30": -243, "2018-03-31": "-242.00000", "2017-12-31": -242, "2017-09-30": -233, "2017-06-30": -233, "2017-03-31": "-233.00000", "2016-12-31": -232, "2016-09-30": -231, "2016-06-30": -228, "2016-03-31": "-241.00000", "2015-12-31": -159, "2015-09-30": -159, "2015-06-30": -149, "2015-03-31": "-152.00000", "2014-12-31": -152, "2014-09-30": -154, "2014-06-30": -128, "2014-03-31": "-129.00000", "2013-12-31": -128, "2013-09-30": -128, "2013-06-30": -109, "2013-03-31": "-93.00000", "2012-12-31": -92, "2012-09-30": -81, "2012-06-30": -80, "2012-03-31": "-81.00000", "2011-12-31": -81, "2011-09-30": -81, "2011-06-30": -80, "2011-03-31": "-81.00000", "2010-12-31": -27, "2010-09-30": -560, "2010-06-30": -10, "2010-03-31": "-11.00000", "2009-12-31": -11, "2009-09-30": -10, "2009-06-30": -53, "2009-03-31": "-53.00000", "2008-12-31": -127, "2008-09-30": -127, "2008-06-30": -126, "2008-03-31": "-127.00000", "2007-12-31": -127, "2007-09-30": -130, "2007-06-30": -131, "2007-03-31": "-143.00000", "2006-12-31": -142, "2006-09-30": -150, "2006-06-30": -123, "2006-03-31": "-123.00000", "2005-12-31": -124, "2005-09-30": -122, "2005-06-30": -123, "2005-03-31": "-97.00000"}}, "financial ratios": {"Current Ratio": {"2019-12-31": "1.60140", "2018-12-31": "0.82620", "2017-12-31": "1.47210", "2016-12-31": "1.34490", "2015-12-31": "2.74640", "2014-12-31": "3.05560", "2013-12-31": "2.06210", "2012-12-31": "1.49970", "2011-12-31": "2.19450", "2010-12-31": "2.41060", "2009-12-31": "3.83980", "2008-12-31": "2.37510", "2007-12-31": "1.15610", "2006-12-31": "1.31700", "2005-12-31": "1.49660"}, "Long-term Debt / Capital": {"2019-12-31": "0.42910", "2018-12-31": "0.37460", "2017-12-31": "0.41190", "2016-12-31": "0.42700", "2015-12-31": "0.52110", "2014-12-31": "0.50460", "2013-12-31": "0.44160", "2012-12-31": "0.51650", "2011-12-31": "0.51140", "2010-12-31": "0.52310", "2009-12-31": "0.58370", "2008-12-31": "0.53640", "2007-12-31": "0.46130", "2006-12-31": "0.45790", "2005-12-31": "0.45720"}, "Debt/Equity Ratio": {"2019-12-31": "0.77990", "2018-12-31": "0.73470", "2017-12-31": "0.73080", "2016-12-31": "0.77570", "2015-12-31": "1.08890", "2014-12-31": "1.01850", "2013-12-31": "0.79100", "2012-12-31": "1.20670", "2011-12-31": "1.04940", "2010-12-31": "1.09670", "2009-12-31": "1.40360", "2008-12-31": "1.24140", "2007-12-31": "0.92660", "2006-12-31": "0.90640", "2005-12-31": "0.88180"}, "Gross Margin": {"2019-12-31": "17.42450", "2018-12-31": "25.20060", "2017-12-31": "26.37580", "2016-12-31": "21.75960", "2015-12-31": "20.83490", "2014-12-31": "23.79300", "2013-12-31": "21.20210", "2012-12-31": "16.63050", "2011-12-31": "17.63190", "2010-12-31": "18.86130", "2009-12-31": "8.03080", "2008-12-31": "7.30860", "2007-12-31": "19.41830", "2006-12-31": "23.03130", "2005-12-31": "23.78350"}, "Operating Margin": {"2019-12-31": "9.93290", "2018-12-31": "18.64630", "2017-12-31": "15.71710", "2016-12-31": "12.91440", "2015-12-31": "12.27600", "2014-12-31": "17.98140", "2013-12-31": "8.74000", "2012-12-31": "10.31890", "2011-12-31": "9.55600", "2010-12-31": "7.62510", "2009-12-31": "-7.47830", "2008-12-31": "-32.11110", "2007-12-31": "2.01230", "2006-12-31": "11.20020", "2005-12-31": "9.74260"}, "EBIT Margin": {"2019-12-31": "9.93290", "2018-12-31": "18.64630", "2017-12-31": "15.71710", "2016-12-31": "12.91440", "2015-12-31": "12.27600", "2014-12-31": "17.98140", "2013-12-31": "8.74000", "2012-12-31": "10.31890", "2011-12-31": "9.55600", "2010-12-31": "7.62510", "2009-12-31": "-7.47830", "2008-12-31": "-32.11110", "2007-12-31": "2.01230", "2006-12-31": "11.20020", "2005-12-31": "9.74260"}, "EBITDA Margin": {"2019-12-31": "17.71440", "2018-12-31": "25.14710", "2017-12-31": "22.95720", "2016-12-31": "21.79110", "2015-12-31": "21.40680", "2014-12-31": "27.09050", "2013-12-31": "15.24680", "2012-12-31": "17.93290", "2011-12-31": "17.27800", "2010-12-31": "16.07320", "2009-12-31": "3.13730", "2008-12-31": "-23.60490", "2007-12-31": "10.92110", "2006-12-31": "20.72290", "2005-12-31": "16.83740"}, "Pre-Tax Profit Margin": {"2019-12-31": "-3.24990", "2018-12-31": "10.79450", "2017-12-31": "9.95000", "2016-12-31": "7.91830", "2015-12-31": "6.72890", "2014-12-31": "12.51590", "2013-12-31": "4.41140", "2012-12-31": "5.37650", "2011-12-31": "4.13450", "2010-12-31": "1.37720", "2009-12-31": "-15.27230", "2008-12-31": "-34.67900", "2007-12-31": "-4.37210", "2006-12-31": "8.92900", "2005-12-31": "7.84820"}, "Net Profit Margin": {"2019-12-31": "-1.15960", "2018-12-31": "10.00540", "2017-12-31": "8.08780", "2016-12-31": "15.78950", "2015-12-31": "8.80670", "2014-12-31": "32.46490", "2013-12-31": "7.44420", "2012-12-31": "6.42850", "2011-12-31": "5.32500", "2010-12-31": "21.51500", "2009-12-31": "-10.75380", "2008-12-31": "-14.51850", "2007-12-31": "7.22580", "2006-12-31": "3.36230", "2005-12-31": "3.88960"}, "Asset Turnover": {"2019-12-31": "0.39950", "2018-12-31": "0.43340", "2017-12-31": "0.39850", "2016-12-31": "0.33080", "2015-12-31": "0.41240", "2014-12-31": "0.41380", "2013-12-31": "0.49760", "2012-12-31": "0.47560", "2011-12-31": "0.49200", "2010-12-31": "0.44340", "2009-12-31": "0.33230", "2008-12-31": "0.48520", "2007-12-31": "0.45930", "2006-12-31": "0.50160", "2005-12-31": "0.66760"}, "Inventory Turnover Ratio": {"2019-12-31": "13.00960", "2018-12-31": "14.37530", "2017-12-31": "13.83290", "2016-12-31": "13.91060", "2015-12-31": "12.77850", "2014-12-31": "7.03030", "2013-12-31": "10.54610", "2012-12-31": "9.40300", "2011-12-31": "10.75630", "2010-12-31": "10.10670", "2009-12-31": "10.42730", "2008-12-31": "10.69520", "2007-12-31": "11.08180", "2006-12-31": "7.65310", "2005-12-31": "7.61960"}, "Receiveable Turnover": {"2019-12-31": "16.10320", "2018-12-31": "15.77220", "2017-12-31": "17.55120", "2016-12-31": "13.42830", "2015-12-31": "17.14380", "2014-12-31": "9.98000", "2013-12-31": "11.71890", "2012-12-31": "9.69090", "2011-12-31": "12.68570", "2010-12-31": "13.20180", "2009-12-31": "4.53310", "2008-12-31": "11.53850", "2007-12-31": "16.79420", "2006-12-31": "11.38880", "2005-12-31": "11.03980"}, "Days Sales In Receivables": {"2019-12-31": "22.66630", "2018-12-31": "23.14210", "2017-12-31": "20.79630", "2016-12-31": "27.18150", "2015-12-31": "21.29050", "2014-12-31": "36.57320", "2013-12-31": "31.14630", "2012-12-31": "37.66410", "2011-12-31": "28.77250", "2010-12-31": "27.64780", "2009-12-31": "80.51890", "2008-12-31": "31.63330", "2007-12-31": "21.73370", "2006-12-31": "32.04890", "2005-12-31": "33.06210"}, "ROE - Return On Equity": {"2019-12-31": "-0.92940", "2018-12-31": "8.26880", "2017-12-31": "6.54010", "2016-12-31": "4.52070", "2015-12-31": "8.46550", "2014-12-31": "11.64460", "2013-12-31": "7.20150", "2012-12-31": "7.58570", "2011-12-31": "7.47600", "2010-12-31": "27.61160", "2009-12-31": "-12.95020", "2008-12-31": "-39.38520", "2007-12-31": "-3.74640", "2006-12-31": "9.30100", "2005-12-31": "9.68370"}, "Return On Tangible Equity": {"2019-12-31": "-0.96250", "2018-12-31": "8.54660", "2017-12-31": "6.77450", "2016-12-31": "4.70470", "2015-12-31": "8.53580", "2014-12-31": "11.70210", "2013-12-31": "7.23120", "2012-12-31": "7.66020", "2011-12-31": "7.54670", "2010-12-31": "27.85310", "2009-12-31": "-13.07920", "2008-12-31": "-39.73770", "2007-12-31": "-4.24720", "2006-12-31": "12.24640", "2005-12-31": "13.91900"}, "ROA - Return On Assets": {"2019-12-31": "-0.46320", "2018-12-31": "4.33650", "2017-12-31": "3.22280", "2016-12-31": "2.15660", "2015-12-31": "3.23110", "2014-12-31": "4.64380", "2013-12-31": "3.36830", "2012-12-31": "2.47780", "2011-12-31": "2.52490", "2010-12-31": "9.48690", "2009-12-31": "-3.44260", "2008-12-31": "-11.43460", "2007-12-31": "-1.25600", "2006-12-31": "3.14570", "2005-12-31": "3.36180"}, "ROI - Return On Investment": {"2019-12-31": "-0.53060", "2018-12-31": "5.17110", "2017-12-31": "3.84640", "2016-12-31": "2.59050", "2015-12-31": "4.04250", "2014-12-31": "5.75380", "2013-12-31": "4.01340", "2012-12-31": "3.66800", "2011-12-31": "3.65280", "2010-12-31": "13.16930", "2009-12-31": "-5.39180", "2008-12-31": "-18.25750", "2007-12-31": "-2.01820", "2006-12-31": "5.04180", "2005-12-31": "5.25620"}, "Book Value Per Share": {"2019-12-31": "10.97140", "2018-12-31": "12.11970", "2017-12-31": "11.78330", "2016-12-31": "12.26410", "2015-12-31": "9.53800", "2014-12-31": "10.11300", "2013-12-31": "11.70770", "2012-12-31": "7.58310", "2011-12-31": "7.95450", "2010-12-31": "8.60860", "2009-12-31": "19.18060", "2008-12-31": "9.38860", "2007-12-31": "15.58780", "2006-12-31": "15.75370", "2005-12-31": "16.49600"}, "Operating Cash Flow Per Share": {"2019-12-31": -0.1742, "2018-12-31": -0.1179, "2017-12-31": 0.5698, "2016-12-31": -1.0514, "2015-12-31": 0.0916, "2014-12-31": 0.2196, "2013-12-31": 0.6863, "2012-12-31": 0.5323, "2011-12-31": -1.6068, "2010-12-31": 3.1063, "2009-12-31": 5.1884, "2008-12-31": -7.3339, "2007-12-31": -1.5192, "2006-12-31": -0.2152, "2005-12-31": 2.9194}, "Free Cash Flow Per Share": {"2019-12-31": 0.2733, "2018-12-31": -0.3967, "2017-12-31": 0.9903, "2016-12-31": -0.7585, "2015-12-31": -0.2529, "2014-12-31": 0.0432, "2013-12-31": 0.7339, "2012-12-31": -0.2173, "2011-12-31": -1.3297, "2010-12-31": 2.4287, "2009-12-31": -22.0014, "2008-12-31": 22.1227, "2007-12-31": -1.6278, "2006-12-31": -0.2224, "2005-12-31": 1.393}}, "financial ratios, quarterly": {"Current Ratio": {"2020-09-30": "2.45910", "2020-06-30": "2.28040", "2020-03-31": "1.37280", "2019-12-31": "1.60140", "2019-09-30": "1.55430", "2019-06-30": "1.38680", "2019-03-31": "1.47710", "2018-12-31": "0.82620", "2018-09-30": "1.34640", "2018-06-30": "2.18000", "2018-03-31": "2.10650", "2017-12-31": "1.47210", "2017-09-30": "1.48290", "2017-06-30": "1.37010", "2017-03-31": "1.43350", "2016-12-31": "1.34490", "2016-09-30": "1.00870", "2016-06-30": "2.13740", "2016-03-31": "1.85980", "2015-12-31": "2.74640", "2015-09-30": "2.78620", "2015-06-30": "2.73880", "2015-03-31": "3.11270", "2014-12-31": "3.05560", "2014-09-30": "3.14730", "2014-06-30": "3.07760", "2014-03-31": "2.15950", "2013-12-31": "2.06210", "2013-09-30": "2.30500", "2013-06-30": "2.16960", "2013-03-31": "2.05410", "2012-12-31": "1.49970", "2012-09-30": "1.52710", "2012-06-30": "1.80710", "2012-03-31": "1.85370", "2011-12-31": "2.19450", "2011-09-30": "2.11640", "2011-06-30": "2.12430", "2011-03-31": "2.62970", "2010-12-31": "2.41060", "2010-09-30": "2.59380", "2010-06-30": "3.10720", "2010-03-31": "3.71790", "2009-12-31": "3.83980", "2009-09-30": "3.15040", "2009-06-30": "2.37060", "2009-03-31": "2.40150", "2008-12-31": "2.37510", "2008-09-30": "1.82320", "2008-06-30": "1.03550", "2008-03-31": "1.11900", "2007-12-31": "1.15610", "2007-09-30": "1.18040", "2007-06-30": "1.24980", "2007-03-31": "1.59750", "2006-12-31": "1.31700", "2006-09-30": "1.32290", "2006-06-30": "1.40200", "2006-03-31": "1.38170", "2005-12-31": "1.49660", "2005-09-30": "1.85940", "2005-06-30": "2.03790", "2005-03-31": "2.13060"}, "Long-term Debt / Capital": {"2020-09-30": "0.41200", "2020-06-30": "0.43440", "2020-03-31": "0.43800", "2019-12-31": "0.42910", "2019-09-30": "0.41700", "2019-06-30": "0.41360", "2019-03-31": "0.41160", "2018-12-31": "0.37460", "2018-09-30": "0.39530", "2018-06-30": "0.40150", "2018-03-31": "0.40930", "2017-12-31": "0.41190", "2017-09-30": "0.41600", "2017-06-30": "0.41490", "2017-03-31": "0.42370", "2016-12-31": "0.42700", "2016-09-30": "0.42670", "2016-06-30": "0.49800", "2016-03-31": "0.47090", "2015-12-31": "0.52110", "2015-09-30": "0.52550", "2015-06-30": "0.52310", "2015-03-31": "0.51800", "2014-12-31": "0.50460", "2014-09-30": "0.47980", "2014-06-30": "0.43060", "2014-03-31": "0.43990", "2013-12-31": "0.44160", "2013-09-30": "0.49860", "2013-06-30": "0.43040", "2013-03-31": "0.48020", "2012-12-31": "0.51650", "2012-09-30": "0.47580", "2012-06-30": "0.50540", "2012-03-31": "0.50610", "2011-12-31": "0.51140", "2011-09-30": "0.48390", "2011-06-30": "0.48780", "2011-03-31": "0.51810", "2010-12-31": "0.52310", "2010-09-30": "0.52490", "2010-06-30": "0.55480", "2010-03-31": "0.58300", "2009-12-31": "0.58370", "2009-09-30": "0.55990", "2009-06-30": "0.56740", "2009-03-31": "0.56070", "2008-12-31": "0.53640", "2008-09-30": "0.43860", "2008-06-30": "0.47970", "2008-03-31": "0.47670", "2007-12-31": "0.46130", "2007-09-30": "0.48500", "2007-06-30": "0.45610", "2007-03-31": "0.48740", "2006-12-31": "0.45790", "2006-09-30": "0.45450", "2006-06-30": "0.44780", "2006-03-31": "0.45860", "2005-12-31": "0.45720", "2005-09-30": "0.46670", "2005-06-30": "0.49820", "2005-03-31": "0.51600"}, "Debt/Equity Ratio": {"2020-09-30": "0.70060", "2020-06-30": "0.76800", "2020-03-31": "0.91880", "2019-12-31": "0.77990", "2019-09-30": "0.76640", "2019-06-30": "0.75600", "2019-03-31": "0.76160", "2018-12-31": "0.73470", "2018-09-30": "0.71020", "2018-06-30": "0.69340", "2018-03-31": "0.71620", "2017-12-31": "0.73080", "2017-09-30": "0.71930", "2017-06-30": "0.78270", "2017-03-31": "0.77230", "2016-12-31": "0.77570", "2016-09-30": "0.96000", "2016-06-30": "0.99200", "2016-03-31": "0.89030", "2015-12-31": "1.08890", "2015-09-30": "1.10740", "2015-06-30": "1.09690", "2015-03-31": "1.07460", "2014-12-31": "1.01850", "2014-09-30": "0.92250", "2014-06-30": "0.75630", "2014-03-31": "0.78560", "2013-12-31": "0.79100", "2013-09-30": "0.99490", "2013-06-30": "0.78340", "2013-03-31": "0.96700", "2012-12-31": "1.20670", "2012-09-30": "0.98580", "2012-06-30": "1.06550", "2012-03-31": "1.06440", "2011-12-31": "1.04940", "2011-09-30": "0.93980", "2011-06-30": "0.95230", "2011-03-31": "1.07530", "2010-12-31": "1.09670", "2010-09-30": "1.11030", "2010-06-30": "1.24740", "2010-03-31": "1.39880", "2009-12-31": "1.40360", "2009-09-30": "1.28250", "2009-06-30": "1.40240", "2009-03-31": "1.36910", "2008-12-31": "1.24140", "2008-09-30": "0.89720", "2008-06-30": "1.05630", "2008-03-31": "1.03530", "2007-12-31": "0.92660", "2007-09-30": "1.02850", "2007-06-30": "0.91070", "2007-03-31": "1.03490", "2006-12-31": "0.90640", "2006-09-30": "0.95240", "2006-06-30": "0.88240", "2006-03-31": "0.92960", "2005-12-31": "0.88180", "2005-09-30": "0.89370", "2005-06-30": "1.01660", "2005-03-31": "1.07650"}, "Gross Margin": {"2020-09-30": "34.12320", "2020-06-30": "21.33660", "2020-03-31": "20.02320", "2019-12-31": "15.95610", "2019-09-30": "16.27770", "2019-06-30": "17.84870", "2019-03-31": "19.53740", "2018-12-31": "17.78730", "2018-09-30": "23.97910", "2018-06-30": "29.92740", "2018-03-31": "27.72120", "2017-12-31": "27.81130", "2017-09-30": "26.60260", "2017-06-30": "26.10620", "2017-03-31": "24.86710", "2016-12-31": "19.92480", "2016-09-30": "22.29370", "2016-06-30": "23.20240", "2016-03-31": "21.49470", "2015-12-31": "22.10010", "2015-09-30": "20.81180", "2015-06-30": "21.41260", "2015-03-31": "19.80310", "2014-12-31": "-43.65080", "2014-09-30": "21.46210", "2014-06-30": "23.67620", "2014-03-31": "21.60140", "2013-12-31": "20.41990", "2013-09-30": "20.35540", "2013-06-30": "22.46530", "2013-03-31": "21.42490", "2012-12-31": "17.95700", "2012-09-30": "19.63880", "2012-06-30": "15.44900", "2012-03-31": "13.65460", "2011-12-31": "18.45200", "2011-09-30": "18.22820", "2011-06-30": "16.58390", "2011-03-31": "17.22930", "2010-12-31": "20.86960", "2010-09-30": "21.20210", "2010-06-30": "19.92690", "2010-03-31": "13.17830", "2009-12-31": "-18.69350", "2009-09-30": "19.18980", "2009-06-30": "12.72470", "2009-03-31": "11.45100", "2008-12-31": "-22.50990", "2008-09-30": "15.61460", "2008-06-30": "15.77740", "2008-03-31": "15.67090", "2007-12-31": "19.66560", "2007-09-30": "20.37900", "2007-06-30": "19.12810", "2007-03-31": "18.49910", "2006-12-31": "21.42110", "2006-09-30": "21.45370", "2006-06-30": "23.09430", "2006-03-31": "22.95600", "2005-12-31": "22.27890", "2005-09-30": "22.66200", "2005-06-30": "24.65730", "2005-03-31": "24.65090"}, "Operating Margin": {"2020-09-30": "24.17060", "2020-06-30": "14.89880", "2020-03-31": "13.88890", "2019-12-31": "5.74940", "2019-09-30": "12.08860", "2019-06-30": "10.99290", "2019-03-31": "10.59040", "2018-12-31": "10.81910", "2018-09-30": "17.64400", "2018-06-30": "23.05090", "2018-03-31": "21.66220", "2017-12-31": "26.11080", "2017-09-30": "10.95090", "2017-06-30": "8.68360", "2017-03-31": "17.30660", "2016-12-31": "10.90230", "2016-09-30": "15.27210", "2016-06-30": "14.98490", "2016-03-31": "9.89320", "2015-12-31": "9.52380", "2015-09-30": "12.25090", "2015-06-30": "14.86990", "2015-03-31": "11.58080", "2014-12-31": "30.95240", "2014-09-30": "16.60570", "2014-06-30": "20.36660", "2014-03-31": "17.74190", "2013-12-31": "-10.05090", "2013-09-30": "13.08560", "2013-06-30": "15.63500", "2013-03-31": "13.12150", "2012-12-31": "14.94620", "2012-09-30": "11.39960", "2012-06-30": "9.81600", "2012-03-31": "6.76040", "2011-12-31": "8.11150", "2011-09-30": "6.37350", "2011-06-30": "7.88820", "2011-03-31": "16.59630", "2010-12-31": "3.98550", "2010-09-30": "10.56800", "2010-06-30": "9.44550", "2010-03-31": "5.91970", "2009-12-31": "-32.66330", "2009-09-30": "14.57000", "2009-06-30": "0.79080", "2009-03-31": "-21.17650", "2008-12-31": "-129.88180", "2008-09-30": "-2.89510", "2008-06-30": "-3.44990", "2008-03-31": "-7.68850", "2007-12-31": "3.86150", "2007-09-30": "3.32500", "2007-06-30": "1.48700", "2007-03-31": "-0.52530", "2006-12-31": "14.66970", "2006-09-30": "7.40010", "2006-06-30": "10.10890", "2006-03-31": "7.59210", "2005-12-31": "9.22620", "2005-09-30": "8.00810", "2005-06-30": "11.63450", "2005-03-31": "9.71890"}, "EBIT Margin": {"2020-09-30": "24.17060", "2020-06-30": "14.89880", "2020-03-31": "13.88890", "2019-12-31": "5.74940", "2019-09-30": "12.08860", "2019-06-30": "10.99290", "2019-03-31": "10.59040", "2018-12-31": "10.81910", "2018-09-30": "17.64400", "2018-06-30": "23.05090", "2018-03-31": "21.66220", "2017-12-31": "26.11080", "2017-09-30": "10.95090", "2017-06-30": "8.68360", "2017-03-31": "17.30660", "2016-12-31": "10.90230", "2016-09-30": "15.27210", "2016-06-30": "14.98490", "2016-03-31": "9.89320", "2015-12-31": "9.52380", "2015-09-30": "12.25090", "2015-06-30": "14.86990", "2015-03-31": "11.58080", "2014-12-31": "30.95240", "2014-09-30": "16.60570", "2014-06-30": "20.36660", "2014-03-31": "17.74190", "2013-12-31": "-10.05090", "2013-09-30": "13.08560", "2013-06-30": "15.63500", "2013-03-31": "13.12150", "2012-12-31": "14.94620", "2012-09-30": "11.39960", "2012-06-30": "9.81600", "2012-03-31": "6.76040", "2011-12-31": "8.11150", "2011-09-30": "6.37350", "2011-06-30": "7.88820", "2011-03-31": "16.59630", "2010-12-31": "3.98550", "2010-09-30": "10.56800", "2010-06-30": "9.44550", "2010-03-31": "5.91970", "2009-12-31": "-32.66330", "2009-09-30": "14.57000", "2009-06-30": "0.79080", "2009-03-31": "-21.17650", "2008-12-31": "-129.88180", "2008-09-30": "-2.89510", "2008-06-30": "-3.44990", "2008-03-31": "-7.68850", "2007-12-31": "3.86150", "2007-09-30": "3.32500", "2007-06-30": "1.48700", "2007-03-31": "-0.52530", "2006-12-31": "14.66970", "2006-09-30": "7.40010", "2006-06-30": "10.10890", "2006-03-31": "7.59210", "2005-12-31": "9.22620", "2005-09-30": "8.00810", "2005-06-30": "11.63450", "2005-03-31": "9.71890"}, "EBITDA Margin": {"2020-09-30": "", "2020-06-30": "", "2020-03-31": "", "2019-12-31": "", "2019-09-30": "", "2019-06-30": "", "2019-03-31": "", "2018-12-31": "", "2018-09-30": "", "2018-06-30": "", "2018-03-31": "", "2017-12-31": "", "2017-09-30": "", "2017-06-30": "", "2017-03-31": "", "2016-12-31": "", "2016-09-30": "", "2016-06-30": "", "2016-03-31": "", "2015-12-31": "", "2015-09-30": "", "2015-06-30": "", "2015-03-31": "", "2014-12-31": "", "2014-09-30": "", "2014-06-30": "", "2014-03-31": "", "2013-12-31": "", "2013-09-30": "", "2013-06-30": "", "2013-03-31": "", "2012-12-31": "", "2012-09-30": "", "2012-06-30": "", "2012-03-31": "", "2011-12-31": "", "2011-09-30": "", "2011-06-30": "", "2011-03-31": "", "2010-12-31": "", "2010-09-30": "", "2010-06-30": "", "2010-03-31": "", "2009-12-31": "", "2009-09-30": "", "2009-06-30": "", "2009-03-31": "", "2008-12-31": "", "2008-09-30": "", "2008-06-30": "", "2008-03-31": "", "2007-12-31": "", "2007-09-30": "", "2007-06-30": "", "2007-03-31": "", "2006-12-31": "", "2006-09-30": "", "2006-06-30": "", "2006-03-31": "", "2005-12-31": "", "2005-09-30": "", "2005-06-30": "", "2005-03-31": ""}, "Pre-Tax Profit Margin": {"2020-09-30": "18.57820", "2020-06-30": "8.09320", "2020-03-31": "8.50690", "2019-12-31": "-0.83980", "2019-09-30": "6.10410", "2019-06-30": "5.37830", "2019-03-31": "-23.91970", "2018-12-31": "-6.96820", "2018-09-30": "12.56540", "2018-06-30": "18.49880", "2018-03-31": "16.03220", "2017-12-31": "20.51560", "2017-09-30": "5.50210", "2017-06-30": "3.20800", "2017-03-31": "10.69110", "2016-12-31": "5.45110", "2016-09-30": "10.76650", "2016-06-30": "9.72810", "2016-03-31": "5.12460", "2015-12-31": "2.56410", "2015-09-30": "6.49450", "2015-06-30": "9.21930", "2015-03-31": "6.94850", "2014-12-31": "88.88890", "2014-09-30": "12.37600", "2014-06-30": "16.70060", "2014-03-31": "13.47930", "2013-12-31": "-16.28500", "2013-09-30": "9.15460", "2013-06-30": "11.79300", "2013-03-31": "9.48230", "2012-12-31": "6.98920", "2012-09-30": "7.33630", "2012-06-30": "5.63300", "2012-03-31": "1.74030", "2011-12-31": "3.40560", "2011-09-30": "1.84830", "2011-06-30": "1.18010", "2011-03-31": "10.82980", "2010-12-31": "-2.46380", "2010-09-30": "5.54820", "2010-06-30": "0.73130", "2010-03-31": "1.40940", "2009-12-31": "-21.50750", "2009-09-30": "2.13220", "2009-06-30": "-10.63980", "2009-03-31": "-34.66670", "2008-12-31": "-86.04390", "2008-09-30": "-20.21830", "2008-06-30": "-21.80310", "2008-03-31": "-18.60920", "2007-12-31": "-11.22610", "2007-09-30": "-0.57200", "2007-06-30": "-2.70360", "2007-03-31": "-3.75230", "2006-12-31": "12.73180", "2006-09-30": "5.53360", "2006-06-30": "8.23920", "2006-03-31": "6.28930", "2005-12-31": "8.03570", "2005-09-30": "7.47420", "2005-06-30": "9.06850", "2005-03-31": "6.85160"}, "Net Profit Margin": {"2020-09-30": "13.41230", "2020-06-30": "4.41450", "2020-03-31": "8.68060", "2019-12-31": "-0.90440", "2019-09-30": "5.92460", "2019-06-30": "7.56500", "2019-03-31": "-17.58980", "2018-12-31": "-5.68460", "2018-09-30": "13.35080", "2018-06-30": "15.35110", "2018-03-31": "14.42360", "2017-12-31": "14.86560", "2017-09-30": "6.94440", "2017-06-30": "1.32740", "2017-03-31": "9.27350", "2016-12-31": "34.52380", "2016-09-30": "13.28260", "2016-06-30": "9.48640", "2016-03-31": "4.98220", "2015-12-31": "7.20390", "2015-09-30": "13.28410", "2015-06-30": "9.88850", "2015-03-31": "5.21130", "2014-12-31": "-131.74600", "2014-09-30": "60.20890", "2014-06-30": "14.25660", "2014-03-31": "10.54150", "2013-12-31": "2.73540", "2013-09-30": "8.45450", "2013-06-30": "10.45890", "2013-03-31": "7.38080", "2012-12-31": "15.37630", "2012-09-30": "6.60270", "2012-06-30": "4.68490", "2012-03-31": "2.74430", "2011-12-31": "4.02480", "2011-09-30": "10.00640", "2011-06-30": "0.62110", "2011-03-31": "6.96200", "2010-12-31": "12.39130", "2010-09-30": "73.71200", "2010-06-30": "0.85310", "2010-03-31": "-1.40940", "2009-12-31": "-17.08540", "2009-09-30": "-0.35540", "2009-06-30": "-7.62040", "2009-03-31": "-20.70590", "2008-12-31": "-68.20480", "2008-09-30": "13.28900", "2008-06-30": "-4.41580", "2008-03-31": "-7.24780", "2007-12-31": "-2.50800", "2007-09-30": "3.61100", "2007-06-30": "1.08140", "2007-03-31": "27.01690", "2006-12-31": "10.56470", "2006-09-30": "4.91880", "2006-06-30": "6.12290", "2006-03-31": "-12.93800", "2005-12-31": "-8.97110", "2005-09-30": "5.24670", "2005-06-30": "7.38140", "2005-03-31": "4.44980"}, "Asset Turnover": {"2020-09-30": "0.12900", "2020-06-30": "0.10030", "2020-03-31": "0.10030", "2019-12-31": "0.09440", "2019-09-30": "0.09930", "2019-06-30": "0.09940", "2019-03-31": "0.09590", "2018-12-31": "0.09480", "2018-09-30": "0.10960", "2018-06-30": "0.11440", "2018-03-31": "0.10430", "2017-12-31": "0.10090", "2017-09-30": "0.10170", "2017-06-30": "0.09520", "2017-03-31": "0.08910", "2016-12-31": "0.08290", "2016-09-30": "0.08160", "2016-06-30": "0.07530", "2016-03-31": "0.06450", "2015-12-31": "0.06440", "2015-09-30": "0.10570", "2015-06-30": "0.10440", "2015-03-31": "0.13280", "2014-12-31": "-0.00950", "2014-09-30": "0.14250", "2014-06-30": "0.12500", "2014-03-31": "0.11970", "2013-12-31": "0.10780", "2013-09-30": "0.11900", "2013-06-30": "0.13470", "2013-03-31": "0.15600", "2012-12-31": "0.07390", "2012-09-30": "0.14360", "2012-06-30": "0.14370", "2012-03-31": "0.11980", "2011-12-31": "0.12780", "2011-09-30": "0.12220", "2011-06-30": "0.12350", "2011-03-31": "0.10470", "2010-12-31": "0.10280", "2010-09-30": "0.10770", "2010-06-30": "0.11160", "2010-03-31": "0.09350", "2009-12-31": "0.06520", "2009-09-30": "0.09160", "2009-06-30": "0.08780", "2009-03-31": "0.07980", "2008-12-31": "0.10640", "2008-09-30": "0.09480", "2008-06-30": "0.09170", "2008-03-31": "0.08600", "2007-12-31": "0.10550", "2007-09-30": "0.11970", "2007-06-30": "0.12650", "2007-03-31": "0.10990", "2006-12-31": "0.17870", "2006-09-30": "0.16640", "2006-06-30": "0.17620", "2006-03-31": "0.16260", "2005-12-31": "0.08330", "2005-09-30": "0.18630", "2005-06-30": "0.18970", "2005-03-31": "0.18100"}, "Inventory Turnover Ratio": {"2020-09-30": "3.38200", "2020-06-30": "3.13690", "2020-03-31": "2.87920", "2019-12-31": "3.12740", "2019-09-30": "3.55980", "2019-06-30": "3.27060", "2019-03-31": "2.93130", "2018-12-31": "3.45760", "2018-09-30": "3.73260", "2018-06-30": "3.49520", "2018-03-31": "3.02920", "2017-12-31": "3.43600", "2017-09-30": "4.04120", "2017-06-30": "3.82810", "2017-03-31": "3.29530", "2016-12-31": "3.56980", "2016-09-30": "3.60870", "2016-06-30": "3.28420", "2016-03-31": "1.62920", "2015-12-31": "1.96310", "2015-09-30": "1.81860", "2015-06-30": "1.75290", "2015-03-31": "2.14730", "2014-12-31": "-0.30420", "2014-09-30": "2.60210", "2014-06-30": "2.51510", "2014-03-31": "2.17410", "2013-12-31": "2.30810", "2013-09-30": "2.77490", "2013-06-30": "2.59000", "2013-03-31": "2.57210", "2012-12-31": "1.43690", "2012-09-30": "2.78130", "2012-06-30": "3.11290", "2012-03-31": "2.49520", "2011-12-31": "2.76680", "2011-09-30": "2.74150", "2011-06-30": "2.61790", "2011-03-31": "2.16360", "2010-12-31": "2.28450", "2010-09-30": "2.49060", "2010-06-30": "2.78390", "2010-03-31": "2.39220", "2009-12-31": "2.64210", "2009-09-30": "2.28310", "2009-06-30": "2.29060", "2009-03-31": "1.59460", "2008-12-31": "3.10110", "2008-09-30": "2.49720", "2008-06-30": "2.50140", "2008-03-31": "2.05000", "2007-12-31": "2.53840", "2007-09-30": "1.68330", "2007-06-30": "1.82950", "2007-03-31": "1.51150", "2006-12-31": "2.78300", "2006-09-30": "1.80380", "2006-06-30": "1.95870", "2006-03-31": "1.65860", "2005-12-31": "0.96980", "2005-09-30": "2.10890", "2005-06-30": "2.12440", "2005-03-31": "1.90720"}, "Receiveable Turnover": {"2020-09-30": "3.85040", "2020-06-30": "3.48500", "2020-03-31": "4.17390", "2019-12-31": "3.80340", "2019-09-30": "3.23210", "2019-06-30": "2.99470", "2019-03-31": "2.92870", "2018-12-31": "3.45150", "2018-09-30": "3.27050", "2018-06-30": "4.01750", "2018-03-31": "3.69310", "2017-12-31": "4.44630", "2017-09-30": "3.40360", "2017-06-30": "4.01780", "2017-03-31": "3.51240", "2016-12-31": "3.36710", "2016-09-30": "4.09830", "2016-06-30": "3.97840", "2016-03-31": "2.33000", "2015-12-31": "2.67650", "2015-09-30": "2.42400", "2015-06-30": "2.44990", "2015-03-31": "3.07300", "2014-12-31": "-0.22910", "2014-09-30": "3.16010", "2014-06-30": "3.13240", "2014-03-31": "2.92260", "2013-12-31": "2.53960", "2013-09-30": "3.00970", "2013-06-30": "2.96520", "2013-03-31": "2.81530", "2012-12-31": "1.50490", "2012-09-30": "2.94840", "2012-06-30": "3.62960", "2012-03-31": "2.97020", "2011-12-31": "3.29590", "2011-09-30": "3.35970", "2011-06-30": "3.02060", "2011-03-31": "2.81580", "2010-12-31": "3.05990", "2010-09-30": "2.71330", "2010-06-30": "3.08460", "2010-03-31": "2.39700", "2009-12-31": "0.89000", "2009-09-30": "1.42550", "2009-06-30": "1.35970", "2009-03-31": "1.35350", "2008-12-31": "2.53130", "2008-09-30": "3.20210", "2008-06-30": "2.85300", "2008-03-31": "2.49630", "2007-12-31": "3.85870", "2007-09-30": "1.97110", "2007-06-30": "1.96220", "2007-03-31": "1.91180", "2006-12-31": "4.05660", "2006-09-30": "2.50770", "2006-06-30": "2.50620", "2006-03-31": "2.43540", "2005-12-31": "1.37790", "2005-09-30": "2.76300", "2005-06-30": "2.83370", "2005-03-31": "2.91900"}, "Days Sales In Receivables": {"2020-09-30": "23.37440", "2020-06-30": "25.82470", "2020-03-31": "21.56250", "2019-12-31": "23.66280", "2019-09-30": "27.84560", "2019-06-30": "30.05320", "2019-03-31": "30.73040", "2018-12-31": "26.07580", "2018-09-30": "27.51830", "2018-06-30": "22.40190", "2018-03-31": "24.37000", "2017-12-31": "20.24140", "2017-09-30": "26.44230", "2017-06-30": "22.40040", "2017-03-31": "25.62320", "2016-12-31": "26.72930", "2016-09-30": "21.96020", "2016-06-30": "22.62240", "2016-03-31": "38.62630", "2015-12-31": "33.62640", "2015-09-30": "37.12920", "2015-06-30": "36.73610", "2015-03-31": "29.28780", "2014-12-31": "-392.85710", "2014-09-30": "28.48040", "2014-06-30": "28.73220", "2014-03-31": "30.79490", "2013-12-31": "35.43890", "2013-09-30": "29.90310", "2013-06-30": "30.35220", "2013-03-31": "31.96820", "2012-12-31": "59.80650", "2012-09-30": "30.52480", "2012-06-30": "24.79640", "2012-03-31": "30.30120", "2011-12-31": "27.30650", "2011-09-30": "26.78780", "2011-06-30": "29.79500", "2011-03-31": "31.96200", "2010-12-31": "29.41300", "2010-09-30": "33.17040", "2010-06-30": "29.17730", "2010-03-31": "37.54760", "2009-12-31": "101.12560", "2009-09-30": "63.13430", "2009-06-30": "66.18980", "2009-03-31": "66.49410", "2008-12-31": "35.55430", "2008-09-30": "28.10630", "2008-06-30": "31.54550", "2008-03-31": "36.05290", "2007-12-31": "23.32400", "2007-09-30": "45.65960", "2007-06-30": "45.86690", "2007-03-31": "47.07690", "2006-12-31": "22.18590", "2006-09-30": "35.88930", "2006-06-30": "35.91120", "2006-03-31": "36.95420", "2005-12-31": "65.31890", "2005-09-30": "32.57360", "2005-06-30": "31.76100", "2005-03-31": "30.83230"}, "ROE - Return On Equity": {"2020-09-30": "3.31890", "2020-06-30": "0.87780", "2020-03-31": "1.85600", "2019-12-31": "-0.17120", "2019-09-30": "1.15130", "2019-06-30": "1.46720", "2019-03-31": "-3.28370", "2018-12-31": "-1.02810", "2018-09-30": "2.81550", "2018-06-30": "3.41560", "2018-03-31": "2.99190", "2017-12-31": "3.04530", "2017-09-30": "1.43730", "2017-06-30": "0.26400", "2017-03-31": "1.70370", "2016-12-31": "0.67540", "2016-09-30": "1.76280", "2016-06-30": "1.38060", "2016-03-31": "0.59410", "2015-12-31": "1.09170", "2015-09-30": "2.71380", "2015-06-30": "2.54530", "2015-03-31": "2.01480", "2014-12-31": "-0.66160", "2014-09-30": "3.38930", "2014-06-30": "3.77330", "2014-03-31": "2.67790", "2013-12-31": "0.23470", "2013-09-30": "2.39230", "2013-06-30": "3.13990", "2013-03-31": "3.36760", "2012-12-31": "1.70190", "2012-09-30": "2.68780", "2012-06-30": "2.00140", "2012-03-31": "0.97500", "2011-12-31": "1.52330", "2011-09-30": "2.77140", "2011-06-30": "0.48560", "2011-03-31": "2.08330", "2010-12-31": "3.72780", "2010-09-30": "24.09010", "2010-06-30": "0.19460", "2010-03-31": "-0.44370", "2009-12-31": "-3.40400", "2009-09-30": "-0.11450", "2009-06-30": "-2.71220", "2009-03-31": "-6.05370", "2008-12-31": "-24.81950", "2008-09-30": "-2.69560", "2008-06-30": "-3.37970", "2008-03-31": "-3.12990", "2007-12-31": "-2.28040", "2007-09-30": "-0.06690", "2007-06-30": "-0.62400", "2007-03-31": "-0.80360", "2006-12-31": "4.50190", "2006-09-30": "1.80020", "2006-06-30": "3.25260", "2006-03-31": "1.95040", "2005-12-31": "1.34690", "2005-09-30": "2.83430", "2005-06-30": "2.95460", "2005-03-31": "2.51450"}, "Return On Tangible Equity": {"2020-09-30": "3.42780", "2020-06-30": "0.90830", "2020-03-31": "1.92210", "2019-12-31": "-0.17730", "2019-09-30": "1.19060", "2019-06-30": "1.51730", "2019-03-31": "-3.39600", "2018-12-31": "-1.06260", "2018-09-30": "2.92430", "2018-06-30": "3.54630", "2018-03-31": "3.11160", "2017-12-31": "3.15450", "2017-09-30": "1.49550", "2017-06-30": "0.27470", "2017-03-31": "1.77240", "2016-12-31": "0.70290", "2016-09-30": "1.83490", "2016-06-30": "1.43310", "2016-03-31": "0.61520", "2015-12-31": "1.10070", "2015-09-30": "2.72840", "2015-06-30": "2.55890", "2015-03-31": "2.02530", "2014-12-31": "-0.66490", "2014-09-30": "3.40440", "2014-06-30": "3.78710", "2014-03-31": "2.68810", "2013-12-31": "0.23560", "2013-09-30": "2.40330", "2013-06-30": "3.15480", "2013-03-31": "3.39940", "2012-12-31": "1.71860", "2012-09-30": "2.71270", "2012-06-30": "2.02070", "2012-03-31": "0.98440", "2011-12-31": "1.53770", "2011-09-30": "2.79470", "2011-06-30": "0.48980", "2011-03-31": "2.10120", "2010-12-31": "3.76040", "2010-09-30": "24.30070", "2010-06-30": "0.19650", "2010-03-31": "-0.44810", "2009-12-31": "-3.43800", "2009-09-30": "-0.11560", "2009-06-30": "-2.73780", "2009-03-31": "-6.10930", "2008-12-31": "-25.04160", "2008-09-30": "-3.06610", "2008-06-30": "-3.84500", "2008-03-31": "-3.56930", "2007-12-31": "-2.58520", "2007-09-30": "-0.09490", "2007-06-30": "-0.86390", "2007-03-31": "-1.10880", "2006-12-31": "5.92750", "2006-09-30": "2.38270", "2006-06-30": "4.25800", "2006-03-31": "2.57360", "2005-12-31": "1.93610", "2005-09-30": "4.02070", "2005-06-30": "4.23460", "2005-03-31": "3.67240"}, "ROA - Return On Assets": {"2020-09-30": "1.73030", "2020-06-30": "0.44300", "2020-03-31": "0.87070", "2019-12-31": "-0.08530", "2019-09-30": "0.58820", "2019-06-30": "0.75170", "2019-03-31": "-1.68690", "2018-12-31": "-0.53920", "2018-09-30": "1.46320", "2018-06-30": "1.75640", "2018-03-31": "1.50410", "2017-12-31": "1.50060", "2017-09-30": "0.70640", "2017-06-30": "0.12640", "2017-03-31": "0.82630", "2016-12-31": "0.32220", "2016-09-30": "0.77340", "2016-06-30": "0.59120", "2016-03-31": "0.28010", "2015-12-31": "0.41670", "2015-09-30": "1.02960", "2015-06-30": "0.97030", "2015-03-31": "0.77640", "2014-12-31": "-0.26390", "2014-09-30": "1.47320", "2014-06-30": "1.71270", "2014-03-31": "1.26850", "2013-12-31": "0.10980", "2013-09-30": "0.93540", "2013-06-30": "1.33020", "2013-03-31": "1.15110", "2012-12-31": "0.55590", "2012-09-30": "0.94830", "2012-06-30": "0.67330", "2012-03-31": "0.32870", "2011-12-31": "0.51450", "2011-09-30": "1.03620", "2011-06-30": "0.17640", "2011-03-31": "0.72160", "2010-12-31": "1.28080", "2010-09-30": "7.91290", "2010-06-30": "0.05440", "2010-03-31": "-0.11860", "2009-12-31": "-0.90490", "2009-09-30": "-0.03250", "2009-06-30": "-0.73220", "2009-03-31": "-1.66450", "2008-12-31": "-7.20580", "2008-09-30": "-0.92280", "2008-06-30": "-1.09650", "2008-03-31": "-1.01450", "2007-12-31": "-0.76450", "2007-09-30": "-0.02140", "2007-06-30": "-0.20950", "2007-03-31": "-0.25990", "2006-12-31": "1.52260", "2006-09-30": "0.60650", "2006-06-30": "1.11880", "2006-03-31": "0.65740", "2005-12-31": "0.46760", "2005-09-30": "0.98430", "2005-06-30": "0.97020", "2005-03-31": "0.80550"}, "ROI - Return On Investment": {"2020-09-30": "1.95160", "2020-06-30": "0.49650", "2020-03-31": "1.04300", "2019-12-31": "-0.09770", "2019-09-30": "0.67120", "2019-06-30": "0.86040", "2019-03-31": "-1.93220", "2018-12-31": "-0.64290", "2018-09-30": "1.70250", "2018-06-30": "2.04420", "2018-03-31": "1.76730", "2017-12-31": "1.79100", "2017-09-30": "0.83930", "2017-06-30": "0.15450", "2017-03-31": "0.98190", "2016-12-31": "0.38700", "2016-09-30": "1.01060", "2016-06-30": "0.69210", "2016-03-31": "0.31390", "2015-12-31": "0.52130", "2015-09-30": "1.28400", "2015-06-30": "1.21040", "2015-03-31": "0.96850", "2014-12-31": "-0.32690", "2014-09-30": "1.75870", "2014-06-30": "2.14430", "2014-03-31": "1.49690", "2013-12-31": "0.13080", "2013-09-30": "1.19660", "2013-06-30": "1.78430", "2013-03-31": "1.75030", "2012-12-31": "0.82290", "2012-09-30": "1.40900", "2012-06-30": "0.99000", "2012-03-31": "0.48160", "2011-12-31": "0.74430", "2011-09-30": "1.43040", "2011-06-30": "0.24880", "2011-03-31": "1.00390", "2010-12-31": "1.77800", "2010-09-30": "11.44500", "2010-06-30": "0.08660", "2010-03-31": "-0.18500", "2009-12-31": "-1.41730", "2009-09-30": "-0.05040", "2009-06-30": "-1.17340", "2009-03-31": "-2.65920", "2008-12-31": "-11.50540", "2008-09-30": "-1.51340", "2008-06-30": "-1.75850", "2008-03-31": "-1.63790", "2007-12-31": "-1.22850", "2007-09-30": "-0.03450", "2007-06-30": "-0.33940", "2007-03-31": "-0.41190", "2006-12-31": "2.44030", "2006-09-30": "0.98200", "2006-06-30": "1.79620", "2006-03-31": "1.05600", "2005-12-31": "0.73110", "2005-09-30": "1.51150", "2005-06-30": "1.48250", "2005-03-31": "1.21710"}, "Book Value Per Share": {"2020-09-30": "11.42420", "2020-06-30": "10.99090", "2020-03-31": "10.83080", "2019-12-31": "10.97140", "2019-09-30": "11.54120", "2019-06-30": "11.71160", "2019-03-31": "11.81710", "2018-12-31": "12.11970", "2018-09-30": "12.08890", "2018-06-30": "12.24980", "2018-03-31": "11.88190", "2017-12-31": "11.78330", "2017-09-30": "12.01110", "2017-06-30": "12.07640", "2017-03-31": "12.26360", "2016-12-31": "12.26410", "2016-09-30": "12.28720", "2016-06-30": "12.86480", "2016-03-31": "13.54470", "2015-12-31": "9.53800", "2015-09-30": "9.54540", "2015-06-30": "9.57950", "2015-03-31": "9.69090", "2014-12-31": "10.11300", "2014-09-30": "11.14400", "2014-06-30": "12.17490", "2014-03-31": "11.77000", "2013-12-31": "11.70770", "2013-09-30": "10.49990", "2013-06-30": "10.22020", "2013-03-31": "7.82330", "2012-12-31": "7.58310", "2012-09-30": "8.05110", "2012-06-30": "7.80800", "2012-03-31": "7.82460", "2011-12-31": "7.95450", "2011-09-30": "8.93320", "2011-06-30": "8.79250", "2011-03-31": "8.73690", "2010-12-31": "8.60860", "2010-09-30": "8.61300", "2010-06-30": "19.42730", "2010-03-31": "7.84840", "2009-12-31": "19.18060", "2009-09-30": "8.45230", "2009-06-30": "8.28190", "2009-03-31": "8.50850", "2008-12-31": "9.38860", "2008-09-30": "14.73090", "2008-06-30": "14.90200", "2008-03-31": "15.03090", "2007-12-31": "15.58780", "2007-09-30": "14.59060", "2007-06-30": "14.87650", "2007-03-31": "14.85410", "2006-12-31": "15.75370", "2006-09-30": "15.66490", "2006-06-30": "15.79000", "2006-03-31": "15.38410", "2005-12-31": "16.49600", "2005-09-30": "16.90620", "2005-06-30": "16.59830", "2005-03-31": "16.09540"}, "Operating Cash Flow Per Share": {"2020-09-30": 0.8111, "2020-06-30": 0.5235, "2020-03-31": "0.11510", "2019-12-31": 0.3922, "2019-09-30": 0.391, "2019-06-30": 0.5307, "2019-03-31": "-0.01880", "2018-12-31": 0.3866, "2018-09-30": 0.1189, "2018-06-30": 0.7847, "2018-03-31": "0.17910", "2017-12-31": 0.4682, "2017-09-30": 0.4263, "2017-06-30": 0.6463, "2017-03-31": "0.04640", "2016-12-31": -0.1576, "2016-09-30": 0.4541, "2016-06-30": 0.6469, "2016-03-31": "0.07400", "2015-12-31": 0.6454, "2015-09-30": 0.55, "2015-06-30": 0.7084, "2015-03-31": "0.16500", "2014-12-31": 0.5145, "2014-09-30": 0.7319, "2014-06-30": 0.5458, "2014-03-31": "0.18500", "2013-12-31": 0.6404, "2013-09-30": 0.5559, "2013-06-30": 0.6721, "2013-03-31": "-0.11080", "2012-12-31": 0.4646, "2012-09-30": 0.2234, "2012-06-30": 0.4945, "2012-03-31": "-0.11120", "2011-12-31": 0.2722, "2011-09-30": 0.2169, "2011-06-30": 0.2109, "2011-03-31": "-0.16100", "2010-12-31": 0.6883, "2010-09-30": -0.2728, "2010-06-30": 0.8885, "2010-03-31": "0.84180", "2009-12-31": 0.3453, "2009-09-30": 0.1609, "2009-06-30": -0.6222, "2009-03-31": "-0.84450", "2008-12-31": -5.8797, "2008-09-30": -0.091, "2008-06-30": 0.3683, "2008-03-31": "-0.54650", "2007-12-31": 1.0214, "2007-09-30": 0.3873, "2007-06-30": 0.2746, "2007-03-31": "-0.49830", "2006-12-31": 2.278, "2006-09-30": 0.2276, "2006-06-30": 0.7714, "2006-03-31": "-0.50210", "2005-12-31": 1.4831, "2005-09-30": 0.7056, "2005-06-30": 1.1112, "2005-03-31": "-0.38050"}, "Free Cash Flow Per Share": {"2020-09-30": 0.7246, "2020-06-30": 0.4351, "2020-03-31": "0.02410", "2019-12-31": 0.5984, "2019-09-30": 0.2597, "2019-06-30": 0.4181, "2019-03-31": "-0.09780", "2018-12-31": 0.1961, "2018-09-30": -0.0208, "2018-06-30": 0.6574, "2018-03-31": "0.07240", "2017-12-31": -0.0339, "2017-09-30": 0.8571, "2017-06-30": 0.521, "2017-03-31": "-0.04240", "2016-12-31": -0.951, "2016-09-30": 0.674, "2016-06-30": 0.5286, "2016-03-31": "0.05990", "2015-12-31": 0.2964, "2015-09-30": 0.3407, "2015-06-30": 0.4936, "2015-03-31": "-0.06070", "2014-12-31": 0.3211, "2014-09-30": 0.5406, "2014-06-30": 0.3543, "2014-03-31": "0.10690", "2013-12-31": 0.4418, "2013-09-30": 0.4613, "2013-06-30": 0.5636, "2013-03-31": "-0.18700", "2012-12-31": 0.343, "2012-09-30": 0.0769, "2012-06-30": 0.3445, "2012-03-31": "-0.21860", "2011-12-31": 0.7909, "2011-09-30": 0.0942, "2011-06-30": -0.2312, "2011-03-31": "0.10920", "2010-12-31": 1.0782, "2010-09-30": -0.2537, "2010-06-30": 0.1616, "2010-03-31": "1.10670", "2009-12-31": 1.8547, "2009-09-30": -0.1656, "2009-06-30": -1.0294, "2009-03-31": "-0.99560", "2008-12-31": 22.8607, "2008-09-30": -0.3409, "2008-06-30": 0.0197, "2008-03-31": "-0.87400", "2007-12-31": 0.3398, "2007-09-30": 0.0095, "2007-06-30": -0.0274, "2007-03-31": "-0.77910", "2006-12-31": 1.7179, "2006-09-30": -0.0946, "2006-06-30": 0.4313, "2006-03-31": "-0.85340", "2005-12-31": 0.9225, "2005-09-30": 0.309, "2005-06-30": 0.7582, "2005-03-31": "-0.59670"}}, "revenue": {"Weyerhaeuser Annual Revenue (Millions of US $)": {"2020": "$7,532", "2019": "$6,554", "2018": "$7,476", "2017": "$7,196", "2016": "$6,365", "2015": "$5,246", "2014": "$5,489", "2013": "$7,254", "2012": "$5,989", "2011": "$6,216", "2010": "$5,954", "2009": "$5,068", "2008": "$8,100", "2007": "$10,933", "2006": "$13,473", "2005": "$18,845"}, "Weyerhaeuser Quarterly Revenue (Millions of US $)": {"2020-12-31": "$2,063", "2020-09-30": "$2,110", "2020-06-30": "$1,631", "2020-03-31": "$1,728", "2019-12-31": "$1,548", "2019-09-30": "$1,671", "2019-06-30": "$1,692", "2019-03-31": "$1,643", "2018-12-31": "$1,636", "2018-09-30": "$1,910", "2018-06-30": "$2,065", "2018-03-31": "$1,865", "2017-12-31": "$1,823", "2017-09-30": "$1,872", "2017-06-30": "$1,808", "2017-03-31": "$1,693", "2016-12-31": "$1,596", "2016-09-30": "$1,709", "2016-06-30": "$1,655", "2016-03-31": "$1,405", "2015-12-31": "$819", "2015-09-30": "$1,355", "2015-06-30": "$1,345", "2015-03-31": "$1,727", "2014-12-31": "$-126", "2014-09-30": "$1,915", "2014-06-30": "$1,964", "2014-03-31": "$1,736", "2013-12-31": "$1,572", "2013-09-30": "$1,857", "2013-06-30": "$1,874", "2013-03-31": "$1,951", "2012-12-31": "$930", "2012-09-30": "$1,772", "2012-06-30": "$1,793", "2012-03-31": "$1,494", "2011-12-31": "$1,615", "2011-09-30": "$1,569", "2011-06-30": "$1,610", "2011-03-31": "$1,422", "2010-12-31": "$1,380", "2010-09-30": "$1,514", "2010-06-30": "$1,641", "2010-03-31": "$1,419", "2009-12-31": "$995", "2009-09-30": "$1,407", "2009-06-30": "$1,391", "2009-03-31": "$1,275", "2008-12-31": "$1,777", "2008-09-30": "$2,107", "2008-06-30": "$2,174", "2008-03-31": "$2,042", "2007-12-31": "$2,512", "2007-09-30": "$2,797", "2007-06-30": "$2,959", "2007-03-31": "$2,665", "2006-12-31": "$4,799", "2006-09-30": "$4,554", "2006-06-30": "$4,867", "2006-03-31": "$4,452", "2005-12-31": "$2,352", "2005-09-30": "$5,432", "2005-06-30": "$5,690", "2005-03-31": "$5,371"}}, "gross-profit": {"Weyerhaeuser Annual Gross Profit (Millions of US $)": {"2020": "$2,085", "2019": "$1,142", "2018": "$1,884", "2017": "$1,898", "2016": "$1,385", "2015": "$1,093", "2014": "$1,306", "2013": "$1,538", "2012": "$996", "2011": "$1,096", "2010": "$1,123", "2009": "$407", "2008": "$592", "2007": "$2,123", "2006": "$3,103", "2005": "$4,482"}, "Weyerhaeuser Quarterly Gross Profit (Millions of US $)": {"2020-12-31": "$671", "2020-09-30": "$720", "2020-06-30": "$348", "2020-03-31": "$346", "2019-12-31": "$247", "2019-09-30": "$272", "2019-06-30": "$302", "2019-03-31": "$321", "2018-12-31": "$291", "2018-09-30": "$458", "2018-06-30": "$618", "2018-03-31": "$517", "2017-12-31": "$507", "2017-09-30": "$498", "2017-06-30": "$472", "2017-03-31": "$421", "2016-12-31": "$318", "2016-09-30": "$381", "2016-06-30": "$384", "2016-03-31": "$302", "2015-12-31": "$181", "2015-09-30": "$282", "2015-06-30": "$288", "2015-03-31": "$342", "2014-12-31": "$55", "2014-09-30": "$411", "2014-06-30": "$465", "2014-03-31": "$375", "2013-12-31": "$321", "2013-09-30": "$378", "2013-06-30": "$421", "2013-03-31": "$418", "2012-12-31": "$167", "2012-09-30": "$348", "2012-06-30": "$277", "2012-03-31": "$204", "2011-12-31": "$298", "2011-09-30": "$286", "2011-06-30": "$267", "2011-03-31": "$245", "2010-12-31": "$288", "2010-09-30": "$321", "2010-06-30": "$327", "2010-03-31": "$187", "2009-12-31": "$-186", "2009-09-30": "$270", "2009-06-30": "$177", "2009-03-31": "$146", "2008-12-31": "$-400", "2008-09-30": "$329", "2008-06-30": "$343", "2008-03-31": "$320", "2007-12-31": "$494", "2007-09-30": "$570", "2007-06-30": "$566", "2007-03-31": "$493", "2006-12-31": "$1,028", "2006-09-30": "$977", "2006-06-30": "$1,124", "2006-03-31": "$1,022", "2005-12-31": "$524", "2005-09-30": "$1,231", "2005-06-30": "$1,403", "2005-03-31": "$1,324"}}, "operating-income": {"Weyerhaeuser Annual Operating Income (Millions of US $)": {"2020": "$1,710", "2019": "$651", "2018": "$1,394", "2017": "$1,131", "2016": "$822", "2015": "$644", "2014": "$987", "2013": "$634", "2012": "$618", "2011": "$594", "2010": "$454", "2009": "$-379", "2008": "$-2,601", "2007": "$220", "2006": "$1,509", "2005": "$1,836"}, "Weyerhaeuser Quarterly Operating Income (Millions of US $)": {"2020-12-31": "$717", "2020-09-30": "$510", "2020-06-30": "$243", "2020-03-31": "$240", "2019-12-31": "$89", "2019-09-30": "$202", "2019-06-30": "$186", "2019-03-31": "$174", "2018-12-31": "$177", "2018-09-30": "$337", "2018-06-30": "$476", "2018-03-31": "$404", "2017-12-31": "$476", "2017-09-30": "$205", "2017-06-30": "$157", "2017-03-31": "$293", "2016-12-31": "$174", "2016-09-30": "$261", "2016-06-30": "$248", "2016-03-31": "$139", "2015-12-31": "$78", "2015-09-30": "$166", "2015-06-30": "$200", "2015-03-31": "$200", "2014-12-31": "$-39", "2014-09-30": "$318", "2014-06-30": "$400", "2014-03-31": "$308", "2013-12-31": "$-158", "2013-09-30": "$243", "2013-06-30": "$293", "2013-03-31": "$256", "2012-12-31": "$139", "2012-09-30": "$202", "2012-06-30": "$176", "2012-03-31": "$101", "2011-12-31": "$131", "2011-09-30": "$100", "2011-06-30": "$127", "2011-03-31": "$236", "2010-12-31": "$55", "2010-09-30": "$160", "2010-06-30": "$155", "2010-03-31": "$84", "2009-12-31": "$-325", "2009-09-30": "$205", "2009-06-30": "$11", "2009-03-31": "$-270", "2008-12-31": "$-2,308", "2008-09-30": "$-61", "2008-06-30": "$-75", "2008-03-31": "$-157", "2007-12-31": "$97", "2007-09-30": "$93", "2007-06-30": "$44", "2007-03-31": "$-14", "2006-12-31": "$704", "2006-09-30": "$337", "2006-06-30": "$492", "2006-03-31": "$338", "2005-12-31": "$217", "2005-09-30": "$435", "2005-06-30": "$662", "2005-03-31": "$522"}}, "ebitda": {"Weyerhaeuser Annual EBITDA (Millions of US $)": {"2019": "$1,161", "2018": "$1,880", "2017": "$1,652", "2016": "$1,387", "2015": "$1,123", "2014": "$1,487", "2013": "$1,106", "2012": "$1,074", "2011": "$1,074", "2010": "$957", "2009": "$159", "2008": "$-1,912", "2007": "$1,194", "2006": "$2,792", "2005": "$3,173"}, "Weyerhaeuser Quarterly EBITDA (Millions of US $)": {"2020-09-30": "$625", "2020-06-30": "$360", "2020-03-31": "$363", "2019-12-31": "$217", "2019-09-30": "$337", "2019-06-30": "$310", "2019-03-31": "$297", "2018-12-31": "$302", "2018-09-30": "$459", "2018-06-30": "$595", "2018-03-31": "$524", "2017-12-31": "$603", "2017-09-30": "$337", "2017-06-30": "$286", "2017-03-31": "$426", "2016-12-31": "$311", "2016-09-30": "$400", "2016-06-30": "$395", "2016-03-31": "$281", "2015-12-31": "$198", "2015-09-30": "$284", "2015-06-30": "$318", "2015-03-31": "$323", "2014-12-31": "$86", "2014-09-30": "$441", "2014-06-30": "$526", "2014-03-31": "$434", "2013-12-31": "$-29", "2013-09-30": "$363", "2013-06-30": "$404", "2013-03-31": "$368", "2012-12-31": "$257", "2012-09-30": "$314", "2012-06-30": "$289", "2012-03-31": "$214", "2011-12-31": "$248", "2011-09-30": "$220", "2011-06-30": "$247", "2011-03-31": "$359", "2010-12-31": "$182", "2010-09-30": "$284", "2010-06-30": "$281", "2010-03-31": "$210", "2009-12-31": "$-191", "2009-09-30": "$354", "2009-06-30": "$140", "2009-03-31": "$-144", "2008-12-31": "$-2,135", "2008-09-30": "$91", "2008-06-30": "$78", "2008-03-31": "$54", "2007-12-31": "$318", "2007-09-30": "$307", "2007-06-30": "$381", "2007-03-31": "$188", "2006-12-31": "$1,045", "2006-09-30": "$-98", "2006-06-30": "$808", "2006-03-31": "$1,399", "2005-12-31": "$555", "2005-09-30": "$768", "2005-06-30": "$994", "2005-03-31": "$856"}}, "net-income": {"Weyerhaeuser Annual Net Income (Millions of US $)": {"2020": "$797", "2019": "$-76", "2018": "$748", "2017": "$582", "2016": "$1,005", "2015": "$462", "2014": "$1,782", "2013": "$540", "2012": "$385", "2011": "$331", "2010": "$1,281", "2009": "$-545", "2008": "$-1,176", "2007": "$790", "2006": "$453", "2005": "$733"}, "Weyerhaeuser Quarterly Net Income (Millions of US $)": {"2020-12-31": "$292", "2020-09-30": "$283", "2020-06-30": "$72", "2020-03-31": "$150", "2019-12-31": "$-14", "2019-09-30": "$99", "2019-06-30": "$128", "2019-03-31": "$-289", "2018-12-31": "$-93", "2018-09-30": "$255", "2018-06-30": "$317", "2018-03-31": "$269", "2017-12-31": "$271", "2017-09-30": "$130", "2017-06-30": "$24", "2017-03-31": "$157", "2016-12-31": "$551", "2016-09-30": "$227", "2016-06-30": "$157", "2016-03-31": "$70", "2015-12-31": "$59", "2015-09-30": "$180", "2015-06-30": "$133", "2015-03-31": "$90", "2014-12-31": "$166", "2014-09-30": "$1,153", "2014-06-30": "$280", "2014-03-31": "$183", "2013-12-31": "$43", "2013-09-30": "$157", "2013-06-30": "$196", "2013-03-31": "$144", "2012-12-31": "$143", "2012-09-30": "$117", "2012-06-30": "$84", "2012-03-31": "$41", "2011-12-31": "$65", "2011-09-30": "$157", "2011-06-30": "$10", "2011-03-31": "$99", "2010-12-31": "$171", "2010-09-30": "$1,116", "2010-06-30": "$14", "2010-03-31": "$-20", "2009-12-31": "$-170", "2009-09-30": "$-5", "2009-06-30": "$-106", "2009-03-31": "$-264", "2008-12-31": "$-1,212", "2008-09-30": "$280", "2008-06-30": "$-96", "2008-03-31": "$-148", "2007-12-31": "$-63", "2007-09-30": "$101", "2007-06-30": "$32", "2007-03-31": "$720", "2006-12-31": "$507", "2006-09-30": "$224", "2006-06-30": "$298", "2006-03-31": "$-576", "2005-12-31": "$-211", "2005-09-30": "$285", "2005-06-30": "$420", "2005-03-31": "$239"}}, "eps-earnings-per-share-diluted": {"Weyerhaeuser Annual EPS": {"2020": "$1.07", "2019": "$-0.10", "2018": "$0.99", "2017": "$0.77", "2016": "$1.39", "2015": "$0.89", "2014": "$3.18", "2013": "$0.95", "2012": "$0.71", "2011": "$0.61", "2010": "$3.99", "2009": "$-2.58", "2008": "$-5.57", "2007": "$1.47", "2006": "$0.75", "2005": "$1.22"}, "Weyerhaeuser Quarterly EPS": {"2020-12-31": "$0.17", "2020-09-30": "$0.38", "2020-06-30": "$0.10", "2020-03-31": "$0.20", "2019-12-31": "$-0.01", "2019-09-30": "$0.13", "2019-06-30": "$0.17", "2019-03-31": "$-0.39", "2018-12-31": "$-0.12", "2018-09-30": "$0.34", "2018-06-30": "$0.42", "2018-03-31": "$0.35", "2017-12-31": "$0.36", "2017-09-30": "$0.17", "2017-06-30": "$0.03", "2017-03-31": "$0.21", "2016-12-31": "$0.77", "2016-09-30": "$0.30", "2016-06-30": "$0.21", "2016-03-31": "$0.11", "2015-12-31": "$0.11", "2015-09-30": "$0.35", "2015-06-30": "$0.26", "2015-03-31": "$0.17", "2014-12-31": "$0.25", "2014-09-30": "$2.15", "2014-06-30": "$0.47", "2014-03-31": "$0.31", "2013-12-31": "$0.07", "2013-09-30": "$0.27", "2013-06-30": "$0.35", "2013-03-31": "$0.26", "2012-12-31": "$0.25", "2012-09-30": "$0.22", "2012-06-30": "$0.16", "2012-03-31": "$0.08", "2011-12-31": "$0.12", "2011-09-30": "$0.29", "2011-06-30": "$0.02", "2011-03-31": "$0.18", "2010-12-31": "$0.52", "2010-09-30": "$3.50", "2010-06-30": "$0.07", "2010-03-31": "$-0.10", "2009-12-31": "$-1.55", "2009-09-30": "$-0.02", "2009-06-30": "$-0.50", "2009-03-31": "$-0.51", "2008-12-31": "$-5.64", "2008-09-30": "$0.54", "2008-06-30": "$-0.18", "2008-03-31": "$-0.29", "2007-12-31": "$-0.05", "2007-09-30": "$0.19", "2007-06-30": "$0.06", "2007-03-31": "$1.27", "2006-12-31": "$0.87", "2006-09-30": "$0.37", "2006-06-30": "$0.49", "2006-03-31": "$-0.95", "2005-12-31": "$-0.36", "2005-09-30": "$0.48", "2005-06-30": "$0.70", "2005-03-31": "$0.40"}}, "shares-outstanding": {"Weyerhaeuser Annual Shares Outstanding (Millions of Shares)": {"2020": "748", "2019": "746", "2018": "757", "2017": "757", "2016": "722", "2015": "520", "2014": "561", "2013": "571", "2012": "542", "2011": "540", "2010": "321", "2009": "211", "2008": "211", "2007": "536", "2006": "601", "2005": "600"}, "Weyerhaeuser Quarterly Shares Outstanding (Millions of Shares)": {"2020-12-31": "749", "2020-09-30": "748", "2020-06-30": "747", "2020-03-31": "747", "2019-12-31": "746", "2019-09-30": "747", "2019-06-30": "746", "2019-03-31": "747", "2018-12-31": "757", "2018-09-30": "757", "2018-06-30": "761", "2018-03-31": "759", "2017-12-31": "757", "2017-09-30": "757", "2017-06-30": "756", "2017-03-31": "755", "2016-12-31": "722", "2016-09-30": "754", "2016-06-30": "748", "2016-03-31": "635", "2015-12-31": "520", "2015-09-30": "517", "2015-06-30": "520", "2015-03-31": "527", "2014-12-31": "561", "2014-09-30": "536", "2014-06-30": "590", "2014-03-31": "589", "2013-12-31": "571", "2013-09-30": "587", "2013-06-30": "558", "2013-03-31": "551", "2012-12-31": "542", "2012-09-30": "542", "2012-06-30": "540", "2012-03-31": "540", "2011-12-31": "540", "2011-09-30": "540", "2011-06-30": "541", "2011-03-31": "540", "2010-12-31": "321", "2010-09-30": "318", "2010-06-30": "212", "2010-03-31": "211", "2009-12-31": "211", "2009-09-30": "211", "2009-06-30": "211", "2009-03-31": "516", "2008-12-31": "211", "2008-09-30": "516", "2008-06-30": "516", "2008-03-31": "516", "2007-12-31": "536", "2007-09-30": "526", "2007-06-30": "532", "2007-03-31": "570", "2006-12-31": "585", "2006-09-30": "606", "2006-06-30": "609", "2006-03-31": "603", "2005-12-31": "600", "2005-09-30": "602", "2005-06-30": "601", "2005-03-31": "597"}}, "total-assets": {"Weyerhaeuser Annual Total Assets (Millions of US $)": {"2019": "$16,406", "2018": "$17,249", "2017": "$18,059", "2016": "$19,243", "2015": "$12,720", "2014": "$13,265", "2013": "$14,577", "2012": "$12,592", "2011": "$12,634", "2010": "$13,429", "2009": "$15,250", "2008": "$16,695", "2007": "$23,806", "2006": "$26,862", "2005": "$28,229"}, "Weyerhaeuser Quarterly Total Assets (Millions of US $)": {"2020-09-30": "$16,356", "2020-06-30": "$16,254", "2020-03-31": "$17,228", "2019-12-31": "$16,406", "2019-09-30": "$16,832", "2019-06-30": "$17,029", "2019-03-31": "$17,132", "2018-12-31": "$17,249", "2018-09-30": "$17,427", "2018-06-30": "$18,048", "2018-03-31": "$17,885", "2017-12-31": "$18,059", "2017-09-30": "$18,402", "2017-06-30": "$18,990", "2017-03-31": "$19,001", "2016-12-31": "$19,243", "2016-09-30": "$20,946", "2016-06-30": "$21,989", "2016-03-31": "$21,779", "2015-12-31": "$12,720", "2015-09-30": "$12,820", "2015-06-30": "$12,883", "2015-03-31": "$13,009", "2014-12-31": "$13,265", "2014-09-30": "$13,440", "2014-06-30": "$15,706", "2014-03-31": "$14,505", "2013-12-31": "$14,577", "2013-09-30": "$15,609", "2013-06-30": "$13,908", "2013-03-31": "$12,510", "2012-12-31": "$12,592", "2012-09-30": "$12,338", "2012-06-30": "$12,475", "2012-03-31": "$12,474", "2011-12-31": "$12,634", "2011-09-30": "$12,835", "2011-06-30": "$13,039", "2011-03-31": "$13,580", "2010-12-31": "$13,429", "2010-09-30": "$14,053", "2010-06-30": "$14,708", "2010-03-31": "$15,175", "2009-12-31": "$15,250", "2009-09-30": "$15,365", "2009-06-30": "$15,842", "2009-03-31": "$15,981", "2008-12-31": "$16,695", "2008-09-30": "$22,216", "2008-06-30": "$23,711", "2008-03-31": "$23,756", "2007-12-31": "$23,806", "2007-09-30": "$23,371", "2007-06-30": "$23,391", "2007-03-31": "$24,242", "2006-12-31": "$26,862", "2006-09-30": "$27,372", "2006-06-30": "$27,618", "2006-03-31": "$27,381", "2005-12-31": "$28,229", "2005-09-30": "$29,157", "2005-06-30": "$29,993", "2005-03-31": "$29,670"}}, "cash-on-hand": {"Weyerhaeuser Annual Cash on Hand (Millions of US $)": {"2019": "$139", "2018": "$334", "2017": "$824", "2016": "$676", "2015": "$1,011", "2014": "$1,580", "2013": "$830", "2012": "$1,082", "2011": "$950", "2010": "$1,466", "2009": "$1,911", "2008": "$2,426", "2007": "$79", "2006": "$223", "2005": "$818"}, "Weyerhaeuser Quarterly Cash on Hand (Millions of US $)": {"2020-09-30": "$787", "2020-06-30": "$643", "2020-03-31": "$1,458", "2019-12-31": "$139", "2019-09-30": "$153", "2019-06-30": "$212", "2019-03-31": "$259", "2018-12-31": "$334", "2018-09-30": "$348", "2018-06-30": "$901", "2018-03-31": "$851", "2017-12-31": "$824", "2017-09-30": "$497", "2017-06-30": "$701", "2017-03-31": "$455", "2016-12-31": "$676", "2016-09-30": "$769", "2016-06-30": "$485", "2016-03-31": "$415", "2015-12-31": "$1,011", "2015-09-30": "$1,048", "2015-06-30": "$1,121", "2015-03-31": "$1,158", "2014-12-31": "$1,580", "2014-09-30": "$1,620", "2014-06-30": "$845", "2014-03-31": "$780", "2013-12-31": "$830", "2013-09-30": "$898", "2013-06-30": "$908", "2013-03-31": "$635", "2012-12-31": "$1,082", "2012-09-30": "$602", "2012-06-30": "$857", "2012-03-31": "$726", "2011-12-31": "$950", "2011-09-30": "$969", "2011-06-30": "$877", "2011-03-31": "$1,459", "2010-12-31": "$1,466", "2010-09-30": "$1,366", "2010-06-30": "$1,842", "2010-03-31": "$2,144", "2009-12-31": "$1,911", "2009-09-30": "$1,671", "2009-06-30": "$1,805", "2009-03-31": "$1,745", "2008-12-31": "$2,426", "2008-09-30": "$4,797", "2008-06-30": "$73", "2008-03-31": "$53", "2007-12-31": "$79", "2007-09-30": "$72", "2007-06-30": "$208", "2007-03-31": "$1,172", "2006-12-31": "$223", "2006-09-30": "$114", "2006-06-30": "$113", "2006-03-31": "$105", "2005-12-31": "$818", "2005-09-30": "$885", "2005-06-30": "$1,704", "2005-03-31": "$402"}}, "long-term-debt": {"Weyerhaeuser Annual Long Term Debt (Millions of US $)": {"2019": "$6,147", "2018": "$5,419", "2017": "$6,232", "2016": "$6,840", "2015": "$5,298", "2014": "$5,402", "2013": "$5,402", "2012": "$4,393", "2011": "$4,466", "2010": "$5,060", "2009": "$5,683", "2008": "$5,609", "2007": "$6,834", "2006": "$7,675", "2005": "$8,255"}, "Weyerhaeuser Quarterly Long Term Debt (Millions of US $)": {"2020-09-30": "$5,974", "2020-06-30": "$6,299", "2020-03-31": "$6,299", "2019-12-31": "$6,147", "2019-09-30": "$6,150", "2019-06-30": "$6,153", "2019-03-31": "$6,156", "2018-12-31": "$5,419", "2018-09-30": "$5,921", "2018-06-30": "$6,226", "2018-03-31": "$6,230", "2017-12-31": "$6,232", "2017-09-30": "$6,444", "2017-06-30": "$6,447", "2017-03-31": "$6,774", "2016-12-31": "$6,840", "2016-09-30": "$6,840", "2016-06-30": "$9,354", "2016-03-31": "$9,149", "2015-12-31": "$5,298", "2015-09-30": "$5,402", "2015-06-30": "$5,402", "2015-03-31": "$5,402", "2014-12-31": "$5,402", "2014-09-30": "$5,402", "2014-06-30": "$5,402", "2014-03-31": "$5,407", "2013-12-31": "$5,402", "2013-09-30": "$6,084", "2013-06-30": "$4,462", "2013-03-31": "$3,951", "2012-12-31": "$4,393", "2012-09-30": "$3,951", "2012-06-30": "$4,288", "2012-03-31": "$4,309", "2011-12-31": "$4,466", "2011-09-30": "$4,499", "2011-06-30": "$4,510", "2011-03-31": "$5,058", "2010-12-31": "$5,060", "2010-09-30": "$5,100", "2010-06-30": "$5,124", "2010-03-31": "$5,671", "2009-12-31": "$5,683", "2009-09-30": "$5,554", "2009-06-30": "$5,609", "2009-03-31": "$5,609", "2008-12-31": "$5,609", "2008-09-30": "$5,941", "2008-06-30": "$7,092", "2008-03-31": "$7,014", "2007-12-31": "$6,834", "2007-09-30": "$7,033", "2007-06-30": "$6,585", "2007-03-31": "$7,454", "2006-12-31": "$7,675", "2006-09-30": "$7,683", "2006-06-30": "$7,703", "2006-03-31": "$7,816", "2005-12-31": "$8,255", "2005-09-30": "$8,862", "2005-06-30": "$9,780", "2005-03-31": "$10,132"}}, "total-liabilities": {"Weyerhaeuser Annual Total Liabilities (Millions of US $)": {"2019": "$8,229", "2018": "$8,203", "2017": "$9,160", "2016": "$10,063", "2015": "$7,851", "2014": "$7,961", "2013": "$7,745", "2012": "$8,479", "2011": "$8,367", "2010": "$8,815", "2009": "$11,196", "2008": "$11,848", "2007": "$15,825", "2006": "$17,777", "2005": "$18,429"}, "Weyerhaeuser Quarterly Total Liabilities (Millions of US $)": {"2020-09-30": "$7,829", "2020-06-30": "$8,052", "2020-03-31": "$9,146", "2019-12-31": "$8,229", "2019-09-30": "$8,233", "2019-06-30": "$8,305", "2019-03-31": "$8,331", "2018-12-31": "$8,203", "2018-09-30": "$8,370", "2018-06-30": "$8,767", "2018-03-31": "$8,894", "2017-12-31": "$9,160", "2017-09-30": "$9,357", "2017-06-30": "$9,900", "2017-03-31": "$9,786", "2016-12-31": "$10,063", "2016-09-30": "$11,756", "2016-06-30": "$12,559", "2016-03-31": "$11,498", "2015-12-31": "$7,851", "2015-09-30": "$7,942", "2015-06-30": "$7,958", "2015-03-31": "$7,982", "2014-12-31": "$7,961", "2014-09-30": "$7,584", "2014-06-30": "$8,563", "2014-03-31": "$7,620", "2013-12-31": "$7,745", "2013-09-30": "$9,492", "2013-06-30": "$8,002", "2013-03-31": "$8,234", "2012-12-31": "$8,479", "2012-09-30": "$7,985", "2012-06-30": "$8,278", "2012-03-31": "$8,269", "2011-12-31": "$8,367", "2011-09-30": "$8,036", "2011-06-30": "$8,303", "2011-03-31": "$8,876", "2010-12-31": "$8,815", "2010-09-30": "$9,437", "2010-06-30": "$10,597", "2010-03-31": "$11,118", "2009-12-31": "$11,196", "2009-09-30": "$11,000", "2009-06-30": "$11,565", "2009-03-31": "$11,587", "2008-12-31": "$11,848", "2008-09-30": "$14,611", "2008-06-30": "$16,018", "2008-03-31": "$16,056", "2007-12-31": "$15,825", "2007-09-30": "$15,902", "2007-06-30": "$15,538", "2007-03-31": "$16,402", "2006-12-31": "$17,777", "2006-09-30": "$18,151", "2006-06-30": "$18,118", "2006-03-31": "$18,152", "2005-12-31": "$18,429", "2005-09-30": "$19,031", "2005-06-30": "$20,144", "2005-03-31": "$20,165"}}, "total-share-holder-equity": {"Weyerhaeuser Annual Share Holder Equity (Millions of US $)": {"2019": "$8,177", "2018": "$9,046", "2017": "$8,899", "2016": "$9,180", "2015": "$4,869", "2014": "$5,304", "2013": "$6,832", "2012": "$4,113", "2011": "$4,267", "2010": "$4,614", "2009": "$4,054", "2008": "$4,847", "2007": "$7,981", "2006": "$9,085", "2005": "$9,800"}, "Weyerhaeuser Quarterly Share Holder Equity (Millions of US $)": {"2020-09-30": "$8,527", "2020-06-30": "$8,202", "2020-03-31": "$8,082", "2019-12-31": "$8,177", "2019-09-30": "$8,599", "2019-06-30": "$8,724", "2019-03-31": "$8,801", "2018-12-31": "$9,046", "2018-09-30": "$9,057", "2018-06-30": "$9,281", "2018-03-31": "$8,991", "2017-12-31": "$8,899", "2017-09-30": "$9,045", "2017-06-30": "$9,090", "2017-03-31": "$9,215", "2016-12-31": "$9,180", "2016-09-30": "$9,190", "2016-06-30": "$9,430", "2016-03-31": "$10,281", "2015-12-31": "$4,869", "2015-09-30": "$4,878", "2015-06-30": "$4,925", "2015-03-31": "$5,027", "2014-12-31": "$5,304", "2014-09-30": "$5,856", "2014-06-30": "$7,143", "2014-03-31": "$6,885", "2013-12-31": "$6,832", "2013-09-30": "$6,117", "2013-06-30": "$5,906", "2013-03-31": "$4,276", "2012-12-31": "$4,113", "2012-09-30": "$4,353", "2012-06-30": "$4,197", "2012-03-31": "$4,205", "2011-12-31": "$4,267", "2011-09-30": "$4,799", "2011-06-30": "$4,736", "2011-03-31": "$4,704", "2010-12-31": "$4,614", "2010-09-30": "$4,616", "2010-06-30": "$4,111", "2010-03-31": "$4,057", "2009-12-31": "$4,054", "2009-09-30": "$4,365", "2009-06-30": "$4,277", "2009-03-31": "$4,394", "2008-12-31": "$4,847", "2008-09-30": "$7,605", "2008-06-30": "$7,693", "2008-03-31": "$7,700", "2007-12-31": "$7,981", "2007-09-30": "$7,469", "2007-06-30": "$7,853", "2007-03-31": "$7,840", "2006-12-31": "$9,085", "2006-09-30": "$9,221", "2006-06-30": "$9,500", "2006-03-31": "$9,229", "2005-12-31": "$9,800", "2005-09-30": "$10,126", "2005-06-30": "$9,849", "2005-03-31": "$9,505"}}, "profit-margins": {"current": "10.58%"}, "gross margin": {"2020-12-31": "27.68%", "2020-09-30": "23.67%", "2020-06-30": "18.44%", "2020-03-31": "17.58%", "2019-12-31": "17.42%", "2019-09-30": "17.86%", "2019-06-30": "19.94%", "2019-03-31": "23.27%", "2018-12-31": "25.20%", "2018-09-30": "27.40%", "2018-06-30": "28.07%", "2018-03-31": "27.06%", "2017-12-31": "26.38%", "2017-09-30": "24.52%", "2017-06-30": "23.39%", "2017-03-31": "22.61%", "2016-12-31": "21.76%", "2016-09-30": "22.33%", "2016-06-30": "21.95%", "2016-03-31": "21.39%", "2015-12-31": "20.83%", "2015-09-30": "22.48%", "2015-06-30": "22.55%", "2015-03-31": "23.23%", "2014-12-31": "23.79%", "2014-09-30": "21.87%", "2014-06-30": "21.59%", "2014-03-31": "21.24%", "2013-12-31": "21.20%", "2013-09-30": "20.93%", "2013-06-30": "20.74%", "2013-03-31": "18.77%", "2012-12-31": "16.63%", "2012-09-30": "16.89%", "2012-06-30": "16.46%", "2012-03-31": "16.78%", "2011-12-31": "17.63%", "2011-09-30": "18.16%", "2011-06-30": "18.92%", "2011-03-31": "19.83%", "2010-12-31": "18.86%", "2010-09-30": "11.65%", "2010-06-30": "10.95%", "2010-03-31": "8.60%", "2009-12-31": "8.03%", "2009-09-30": "3.30%", "2009-06-30": "3.85%", "2009-03-31": "5.70%", "2008-12-31": "7.31%", "2008-09-30": "16.82%", "2008-06-30": "18.13%", "2008-03-31": "18.91%", "2007-12-31": "19.42%", "2007-09-30": "20.10%", "2007-06-30": "20.46%", "2007-03-31": "21.45%", "2006-12-31": "22.23%", "2006-09-30": "22.48%", "2006-06-30": "22.81%", "2006-03-31": "23.32%", "2005-12-31": "23.78%"}, "operating margin": {"2020-12-31": "22.70%", "2020-09-30": "15.42%", "2020-06-30": "11.77%", "2020-03-31": "10.80%", "2019-12-31": "9.93%", "2019-09-30": "11.13%", "2019-06-30": "12.70%", "2019-03-31": "16.05%", "2018-12-31": "18.65%", "2018-09-30": "22.09%", "2018-06-30": "20.47%", "2018-03-31": "16.86%", "2017-12-31": "15.72%", "2017-09-30": "11.90%", "2017-06-30": "13.00%", "2017-03-31": "14.67%", "2016-12-31": "12.91%", "2016-09-30": "12.99%", "2016-06-30": "12.06%", "2016-03-31": "11.84%", "2015-12-31": "12.28%", "2015-09-30": "12.25%", "2015-06-30": "13.97%", "2015-03-31": "16.04%", "2014-12-31": "17.98%", "2014-09-30": "12.08%", "2014-06-30": "11.12%", "2014-03-31": "9.75%", "2013-12-31": "8.74%", "2013-09-30": "14.08%", "2013-06-30": "13.64%", "2013-03-31": "11.99%", "2012-12-31": "10.32%", "2012-09-30": "9.14%", "2012-06-30": "7.85%", "2012-03-31": "7.30%", "2011-12-31": "9.56%", "2011-09-30": "8.66%", "2011-06-30": "9.75%", "2011-03-31": "10.17%", "2010-12-31": "7.63%", "2010-09-30": "1.33%", "2010-06-30": "2.18%", "2010-03-31": "-0.48%", "2009-12-31": "-7.48%", "2009-09-30": "-40.38%", "2009-06-30": "-40.12%", "2009-03-31": "-37.01%", "2008-12-31": "-32.11%", "2008-09-30": "-2.22%", "2008-06-30": "-0.44%", "2008-03-31": "0.75%", "2007-12-31": "2.01%", "2007-09-30": "6.26%", "2007-06-30": "7.15%", "2007-03-31": "9.00%", "2006-12-31": "10.02%", "2006-09-30": "8.53%", "2006-06-30": "8.67%", "2006-03-31": "9.22%", "2005-12-31": "9.74%"}, "ebitda margin": {"2020-09-30": "22.30%", "2020-06-30": "19.41%", "2020-03-31": "18.48%", "2019-12-31": "17.71%", "2019-09-30": "18.76%", "2019-06-30": "19.88%", "2019-03-31": "22.79%", "2018-12-31": "25.15%", "2018-09-30": "28.46%", "2018-06-30": "27.00%", "2018-03-31": "23.75%", "2017-12-31": "22.96%", "2017-09-30": "19.51%", "2017-06-30": "20.91%", "2017-03-31": "23.03%", "2016-12-31": "21.79%", "2016-09-30": "22.80%", "2016-06-30": "22.12%", "2016-03-31": "21.95%", "2015-12-31": "21.41%", "2015-09-30": "23.51%", "2015-06-30": "24.03%", "2015-03-31": "25.11%", "2014-12-31": "27.09%", "2014-09-30": "19.09%", "2014-06-30": "18.15%", "2014-03-31": "16.65%", "2013-12-31": "15.25%", "2013-09-30": "21.05%", "2013-06-30": "20.58%", "2013-03-31": "19.05%", "2012-12-31": "17.93%", "2012-09-30": "15.96%", "2012-06-30": "15.01%", "2012-03-31": "14.77%", "2011-12-31": "17.28%", "2011-09-30": "16.85%", "2011-06-30": "18.09%", "2011-03-31": "18.57%", "2010-12-31": "16.07%", "2010-09-30": "10.49%", "2010-06-30": "11.97%", "2010-03-31": "9.84%", "2009-12-31": "3.14%", "2009-09-30": "-30.51%", "2009-06-30": "-31.27%", "2009-03-31": "-28.77%", "2008-12-31": "-23.60%", "2008-09-30": "6.12%", "2008-06-30": "7.95%", "2008-03-31": "10.28%", "2007-12-31": "10.92%", "2007-09-30": "14.53%", "2007-06-30": "10.12%", "2007-03-31": "11.51%", "2006-12-31": "16.89%", "2006-09-30": "16.42%", "2006-06-30": "20.64%", "2006-03-31": "20.73%", "2005-12-31": "16.84%"}, "pre tax profit margin": {"2020-12-31": "13.04%", "2020-09-30": "9.38%", "2020-06-30": "5.59%", "2020-03-31": "4.93%", "2019-12-31": "-3.25%", "2019-09-30": "-4.73%", "2019-06-30": "-2.56%", "2019-03-31": "1.59%", "2018-12-31": "10.79%", "2018-09-30": "16.90%", "2018-06-30": "15.19%", "2018-03-31": "11.32%", "2017-12-31": "9.95%", "2017-09-30": "6.16%", "2017-06-30": "7.49%", "2017-03-31": "9.21%", "2016-12-31": "7.92%", "2016-09-30": "7.84%", "2016-06-30": "6.53%", "2016-03-31": "6.19%", "2015-12-31": "6.73%", "2015-09-30": "5.12%", "2015-06-30": "7.59%", "2015-03-31": "10.46%", "2014-12-31": "12.52%", "2014-09-30": "7.56%", "2014-06-30": "6.68%", "2014-03-31": "5.24%", "2013-12-31": "4.41%", "2013-09-30": "9.69%", "2013-06-30": "9.21%", "2013-03-31": "7.46%", "2012-12-31": "5.38%", "2012-09-30": "4.67%", "2012-06-30": "3.26%", "2012-03-31": "2.05%", "2011-12-31": "4.13%", "2011-09-30": "2.81%", "2011-06-30": "3.76%", "2011-03-31": "3.63%", "2010-12-31": "1.38%", "2010-09-30": "-1.76%", "2010-06-30": "-2.78%", "2010-03-31": "-5.99%", "2009-12-31": "-15.27%", "2009-09-30": "-35.71%", "2009-06-30": "-38.85%", "2009-03-31": "-39.15%", "2008-12-31": "-34.68%", "2008-09-30": "-17.68%", "2008-06-30": "-12.09%", "2008-03-31": "-7.35%", "2007-12-31": "-4.37%", "2007-09-30": "3.14%", "2007-06-30": "4.56%", "2007-03-31": "6.89%", "2006-12-31": "8.27%", "2006-09-30": "6.92%", "2006-06-30": "7.46%", "2006-03-31": "7.76%", "2005-12-31": "7.85%"}, "net profit margin": {"2020-12-31": "10.58%", "2020-09-30": "7.00%", "2020-06-30": "4.67%", "2020-03-31": "5.47%", "2019-12-31": "-1.16%", "2019-09-30": "-2.33%", "2019-06-30": "0.01%", "2019-03-31": "2.62%", "2018-12-31": "10.01%", "2018-09-30": "14.51%", "2018-06-30": "12.94%", "2018-03-31": "9.42%", "2017-12-31": "8.09%", "2017-09-30": "12.37%", "2017-06-30": "14.09%", "2017-03-31": "16.41%", "2016-12-31": "15.79%", "2016-09-30": "9.18%", "2016-06-30": "8.90%", "2016-03-31": "8.98%", "2015-12-31": "8.81%", "2015-09-30": "13.23%", "2015-06-30": "31.72%", "2015-03-31": "30.82%", "2014-12-31": "32.46%", "2014-09-30": "23.08%", "2014-06-30": "9.30%", "2014-03-31": "8.23%", "2013-12-31": "7.44%", "2013-09-30": "9.68%", "2013-06-30": "9.19%", "2013-03-31": "7.57%", "2012-12-31": "6.43%", "2012-09-30": "4.60%", "2012-06-30": "5.36%", "2012-03-31": "4.34%", "2011-12-31": "5.32%", "2011-09-30": "7.31%", "2011-06-30": "23.56%", "2011-03-31": "23.50%", "2010-12-31": "21.51%", "2010-09-30": "16.88%", "2010-06-30": "-3.31%", "2010-03-31": "-5.78%", "2009-12-31": "-10.75%", "2009-09-30": "-27.13%", "2009-06-30": "-19.88%", "2009-03-31": "-17.62%", "2008-12-31": "-14.52%", "2008-09-30": "-0.31%", "2008-06-30": "-2.16%", "2008-03-31": "-0.76%", "2007-12-31": "7.23%", "2007-09-30": "10.29%", "2007-06-30": "9.90%", "2007-03-31": "10.36%", "2006-12-31": "2.43%", "2006-09-30": "-1.63%", "2006-06-30": "-1.19%", "2006-03-31": "-0.46%", "2005-12-31": "3.89%"}, "pe ratio": {"current": "26.80", "2021-02-11": "50.37", "2020-12-31": "49.31", "2020-09-30": "42.96", "2020-06-30": "54.47", "2020-03-31": "35.11", "2019-12-31": "0.00", "2019-09-30": "0.00", "2019-06-30": "0.00", "2019-03-31": "99.51", "2018-12-31": "20.57", "2018-09-30": "20.45", "2018-06-30": "25.88", "2018-03-31": "35.19", "2017-12-31": "41.51", "2017-09-30": "26.82", "2017-06-30": "23.48", "2017-03-31": "20.66", "2016-12-31": "19.48", "2016-09-30": "37.84", "2016-06-30": "32.69", "2016-03-31": "31.65", "2015-12-31": "28.25", "2015-09-30": "20.81", "2015-06-30": "8.94", "2015-03-31": "8.69", "2014-12-31": "8.93", "2014-09-30": "8.49", "2014-06-30": "23.41", "2014-03-31": "23.09", "2013-12-31": "25.96", "2013-09-30": "19.48", "2013-06-30": "20.11", "2013-03-31": "26.65", "2012-12-31": "29.37", "2012-09-30": "34.05", "2012-06-30": "25.83", "2012-03-31": "32.03", "2011-12-31": "18.42", "2011-09-30": "12.01", "2011-06-30": "3.82", "2011-03-31": "4.22", "2010-12-31": "3.53", "2010-09-30": "3.54", "2010-06-30": "0.00", "2010-03-31": "0.00", "2009-12-31": "0.00", "2009-09-30": "0.00", "2009-06-30": "0.00", "2009-03-31": "0.00", "2008-12-31": "0.00", "2008-09-30": "0.00", "2008-06-30": "0.00", "2008-03-31": "0.00", "2007-12-31": "12.79", "2007-09-30": "7.70", "2007-06-30": "7.81", "2007-03-31": "6.21", "2006-12-31": "25.76"}, "price sales": {"2021-02-11": "3.40", "2020-12-31": "3.33", "2020-09-30": "3.02", "2020-06-30": "2.53", "2020-03-31": "1.89", "2019-12-31": "3.38", "2019-09-30": "3.03", "2019-06-30": "2.76", "2019-03-31": "2.59", "2018-12-31": "2.07", "2018-09-30": "2.98", "2018-06-30": "3.35", "2018-03-31": "3.29", "2017-12-31": "3.36", "2017-09-30": "3.28", "2017-06-30": "3.27", "2017-03-31": "3.35", "2016-12-31": "2.95", "2016-09-30": "3.34", "2016-06-30": "2.96", "2016-03-31": "2.92", "2015-12-31": "2.50", "2015-09-30": "2.75", "2015-06-30": "2.81", "2015-03-31": "2.71", "2014-12-31": "3.01", "2014-09-30": "2.02", "2014-06-30": "2.15", "2014-03-31": "1.89", "2013-12-31": "1.92", "2013-09-30": "1.88", "2013-06-30": "1.84", "2013-03-31": "2.03", "2012-12-31": "1.91", "2012-09-30": "1.60", "2012-06-30": "1.40", "2012-03-31": "1.40", "2011-12-31": "1.20", "2011-09-30": "0.89", "2011-06-30": "1.08", "2011-03-31": "0.92", "2010-12-31": "0.58", "2010-09-30": "0.47", "2010-06-30": "0.37", "2010-03-31": "0.49", "2009-12-31": "0.57", "2009-09-30": "0.41", "2009-06-30": "0.38", "2009-03-31": "0.38", "2008-12-31": "0.39", "2008-09-30": "0.93", "2008-06-30": "0.72", "2008-03-31": "0.84", "2007-12-31": "0.92", "2007-09-30": "0.76", "2007-06-30": "0.75", "2007-03-31": "0.65", "2006-12-31": "0.55"}, "price book": {"current": "2.96", "2021-02-11": "3.00", "2020-09-30": "2.48", "2020-06-30": "2.03", "2020-03-31": "1.56", "2019-12-31": "2.70", "2019-09-30": "2.33", "2019-06-30": "2.16", "2019-03-31": "2.11", "2018-12-31": "1.68", "2018-09-30": "2.49", "2018-06-30": "2.75", "2018-03-31": "2.70", "2017-12-31": "2.71", "2017-09-30": "2.55", "2017-06-30": "2.47", "2017-03-31": "2.44", "2016-12-31": "2.14", "2016-09-30": "2.25", "2016-06-30": "1.98", "2016-03-31": "1.94", "2015-12-31": "2.64", "2015-09-30": "2.38", "2015-06-30": "2.70", "2015-03-31": "2.78", "2014-12-31": "2.86", "2014-09-30": "2.29", "2014-06-30": "2.15", "2014-03-31": "1.96", "2013-12-31": "2.11", "2013-09-30": "2.11", "2013-06-30": "2.14", "2013-03-31": "3.07", "2012-12-31": "2.79", "2012-09-30": "2.45", "2012-06-30": "2.15", "2012-03-31": "2.09", "2011-12-31": "1.74", "2011-09-30": "1.28", "2011-06-30": "1.81", "2011-03-31": "2.03", "2010-12-31": "1.58", "2010-09-30": "1.31", "2010-06-30": "0.49", "2010-03-31": "1.55", "2009-12-31": "0.60", "2009-09-30": "1.16", "2009-06-30": "0.98", "2009-03-31": "0.86", "2008-12-31": "0.86", "2008-09-30": "1.07", "2008-06-30": "0.88", "2008-03-31": "1.10", "2007-12-31": "1.19", "2007-09-30": "1.23", "2007-06-30": "1.31", "2007-03-31": "1.23", "2006-12-31": "1.09", "2006-09-30": "0.95", "2006-06-30": "0.94", "2006-03-31": "1.11"}, "price fcf": {"2021-02-11": "", "2020-09-30": "$1.78", "2020-06-30": "$1.32", "2020-03-31": "$1.30", "2019-12-31": "$1.18", "2019-09-30": "$0.78", "2019-06-30": "$0.50", "2019-03-31": "$0.73", "2018-12-31": "$0.91", "2018-09-30": "$0.68", "2018-06-30": "$1.55", "2018-03-31": "$1.42", "2017-12-31": "$1.30", "2017-09-30": "$0.38", "2017-06-30": "$0.20", "2017-03-31": "$0.21", "2016-12-31": "$0.31", "2016-09-30": "$1.56", "2016-06-30": "$1.23", "2016-03-31": "$1.19", "2015-12-31": "$1.07", "2015-09-30": "$1.09", "2015-06-30": "$1.29", "2015-03-31": "$1.16", "2014-12-31": "$1.32", "2014-09-30": "$1.44", "2014-06-30": "$1.36", "2014-03-31": "$1.57", "2013-12-31": "$1.28", "2013-09-30": "$1.18", "2013-06-30": "$0.80", "2013-03-31": "$0.58", "2012-12-31": "$0.55", "2012-09-30": "$0.99", "2012-06-30": "$1.01", "2012-03-31": "$0.44", "2011-12-31": "$0.76", "2011-09-30": "$1.05", "2011-06-30": "$0.70", "2011-03-31": "$1.10", "2010-12-31": "$2.09", "2010-09-30": "$2.87", "2010-06-30": "$2.96", "2010-03-31": "$1.77", "2009-12-31": "$-0.34", "2009-09-30": "$20.67", "2009-06-30": "$20.49", "2009-03-31": "$21.54", "2008-12-31": "$21.67", "2008-09-30": "$-0.86", "2008-06-30": "$-0.51", "2008-03-31": "$-0.55", "2007-12-31": "$-0.46", "2007-09-30": "$0.92", "2007-06-30": "$0.82", "2007-03-31": "$1.28", "2006-12-31": "$1.20"}, "net worth": {"value": "$25.8B"}, "current ratio": {"2020-12-31": "1.69", "2020-09-30": "2.46", "2020-06-30": "2.28", "2020-03-31": "1.37", "2019-12-31": "1.60", "2019-09-30": "1.55", "2019-06-30": "1.39", "2019-03-31": "1.48", "2018-12-31": "0.83", "2018-09-30": "1.35", "2018-06-30": "2.18", "2018-03-31": "2.11", "2017-12-31": "1.47", "2017-09-30": "1.48", "2017-06-30": "1.37", "2017-03-31": "1.43", "2016-12-31": "1.35", "2016-09-30": "1.01", "2016-06-30": "2.14", "2016-03-31": "1.86", "2015-12-31": "2.75", "2015-09-30": "2.79", "2015-06-30": "2.74", "2015-03-31": "3.11", "2014-12-31": "3.06", "2014-09-30": "3.15", "2014-06-30": "3.08", "2014-03-31": "2.16", "2013-12-31": "2.06", "2013-09-30": "2.31", "2013-06-30": "2.17", "2013-03-31": "2.05", "2012-12-31": "1.50", "2012-09-30": "1.53", "2012-06-30": "1.81", "2012-03-31": "1.85", "2011-12-31": "2.19", "2011-09-30": "2.12", "2011-06-30": "2.12", "2011-03-31": "2.63", "2010-12-31": "2.41", "2010-09-30": "2.59", "2010-06-30": "3.11", "2010-03-31": "3.72", "2009-12-31": "3.84", "2009-09-30": "3.15", "2009-06-30": "2.37", "2009-03-31": "2.40", "2008-12-31": "2.38", "2008-09-30": "1.82", "2008-06-30": "1.04", "2008-03-31": "1.12", "2007-12-31": "1.16", "2007-09-30": "1.18", "2007-06-30": "1.25", "2007-03-31": "1.60", "2006-12-31": "1.32", "2006-09-30": "1.32", "2006-06-30": "1.40", "2006-03-31": "1.38", "2005-12-31": "1.50", "2005-09-30": "1.86", "2005-06-30": "2.04", "2005-03-31": "2.13"}, "quick ratio": {"2020-12-31": "1.23", "2020-09-30": "1.97", "2020-06-30": "1.72", "2020-03-31": "1.11", "2019-12-31": "1.19", "2019-09-30": "1.22", "2019-06-30": "1.04", "2019-03-31": "1.10", "2018-12-31": "0.63", "2018-09-30": "1.04", "2018-06-30": "1.78", "2018-03-31": "1.62", "2017-12-31": "1.14", "2017-09-30": "1.15", "2017-06-30": "1.14", "2017-03-31": "1.06", "2016-12-31": "1.05", "2016-09-30": "0.90", "2016-06-30": "1.89", "2016-03-31": "1.17", "2015-12-31": "2.50", "2015-09-30": "2.13", "2015-06-30": "2.08", "2015-03-31": "2.36", "2014-12-31": "2.41", "2014-09-30": "2.54", "2014-06-30": "2.52", "2014-03-31": "1.58", "2013-12-31": "1.58", "2013-09-30": "1.77", "2013-06-30": "1.65", "2013-03-31": "1.50", "2012-12-31": "1.17", "2012-09-30": "1.12", "2012-06-30": "1.37", "2012-03-31": "1.36", "2011-12-31": "1.69", "2011-09-30": "1.64", "2011-06-30": "1.63", "2011-03-31": "2.11", "2010-12-31": "1.97", "2010-09-30": "2.12", "2010-06-30": "2.63", "2010-03-31": "3.17", "2009-12-31": "3.37", "2009-09-30": "2.69", "2009-06-30": "2.02", "2009-03-31": "1.94", "2008-12-31": "1.97", "2008-09-30": "1.62", "2008-06-30": "0.79", "2008-03-31": "0.82", "2007-12-31": "0.85", "2007-09-30": "0.70", "2007-06-30": "0.77", "2007-03-31": "1.08", "2006-12-31": "0.88", "2006-09-30": "0.73", "2006-06-30": "0.81", "2006-03-31": "0.74", "2005-12-31": "0.92", "2005-09-30": "1.18", "2005-06-30": "1.39", "2005-03-31": "1.39"}, "debt equity ratio": {"current": "0.61", "2020-12-31": "0.87", "2020-09-30": "0.92", "2020-06-30": "0.98", "2020-03-31": "1.13", "2019-12-31": "1.01", "2019-09-30": "0.96", "2019-06-30": "0.95", "2019-03-31": "0.95", "2018-12-31": "0.91", "2018-09-30": "0.92", "2018-06-30": "0.95", "2018-03-31": "0.99", "2017-12-31": "1.03", "2017-09-30": "1.03", "2017-06-30": "1.09", "2017-03-31": "1.06", "2016-12-31": "1.10", "2016-09-30": "1.28", "2016-06-30": "1.33", "2016-03-31": "1.12", "2015-12-31": "1.61", "2015-09-30": "1.63", "2015-06-30": "1.62", "2015-03-31": "1.59", "2014-12-31": "1.50", "2014-09-30": "1.30", "2014-06-30": "1.20", "2014-03-31": "1.11", "2013-12-31": "1.13", "2013-09-30": "1.55", "2013-06-30": "1.36", "2013-03-31": "1.93", "2012-12-31": "2.06", "2012-09-30": "1.83", "2012-06-30": "1.97", "2012-03-31": "1.97", "2011-12-31": "1.96", "2011-09-30": "1.68", "2011-06-30": "1.75", "2011-03-31": "1.89", "2010-12-31": "1.91", "2010-09-30": "2.04", "2010-06-30": "2.58", "2010-03-31": "2.74", "2009-12-31": "2.76", "2009-09-30": "2.52", "2009-06-30": "2.70", "2009-03-31": "2.64", "2008-12-31": "2.44", "2008-09-30": "1.92", "2008-06-30": "2.08", "2008-03-31": "2.09", "2007-12-31": "1.98", "2007-09-30": "2.13", "2007-06-30": "1.98", "2007-03-31": "2.09", "2006-12-31": "1.96", "2006-09-30": "1.97", "2006-06-30": "1.91", "2006-03-31": "1.97", "2005-12-31": "1.88", "2005-09-30": "1.88", "2005-06-30": "2.05", "2005-03-31": "2.12"}, "return on equity": {"2020-12-31": "9.50%", "2020-09-30": "5.95%", "2020-06-30": "3.71%", "2020-03-31": "4.32%", "2019-12-31": "-0.89%", "2019-09-30": "-1.76%", "2019-06-30": "0.01%", "2019-03-31": "2.10%", "2018-12-31": "8.23%", "2018-09-30": "12.28%", "2018-06-30": "10.90%", "2018-03-31": "7.71%", "2017-12-31": "6.42%", "2017-09-30": "9.44%", "2017-06-30": "10.46%", "2017-03-31": "11.80%", "2016-12-31": "10.56%", "2016-09-30": "6.08%", "2016-06-30": "6.33%", "2016-03-31": "7.09%", "2015-12-31": "9.38%", "2015-09-30": "11.30%", "2015-06-30": "29.22%", "2015-03-31": "28.96%", "2014-12-31": "28.30%", "2014-09-30": "24.84%", "2014-06-30": "9.83%", "2014-03-31": "9.00%", "2013-12-31": "9.34%", "2013-09-30": "12.54%", "2013-06-30": "12.87%", "2013-03-31": "11.52%", "2012-12-31": "9.13%", "2012-09-30": "7.21%", "2012-06-30": "7.95%", "2012-03-31": "6.06%", "2011-12-31": "7.15%", "2011-09-30": "9.27%", "2011-06-30": "29.91%", "2011-03-31": "31.03%", "2010-12-31": "29.45%", "2010-09-30": "22.33%", "2010-06-30": "-4.36%", "2010-03-31": "-7.19%", "2009-12-31": "-12.76%", "2009-09-30": "-35.50%", "2009-06-30": "-24.66%", "2009-03-31": "-21.06%", "2008-12-31": "-16.89%", "2008-09-30": "-0.35%", "2008-06-30": "-2.67%", "2008-03-31": "-1.01%", "2007-12-31": "10.15%", "2007-09-30": "16.87%", "2007-06-30": "17.45%", "2007-03-31": "19.63%", "2006-12-31": "4.89%", "2006-09-30": "-2.81%", "2006-06-30": "-2.11%", "2006-03-31": "-0.84%", "2005-12-31": "7.46%"}, "return on assets": {"2020-12-31": "4.82%", "2020-09-30": "2.96%", "2020-06-30": "1.84%", "2020-03-31": "2.15%", "2019-12-31": "-0.45%", "2019-09-30": "-0.91%", "2019-06-30": "0.01%", "2019-03-31": "1.09%", "2018-12-31": "4.24%", "2018-09-30": "6.23%", "2018-06-30": "5.45%", "2018-03-31": "3.79%", "2017-12-31": "3.13%", "2017-09-30": "4.56%", "2017-06-30": "4.91%", "2017-03-31": "5.38%", "2016-12-31": "4.79%", "2016-09-30": "2.65%", "2016-06-30": "2.69%", "2016-03-31": "2.94%", "2015-12-31": "3.59%", "2015-09-30": "4.38%", "2015-06-30": "11.73%", "2015-03-31": "12.19%", "2014-12-31": "12.52%", "2014-09-30": "11.40%", "2014-06-30": "4.39%", "2014-03-31": "3.95%", "2013-12-31": "3.82%", "2013-09-30": "4.69%", "2013-06-30": "4.67%", "2013-03-31": "3.91%", "2012-12-31": "3.09%", "2012-09-30": "2.46%", "2012-06-30": "2.75%", "2012-03-31": "2.14%", "2011-12-31": "2.54%", "2011-09-30": "3.31%", "2011-06-30": "10.32%", "2011-03-31": "10.04%", "2010-12-31": "8.93%", "2010-09-30": "6.35%", "2010-06-30": "-1.20%", "2010-03-31": "-1.95%", "2009-12-31": "-3.49%", "2009-09-30": "-9.94%", "2009-06-30": "-7.36%", "2009-03-31": "-6.57%", "2008-12-31": "-5.45%", "2008-09-30": "-0.12%", "2008-06-30": "-0.87%", "2008-03-31": "-0.33%", "2007-12-31": "3.33%", "2007-09-30": "5.56%", "2007-06-30": "5.82%", "2007-03-31": "6.59%", "2006-12-31": "1.66%", "2006-09-30": "-0.96%", "2006-06-30": "-0.73%", "2006-03-31": "-0.29%", "2005-12-31": "2.50%"}, "return on investments": {"2020-12-31": "11.91%", "2020-09-30": "7.50%", "2020-06-30": "5.34%", "2020-03-31": "4.92%", "2019-12-31": "4.42%", "2019-09-30": "5.01%", "2019-06-30": "5.90%", "2019-03-31": "7.77%", "2018-12-31": "9.27%", "2018-09-30": "11.13%", "2018-06-30": "10.18%", "2018-03-31": "8.09%", "2017-12-31": "7.28%", "2017-09-30": "5.26%", "2017-06-30": "5.57%", "2017-03-31": "5.84%", "2016-12-31": "4.68%", "2016-09-30": "4.51%", "2016-06-30": "4.30%", "2016-03-31": "4.65%", "2015-12-31": "6.25%", "2015-09-30": "5.05%", "2015-06-30": "6.36%", "2015-03-31": "7.82%", "2014-12-31": "8.44%", "2014-09-30": "7.18%", "2014-06-30": "6.44%", "2014-03-31": "5.83%", "2013-12-31": "5.89%", "2013-09-30": "9.48%", "2013-06-30": "10.06%", "2013-03-31": "9.22%", "2012-12-31": "7.31%", "2012-09-30": "7.17%", "2012-06-30": "5.80%", "2012-03-31": "5.13%", "2011-12-31": "6.41%", "2011-09-30": "5.46%", "2011-06-30": "6.02%", "2011-03-31": "6.31%", "2010-12-31": "4.73%", "2010-09-30": "0.77%", "2010-06-30": "1.23%", "2010-03-31": "-0.25%", "2009-12-31": "-3.83%", "2009-09-30": "-23.47%", "2009-06-30": "-23.95%", "2009-03-31": "-22.25%", "2008-12-31": "-19.45%", "2008-09-30": "-1.35%", "2008-06-30": "-0.29%", "2008-03-31": "0.53%", "2007-12-31": "1.49%", "2007-09-30": "5.42%", "2007-06-30": "6.76%", "2007-03-31": "9.18%", "2006-12-31": "11.02%", "2006-09-30": "8.00%", "2006-06-30": "8.32%", "2006-03-31": "8.96%", "2005-12-31": "9.62%"}, "return on tangible equity": {"2020-09-30": "6.16%", "2020-06-30": "3.84%", "2020-03-31": "4.47%", "2019-12-31": "-0.92%", "2019-09-30": "-1.82%", "2019-06-30": "0.01%", "2019-03-31": "2.18%", "2018-12-31": "8.53%", "2018-09-30": "12.75%", "2018-06-30": "11.32%", "2018-03-31": "8.01%", "2017-12-31": "6.67%", "2017-09-30": "9.82%", "2017-06-30": "10.88%", "2017-03-31": "12.28%", "2016-12-31": "10.97%", "2016-09-30": "6.29%", "2016-06-30": "6.51%", "2016-03-31": "7.23%", "2015-12-31": "9.46%", "2015-09-30": "11.39%", "2015-06-30": "29.44%", "2015-03-31": "29.16%", "2014-12-31": "28.48%", "2014-09-30": "24.99%", "2014-06-30": "9.89%", "2014-03-31": "9.06%", "2013-12-31": "9.41%", "2013-09-30": "12.64%", "2013-06-30": "12.98%", "2013-03-31": "11.63%", "2012-12-31": "9.22%", "2012-09-30": "7.28%", "2012-06-30": "8.02%", "2012-03-31": "6.12%", "2011-12-31": "7.22%", "2011-09-30": "9.35%", "2011-06-30": "30.17%", "2011-03-31": "31.31%", "2010-12-31": "29.73%", "2010-09-30": "22.54%", "2010-06-30": "-4.41%", "2010-03-31": "-7.26%", "2009-12-31": "-12.88%", "2009-09-30": "-35.82%", "2009-06-30": "-25.93%", "2009-03-31": "-22.86%", "2008-12-31": "-18.81%", "2008-09-30": "-0.40%", "2008-06-30": "-3.19%", "2008-03-31": "-1.26%", "2007-12-31": "13.35%", "2007-09-30": "23.13%", "2007-06-30": "23.52%", "2007-03-31": "26.10%", "2006-12-31": "6.44%", "2006-09-30": "-3.78%", "2006-06-30": "-2.89%", "2006-03-31": "-1.18%", "2005-12-31": "10.73%"}, "dividend yield history": {"last payout": "$0.68", "last yield": "1.97%"}}