{"ticker": "WYND", "price": {"title": "WYNDHAM DESTINATIONS, INC Historical Annual Stock Price Data", "value": 50.7, "historical": {"2020": {"Average Stock Price": "34.4287", "Year Open": "52.2000", "Year High": "52.8200", "Year Low": "16.8100", "Year Close": "44.8600", "Annual % Change": "-13.21%"}, "2019": {"Average Stock Price": "44.3458", "Year Open": "36.3000", "Year High": "51.9100", "Year Low": "34.8300", "Year Close": "51.6900", "Annual % Change": "44.22%"}, "2018": {"Average Stock Price": "46.4792", "Year Open": "52.7494", "Year High": "57.4944", "Year Low": "33.6300", "Year Close": "35.8400", "Annual % Change": "-31.49%"}, "2017": {"Average Stock Price": "43.8531", "Year Open": "34.2889", "Year High": "52.6682", "Year Low": "34.2799", "Year Close": "52.3115", "Annual % Change": "51.72%"}, "2016": {"Average Stock Price": "31.9522", "Year Open": "32.0000", "Year High": "36.4740", "Year Low": "27.8239", "Year Close": "34.4786", "Annual % Change": "5.12%"}, "2015": {"Average Stock Price": "37.3124", "Year Open": "38.5508", "Year High": "42.4876", "Year Low": "31.6840", "Year Close": "32.7991", "Annual % Change": "-15.29%"}, "2014": {"Average Stock Price": "34.3384", "Year Open": "33.1919", "Year High": "39.1738", "Year Low": "30.9797", "Year Close": "38.7178", "Annual % Change": "16.38%"}, "2013": {"Average Stock Price": "28.0465", "Year Open": "24.8939", "Year High": "33.2686", "Year Low": "24.7630", "Year Close": "33.2686", "Annual % Change": "38.49%"}, "2012": {"Average Stock Price": "22.0791", "Year Open": "16.8939", "Year High": "24.8488", "Year Low": "16.6456", "Year Close": "24.0226", "Annual % Change": "40.66%"}, "2011": {"Average Stock Price": "14.4889", "Year Open": "13.8465", "Year High": "17.1964", "Year Low": "11.4582", "Year Close": "17.0790", "Annual % Change": "26.27%"}, "2010": {"Average Stock Price": "11.4615", "Year Open": "9.1558", "Year High": "14.0316", "Year Low": "9.0835", "Year Close": "13.5260", "Annual % Change": "48.54%"}, "2009": {"Average Stock Price": "5.5406", "Year Open": "3.4131", "Year High": "9.5711", "Year Low": "1.3183", "Year Close": "9.1061", "Annual % Change": "207.94%"}, "2008": {"Average Stock Price": "7.6335", "Year Open": "10.5463", "Year High": "11.2596", "Year Low": "1.3454", "Year Close": "2.9571", "Annual % Change": "-72.20%"}, "2007": {"Average Stock Price": "14.8685", "Year Open": "14.7133", "Year High": "17.4673", "Year Low": "10.6366", "Year Close": "10.6366", "Annual % Change": "-26.42%"}, "2006": {"Average Stock Price": "13.5125", "Year Open": "14.6727", "Year High": "15.5350", "Year Low": "11.7698", "Year Close": "14.4560", "Annual % Change": "0.00%"}}}, "market cap": {"value": "$4.35B"}, "income statement": {"Revenue": {"2019-12-31": "4043.00000", "2018-12-31": "3931.00000", "2017-12-31": "3806.00000", "2016-12-31": "3692.00000", "2015-12-31": "4878.00000", "2014-12-31": "5281.00000", "2013-12-31": "5009.00000", "2012-12-31": "4534.00000", "2011-12-31": "4254.00000", "2010-12-31": "3851.00000", "2009-12-31": "3750.00000", "2008-12-31": "4281.00000", "2007-12-31": "4360.00000", "2006-12-31": "3842.00000", "2005-12-31": "3471.00000"}, "Cost Of Goods Sold": {"2019-12-31": "1940.00000", "2018-12-31": "1913.00000", "2017-12-31": "1860.00000", "2016-12-31": "1828.00000", "2015-12-31": "2335.00000", "2014-12-31": "2504.00000", "2013-12-31": "2394.00000", "2012-12-31": "2093.00000", "2011-12-31": "2025.00000", "2010-12-31": "1876.00000", "2009-12-31": "1823.00000", "2008-12-31": "2031.00000", "2007-12-31": "2118.00000", "2006-12-31": "1791.00000", "2005-12-31": "1540.00000"}, "Gross Profit": {"2019-12-31": "2103.00000", "2018-12-31": "2018.00000", "2017-12-31": "1946.00000", "2016-12-31": "1864.00000", "2015-12-31": "2543.00000", "2014-12-31": "2777.00000", "2013-12-31": "2615.00000", "2012-12-31": "2441.00000", "2011-12-31": "2229.00000", "2010-12-31": "1975.00000", "2009-12-31": "1927.00000", "2008-12-31": "2250.00000", "2007-12-31": "2242.00000", "2006-12-31": "2051.00000", "2005-12-31": "1931.00000"}, "Research And Development Expenses": {"2019-12-31": "", "2018-12-31": "", "2017-12-31": "", "2016-12-31": "", "2015-12-31": "", "2014-12-31": "", "2013-12-31": "", "2012-12-31": "", "2011-12-31": "", "2010-12-31": "", "2009-12-31": "", "2008-12-31": "", "2007-12-31": "", "2006-12-31": "", "2005-12-31": ""}, "SG&A Expenses": {"2019-12-31": "1157.00000", "2018-12-31": "1122.00000", "2017-12-31": "1126.00000", "2016-12-31": "1067.00000", "2015-12-31": "1408.00000", "2014-12-31": "1557.00000", "2013-12-31": "1471.00000", "2012-12-31": "1389.00000", "2011-12-31": "1221.00000", "2010-12-31": "1071.00000", "2009-12-31": "1093.00000", "2008-12-31": "1391.00000", "2007-12-31": "1350.00000", "2006-12-31": "1227.00000", "2005-12-31": "1052.00000"}, "Other Operating Income Or Expenses": {"2019-12-31": "-4.00000", "2018-12-31": "-219.00000", "2017-12-31": "-231.00000", "2016-12-31": "", "2015-12-31": "-7.00000", "2014-12-31": "-35.00000", "2013-12-31": "-8.00000", "2012-12-31": "-8.00000", "2011-12-31": "-57.00000", "2010-12-31": "-4.00000", "2009-12-31": "-15.00000", "2008-12-31": "", "2007-12-31": "-16.00000", "2006-12-31": "-99.00000", "2005-12-31": "-128.00000"}, "Operating Expenses": {"2019-12-31": "3231.00000", "2018-12-31": "3408.00000", "2017-12-31": "3367.00000", "2016-12-31": "3034.00000", "2015-12-31": "3943.00000", "2014-12-31": "4340.00000", "2013-12-31": "4099.00000", "2012-12-31": "3682.00000", "2011-12-31": "3487.00000", "2010-12-31": "3133.00000", "2009-12-31": "3156.00000", "2008-12-31": "5111.00000", "2007-12-31": "3650.00000", "2006-12-31": "3265.00000", "2005-12-31": "2851.00000"}, "Operating Income": {"2019-12-31": "812.00000", "2018-12-31": "523.00000", "2017-12-31": "439.00000", "2016-12-31": "658.00000", "2015-12-31": "935.00000", "2014-12-31": "941.00000", "2013-12-31": "910.00000", "2012-12-31": "852.00000", "2011-12-31": "767.00000", "2010-12-31": "718.00000", "2009-12-31": "594.00000", "2008-12-31": "-830.00000", "2007-12-31": "710.00000", "2006-12-31": "577.00000", "2005-12-31": "620.00000"}, "Total Non-Operating Income/Expense": {"2019-12-31": "-132.00000", "2018-12-31": "-127.00000", "2017-12-31": "-121.00000", "2016-12-31": "-116.00000", "2015-12-31": "-98.00000", "2014-12-31": "-96.00000", "2013-12-31": "-227.00000", "2012-12-31": "-224.00000", "2011-12-31": "-117.00000", "2010-12-31": "-155.00000", "2009-12-31": "-101.00000", "2008-12-31": "-57.00000", "2007-12-31": "-55.00000", "2006-12-31": "-35.00000", "2005-12-31": "6.00000"}, "Pre-Tax Income": {"2019-12-31": "680.00000", "2018-12-31": "396.00000", "2017-12-31": "318.00000", "2016-12-31": "542.00000", "2015-12-31": "837.00000", "2014-12-31": "845.00000", "2013-12-31": "683.00000", "2012-12-31": "628.00000", "2011-12-31": "650.00000", "2010-12-31": "563.00000", "2009-12-31": "493.00000", "2008-12-31": "-887.00000", "2007-12-31": "655.00000", "2006-12-31": "542.00000", "2005-12-31": "626.00000"}, "Income Taxes": {"2019-12-31": "191.00000", "2018-12-31": "130.00000", "2017-12-31": "-328.00000", "2016-12-31": "190.00000", "2015-12-31": "285.00000", "2014-12-31": "316.00000", "2013-12-31": "250.00000", "2012-12-31": "229.00000", "2011-12-31": "233.00000", "2010-12-31": "184.00000", "2009-12-31": "200.00000", "2008-12-31": "187.00000", "2007-12-31": "252.00000", "2006-12-31": "190.00000", "2005-12-31": "195.00000"}, "Income After Taxes": {"2019-12-31": "489.00000", "2018-12-31": "266.00000", "2017-12-31": "646.00000", "2016-12-31": "352.00000", "2015-12-31": "552.00000", "2014-12-31": "529.00000", "2013-12-31": "433.00000", "2012-12-31": "399.00000", "2011-12-31": "417.00000", "2010-12-31": "379.00000", "2009-12-31": "293.00000", "2008-12-31": "-1074.00000", "2007-12-31": "403.00000", "2006-12-31": "352.00000", "2005-12-31": "431.00000"}, "Other Income": {"2019-12-31": "", "2018-12-31": "", "2017-12-31": "", "2016-12-31": "", "2015-12-31": "", "2014-12-31": "", "2013-12-31": "", "2012-12-31": "", "2011-12-31": "", "2010-12-31": "", "2009-12-31": "", "2008-12-31": "", "2007-12-31": "", "2006-12-31": "", "2005-12-31": ""}, "Income From Continuous Operations": {"2019-12-31": "489.00000", "2018-12-31": "266.00000", "2017-12-31": "646.00000", "2016-12-31": "352.00000", "2015-12-31": "552.00000", "2014-12-31": "529.00000", "2013-12-31": "433.00000", "2012-12-31": "399.00000", "2011-12-31": "417.00000", "2010-12-31": "379.00000", "2009-12-31": "293.00000", "2008-12-31": "-1074.00000", "2007-12-31": "403.00000", "2006-12-31": "352.00000", "2005-12-31": "431.00000"}, "Income From Discontinued Operations": {"2019-12-31": "18.00000", "2018-12-31": "406.00000", "2017-12-31": "209.00000", "2016-12-31": "260.00000", "2015-12-31": "60.00000", "2014-12-31": "", "2013-12-31": "", "2012-12-31": "", "2011-12-31": "", "2010-12-31": "", "2009-12-31": "", "2008-12-31": "", "2007-12-31": "", "2006-12-31": "", "2005-12-31": ""}, "Net Income": {"2019-12-31": "507.00000", "2018-12-31": "672.00000", "2017-12-31": "854.00000", "2016-12-31": "611.00000", "2015-12-31": "612.00000", "2014-12-31": "529.00000", "2013-12-31": "432.00000", "2012-12-31": "400.00000", "2011-12-31": "417.00000", "2010-12-31": "379.00000", "2009-12-31": "293.00000", "2008-12-31": "-1074.00000", "2007-12-31": "403.00000", "2006-12-31": "287.00000", "2005-12-31": "431.00000"}, "EBITDA": {"2019-12-31": "933.00000", "2018-12-31": "661.00000", "2017-12-31": "575.00000", "2016-12-31": "785.00000", "2015-12-31": "1122.00000", "2014-12-31": "1174.00000", "2013-12-31": "1126.00000", "2012-12-31": "1037.00000", "2011-12-31": "945.00000", "2010-12-31": "891.00000", "2009-12-31": "772.00000", "2008-12-31": "-646.00000", "2007-12-31": "876.00000", "2006-12-31": "725.00000", "2005-12-31": "751.00000"}, "EBIT": {"2019-12-31": "812.00000", "2018-12-31": "523.00000", "2017-12-31": "439.00000", "2016-12-31": "658.00000", "2015-12-31": "935.00000", "2014-12-31": "941.00000", "2013-12-31": "910.00000", "2012-12-31": "852.00000", "2011-12-31": "767.00000", "2010-12-31": "718.00000", "2009-12-31": "594.00000", "2008-12-31": "-830.00000", "2007-12-31": "710.00000", "2006-12-31": "577.00000", "2005-12-31": "620.00000"}, "Basic Shares Outstanding": {"2019-12-31": "92.10000", "2018-12-31": "98.90000", "2017-12-31": "103.00000", "2016-12-31": "109.90000", "2015-12-31": "118.00000", "2014-12-31": "125.00000", "2013-12-31": "133.00000", "2012-12-31": "143.00000", "2011-12-31": "162.00000", "2010-12-31": "178.00000", "2009-12-31": "179.00000", "2008-12-31": "178.00000", "2007-12-31": "181.00000", "2006-12-31": "198.00000", "2005-12-31": "200.00000"}, "Shares Outstanding": {"2019-12-31": "92.40000", "2018-12-31": "99.20000", "2017-12-31": "103.70000", "2016-12-31": "110.60000", "2015-12-31": "119.00000", "2014-12-31": "127.00000", "2013-12-31": "135.00000", "2012-12-31": "145.00000", "2011-12-31": "166.00000", "2010-12-31": "185.00000", "2009-12-31": "182.00000", "2008-12-31": "178.00000", "2007-12-31": "183.00000", "2006-12-31": "199.00000", "2005-12-31": "200.00000"}, "Basic EPS": {"2019-12-31": "5.50000", "2018-12-31": "6.80000", "2017-12-31": "8.29000", "2016-12-31": "5.56000", "2015-12-31": "5.18000", "2014-12-31": "4.22000", "2013-12-31": "3.25000", "2012-12-31": "2.80000", "2011-12-31": "2.57000", "2010-12-31": "2.13000", "2009-12-31": "1.64000", "2008-12-31": "-6.05000", "2007-12-31": "2.22000", "2006-12-31": "1.45000", "2005-12-31": "2.15000"}, "EPS - Earnings Per Share": {"2019-12-31": "5.48000", "2018-12-31": "6.77000", "2017-12-31": "8.24000", "2016-12-31": "5.52000", "2015-12-31": "5.14000", "2014-12-31": "4.18000", "2013-12-31": "3.21000", "2012-12-31": "2.75000", "2011-12-31": "2.51000", "2010-12-31": "2.05000", "2009-12-31": "1.61000", "2008-12-31": "-6.05000", "2007-12-31": "2.20000", "2006-12-31": "1.44000", "2005-12-31": "2.15000"}}, "income statement, quarterly": {"Revenue": {"2020-09-30": "614.00000", "2020-06-30": "343.00000", "2020-03-31": "558.00000", "2019-12-31": "981.00000", "2019-09-30": "1105.00000", "2019-06-30": "1039.00000", "2019-03-31": "918.00000", "2018-12-31": "955.00000", "2018-09-30": "1062.00000", "2018-06-30": "1007.00000", "2018-03-31": "907.00000", "2017-12-31": "659.00000", "2017-09-30": "1015.00000", "2017-06-30": "978.00000", "2017-03-31": "1154.00000", "2016-12-31": "-587.00000", "2016-09-30": "1573.00000", "2016-06-30": "1403.00000", "2016-03-31": "1303.00000", "2015-12-31": "654.00000", "2015-09-30": "1564.00000", "2015-06-30": "1398.00000", "2015-03-31": "1262.00000", "2014-12-31": "1231.00000", "2014-09-30": "1514.00000", "2014-06-30": "1343.00000", "2014-03-31": "1193.00000", "2013-12-31": "1196.00000", "2013-09-30": "1427.00000", "2013-06-30": "1253.00000", "2013-03-31": "1133.00000", "2012-12-31": "1094.00000", "2012-09-30": "1265.00000", "2012-06-30": "1139.00000", "2012-03-31": "1036.00000", "2011-12-31": "1000.00000", "2011-09-30": "1212.00000", "2011-06-30": "1090.00000", "2011-03-31": "952.00000", "2010-12-31": "937.00000", "2010-09-30": "1065.00000", "2010-06-30": "963.00000", "2010-03-31": "886.00000", "2009-12-31": "913.00000", "2009-09-30": "1016.00000", "2009-06-30": "920.00000", "2009-03-31": "901.00000", "2008-12-31": "911.00000", "2008-09-30": "1226.00000", "2008-06-30": "1132.00000", "2008-03-31": "1012.00000", "2007-12-31": "1032.00000", "2007-09-30": "1216.00000", "2007-06-30": "1100.00000", "2007-03-31": "1012.00000", "2006-12-31": "970.00000", "2006-09-30": "1047.00000", "2006-06-30": "955.00000", "2006-03-31": "870.00000", "2005-12-31": "", "2005-09-30": "948.00000", "2005-06-30": "867.00000"}, "Cost Of Goods Sold": {"2020-09-30": "311.00000", "2020-06-30": "208.00000", "2020-03-31": "392.00000", "2019-12-31": "454.00000", "2019-09-30": "536.00000", "2019-06-30": "497.00000", "2019-03-31": "453.00000", "2018-12-31": "468.00000", "2018-09-30": "507.00000", "2018-06-30": "485.00000", "2018-03-31": "453.00000", "2017-12-31": "341.00000", "2017-09-30": "487.00000", "2017-06-30": "472.00000", "2017-03-31": "560.00000", "2016-12-31": "-258.00000", "2016-09-30": "745.00000", "2016-06-30": "673.00000", "2016-03-31": "668.00000", "2015-12-31": "292.00000", "2015-09-30": "752.00000", "2015-06-30": "676.00000", "2015-03-31": "615.00000", "2014-12-31": "603.00000", "2014-09-30": "680.00000", "2014-06-30": "631.00000", "2014-03-31": "590.00000", "2013-12-31": "584.00000", "2013-09-30": "651.00000", "2013-06-30": "600.00000", "2013-03-31": "559.00000", "2012-12-31": "521.00000", "2012-09-30": "563.00000", "2012-06-30": "516.00000", "2012-03-31": "493.00000", "2011-12-31": "484.00000", "2011-09-30": "546.00000", "2011-06-30": "529.00000", "2011-03-31": "466.00000", "2010-12-31": "481.00000", "2010-09-30": "489.00000", "2010-06-30": "465.00000", "2010-03-31": "441.00000", "2009-12-31": "440.00000", "2009-09-30": "475.00000", "2009-06-30": "459.00000", "2009-03-31": "449.00000", "2008-12-31": "426.00000", "2008-09-30": "559.00000", "2008-06-30": "545.00000", "2008-03-31": "501.00000", "2007-12-31": "500.00000", "2007-09-30": "570.00000", "2007-06-30": "551.00000", "2007-03-31": "497.00000", "2006-12-31": "469.00000", "2006-09-30": "474.00000", "2006-06-30": "449.00000", "2006-03-31": "399.00000", "2005-12-31": "", "2005-09-30": "401.00000", "2005-06-30": "383.00000"}, "Gross Profit": {"2020-09-30": "303.00000", "2020-06-30": "135.00000", "2020-03-31": "166.00000", "2019-12-31": "527.00000", "2019-09-30": "569.00000", "2019-06-30": "542.00000", "2019-03-31": "465.00000", "2018-12-31": "487.00000", "2018-09-30": "555.00000", "2018-06-30": "522.00000", "2018-03-31": "454.00000", "2017-12-31": "318.00000", "2017-09-30": "528.00000", "2017-06-30": "506.00000", "2017-03-31": "594.00000", "2016-12-31": "-329.00000", "2016-09-30": "828.00000", "2016-06-30": "730.00000", "2016-03-31": "635.00000", "2015-12-31": "362.00000", "2015-09-30": "812.00000", "2015-06-30": "722.00000", "2015-03-31": "647.00000", "2014-12-31": "628.00000", "2014-09-30": "834.00000", "2014-06-30": "712.00000", "2014-03-31": "603.00000", "2013-12-31": "612.00000", "2013-09-30": "776.00000", "2013-06-30": "653.00000", "2013-03-31": "574.00000", "2012-12-31": "573.00000", "2012-09-30": "702.00000", "2012-06-30": "623.00000", "2012-03-31": "543.00000", "2011-12-31": "516.00000", "2011-09-30": "666.00000", "2011-06-30": "561.00000", "2011-03-31": "486.00000", "2010-12-31": "456.00000", "2010-09-30": "576.00000", "2010-06-30": "498.00000", "2010-03-31": "445.00000", "2009-12-31": "473.00000", "2009-09-30": "541.00000", "2009-06-30": "461.00000", "2009-03-31": "452.00000", "2008-12-31": "485.00000", "2008-09-30": "667.00000", "2008-06-30": "587.00000", "2008-03-31": "511.00000", "2007-12-31": "532.00000", "2007-09-30": "646.00000", "2007-06-30": "549.00000", "2007-03-31": "515.00000", "2006-12-31": "501.00000", "2006-09-30": "573.00000", "2006-06-30": "506.00000", "2006-03-31": "471.00000", "2005-12-31": "", "2005-09-30": "547.00000", "2005-06-30": "484.00000"}, "Research And Development Expenses": {"2020-09-30": "", "2020-06-30": "", "2020-03-31": "", "2019-12-31": "", "2019-09-30": "", "2019-06-30": "", "2019-03-31": "", "2018-12-31": "", "2018-09-30": "", "2018-06-30": "", "2018-03-31": "", "2017-12-31": "", "2017-09-30": "", "2017-06-30": "", "2017-03-31": "", "2016-12-31": "", "2016-09-30": "", "2016-06-30": "", "2016-03-31": "", "2015-12-31": "", "2015-09-30": "", "2015-06-30": "", "2015-03-31": "", "2014-12-31": "", "2014-09-30": "", "2014-06-30": "", "2014-03-31": "", "2013-12-31": "", "2013-09-30": "", "2013-06-30": "", "2013-03-31": "", "2012-12-31": "", "2012-09-30": "", "2012-06-30": "", "2012-03-31": "", "2011-12-31": "", "2011-09-30": "", "2011-06-30": "", "2011-03-31": "", "2010-12-31": "", "2010-09-30": "", "2010-06-30": "", "2010-03-31": "", "2009-12-31": "", "2009-09-30": "", "2009-06-30": "", "2009-03-31": "", "2008-12-31": "", "2008-09-30": "", "2008-06-30": "", "2008-03-31": "", "2007-12-31": "", "2007-09-30": "", "2007-06-30": "", "2007-03-31": "", "2006-12-31": "", "2006-09-30": "", "2006-06-30": "", "2006-03-31": "", "2005-12-31": "", "2005-09-30": "", "2005-06-30": ""}, "SG&A Expenses": {"2020-09-30": "185.00000", "2020-06-30": "117.00000", "2020-03-31": "241.00000", "2019-12-31": "271.00000", "2019-09-30": "317.00000", "2019-06-30": "293.00000", "2019-03-31": "276.00000", "2018-12-31": "255.00000", "2018-09-30": "295.00000", "2018-06-30": "288.00000", "2018-03-31": "284.00000", "2017-12-31": "202.00000", "2017-09-30": "285.00000", "2017-06-30": "293.00000", "2017-03-31": "346.00000", "2016-12-31": "-122.00000", "2016-09-30": "415.00000", "2016-06-30": "396.00000", "2016-03-31": "378.00000", "2015-12-31": "221.00000", "2015-09-30": "418.00000", "2015-06-30": "393.00000", "2015-03-31": "376.00000", "2014-12-31": "379.00000", "2014-09-30": "415.00000", "2014-06-30": "387.00000", "2014-03-31": "376.00000", "2013-12-31": "373.00000", "2013-09-30": "399.00000", "2013-06-30": "358.00000", "2013-03-31": "341.00000", "2012-12-31": "354.00000", "2012-09-30": "369.00000", "2012-06-30": "346.00000", "2012-03-31": "320.00000", "2011-12-31": "327.00000", "2011-09-30": "339.00000", "2011-06-30": "279.00000", "2011-03-31": "276.00000", "2010-12-31": "266.00000", "2010-09-30": "250.00000", "2010-06-30": "284.00000", "2010-03-31": "271.00000", "2009-12-31": "273.00000", "2009-09-30": "289.00000", "2009-06-30": "259.00000", "2009-03-31": "272.00000", "2008-12-31": "295.00000", "2008-09-30": "372.00000", "2008-06-30": "370.00000", "2008-03-31": "354.00000", "2007-12-31": "299.00000", "2007-09-30": "403.00000", "2007-06-30": "331.00000", "2007-03-31": "317.00000", "2006-12-31": "277.00000", "2006-09-30": "329.00000", "2006-06-30": "335.00000", "2006-03-31": "286.00000", "2005-12-31": "", "2005-09-30": "270.00000", "2005-06-30": "274.00000"}, "Other Operating Income Or Expenses": {"2020-09-30": "-20.00000", "2020-06-30": "-78.00000", "2020-03-31": "-33.00000", "2019-12-31": "40.00000", "2019-09-30": "-7.00000", "2019-06-30": "-22.00000", "2019-03-31": "-15.00000", "2018-12-31": "-25.00000", "2018-09-30": "-31.00000", "2018-06-30": "-133.00000", "2018-03-31": "-30.00000", "2017-12-31": "-75.00000", "2017-09-30": "-16.00000", "2017-06-30": "-135.00000", "2017-03-31": "-5.00000", "2016-12-31": "", "2016-09-30": "", "2016-06-30": "0.00000", "2016-03-31": "0.00000", "2015-12-31": "", "2015-09-30": "-7.00000", "2015-06-30": "", "2015-03-31": "", "2014-12-31": "-27.00000", "2014-09-30": "-8.00000", "2014-06-30": "", "2014-03-31": "", "2013-12-31": "", "2013-09-30": "", "2013-06-30": "", "2013-03-31": "", "2012-12-31": "", "2012-09-30": "", "2012-06-30": "", "2012-03-31": "", "2011-12-31": "-44.00000", "2011-09-30": "", "2011-06-30": "0.00000", "2011-03-31": "-13.00000", "2010-12-31": "", "2010-09-30": "-4.00000", "2010-06-30": "", "2010-03-31": "0.00000", "2009-12-31": "-7.00000", "2009-09-30": "", "2009-06-30": "-3.00000", "2009-03-31": "-5.00000", "2008-12-31": "", "2008-09-30": "", "2008-06-30": "", "2008-03-31": "-28.00000", "2007-12-31": "", "2007-09-30": "-3.00000", "2007-06-30": "-7.00000", "2007-03-31": "-6.00000", "2006-12-31": "-23.00000", "2006-09-30": "-68.00000", "2006-06-30": "-5.00000", "2006-03-31": "-3.00000", "2005-12-31": "", "2005-09-30": "-44.00000", "2005-06-30": "-28.00000"}, "Operating Expenses": {"2020-09-30": "550.00000", "2020-06-30": "457.00000", "2020-03-31": "699.00000", "2019-12-31": "721.00000", "2019-09-30": "891.00000", "2019-06-30": "841.00000", "2019-03-31": "778.00000", "2018-12-31": "797.00000", "2018-09-30": "865.00000", "2018-06-30": "942.00000", "2018-03-31": "804.00000", "2017-12-31": "634.00000", "2017-09-30": "831.00000", "2017-06-30": "933.00000", "2017-03-31": "969.00000", "2016-12-31": "-443.00000", "2016-09-30": "1237.00000", "2016-06-30": "1132.00000", "2016-03-31": "1108.00000", "2015-12-31": "526.00000", "2015-09-30": "1244.00000", "2015-06-30": "1127.00000", "2015-03-31": "1046.00000", "2014-12-31": "1078.00000", "2014-09-30": "1163.00000", "2014-06-30": "1077.00000", "2014-03-31": "1022.00000", "2013-12-31": "1031.00000", "2013-09-30": "1104.00000", "2013-06-30": "1012.00000", "2013-03-31": "952.00000", "2012-12-31": "939.00000", "2012-09-30": "977.00000", "2012-06-30": "908.00000", "2012-03-31": "858.00000", "2011-12-31": "899.00000", "2011-09-30": "928.00000", "2011-06-30": "860.00000", "2011-03-31": "800.00000", "2010-12-31": "800.00000", "2010-09-30": "786.00000", "2010-06-30": "791.00000", "2010-03-31": "756.00000", "2009-12-31": "765.00000", "2009-09-30": "810.00000", "2009-06-30": "769.00000", "2009-03-31": "812.00000", "2008-12-31": "2239.00000", "2008-09-30": "984.00000", "2008-06-30": "961.00000", "2008-03-31": "927.00000", "2007-12-31": "843.00000", "2007-09-30": "1019.00000", "2007-06-30": "930.00000", "2007-03-31": "858.00000", "2006-12-31": "810.00000", "2006-09-30": "908.00000", "2006-06-30": "825.00000", "2006-03-31": "722.00000", "2005-12-31": "", "2005-09-30": "748.00000", "2005-06-30": "718.00000"}, "Operating Income": {"2020-09-30": "64.00000", "2020-06-30": "-114.00000", "2020-03-31": "-141.00000", "2019-12-31": "260.00000", "2019-09-30": "214.00000", "2019-06-30": "198.00000", "2019-03-31": "140.00000", "2018-12-31": "158.00000", "2018-09-30": "197.00000", "2018-06-30": "65.00000", "2018-03-31": "103.00000", "2017-12-31": "25.00000", "2017-09-30": "184.00000", "2017-06-30": "45.00000", "2017-03-31": "185.00000", "2016-12-31": "-144.00000", "2016-09-30": "336.00000", "2016-06-30": "271.00000", "2016-03-31": "195.00000", "2015-12-31": "128.00000", "2015-09-30": "320.00000", "2015-06-30": "271.00000", "2015-03-31": "216.00000", "2014-12-31": "153.00000", "2014-09-30": "351.00000", "2014-06-30": "266.00000", "2014-03-31": "171.00000", "2013-12-31": "165.00000", "2013-09-30": "323.00000", "2013-06-30": "241.00000", "2013-03-31": "181.00000", "2012-12-31": "155.00000", "2012-09-30": "288.00000", "2012-06-30": "231.00000", "2012-03-31": "178.00000", "2011-12-31": "101.00000", "2011-09-30": "284.00000", "2011-06-30": "230.00000", "2011-03-31": "152.00000", "2010-12-31": "137.00000", "2010-09-30": "279.00000", "2010-06-30": "172.00000", "2010-03-31": "130.00000", "2009-12-31": "148.00000", "2009-09-30": "206.00000", "2009-06-30": "151.00000", "2009-03-31": "89.00000", "2008-12-31": "-1328.00000", "2008-09-30": "242.00000", "2008-06-30": "171.00000", "2008-03-31": "85.00000", "2007-12-31": "189.00000", "2007-09-30": "197.00000", "2007-06-30": "170.00000", "2007-03-31": "154.00000", "2006-12-31": "160.00000", "2006-09-30": "139.00000", "2006-06-30": "130.00000", "2006-03-31": "148.00000", "2005-12-31": "", "2005-09-30": "200.00000", "2005-06-30": "149.00000"}, "Total Non-Operating Income/Expense": {"2020-09-30": "-45.00000", "2020-06-30": "-39.00000", "2020-03-31": "-37.00000", "2019-12-31": "-35.00000", "2019-09-30": "-33.00000", "2019-06-30": "-36.00000", "2019-03-31": "-28.00000", "2018-12-31": "-35.00000", "2018-09-30": "-15.00000", "2018-06-30": "-39.00000", "2018-03-31": "-38.00000", "2017-12-31": "-34.00000", "2017-09-30": "-20.00000", "2017-06-30": "-35.00000", "2017-03-31": "-32.00000", "2016-12-31": "-29.00000", "2016-09-30": "-29.00000", "2016-06-30": "-26.00000", "2016-03-31": "-32.00000", "2015-12-31": "-27.00000", "2015-09-30": "-28.00000", "2015-06-30": "-25.00000", "2015-03-31": "-18.00000", "2014-12-31": "-23.00000", "2014-09-30": "-26.00000", "2014-06-30": "-25.00000", "2014-03-31": "-22.00000", "2013-12-31": "-30.00000", "2013-09-30": "-27.00000", "2013-06-30": "-30.00000", "2013-03-31": "-140.00000", "2012-12-31": "-33.00000", "2012-09-30": "-32.00000", "2012-06-30": "-25.00000", "2012-03-31": "-134.00000", "2011-12-31": "-34.00000", "2011-09-30": "-13.00000", "2011-06-30": "-34.00000", "2011-03-31": "-36.00000", "2010-12-31": "-32.00000", "2010-09-30": "-44.00000", "2010-06-30": "-31.00000", "2010-03-31": "-48.00000", "2009-12-31": "-31.00000", "2009-09-30": "-31.00000", "2009-06-30": "-24.00000", "2009-03-31": "-15.00000", "2008-12-31": "-17.00000", "2008-09-30": "-14.00000", "2008-06-30": "-11.00000", "2008-03-31": "-15.00000", "2007-12-31": "-16.00000", "2007-09-30": "-8.00000", "2007-06-30": "-16.00000", "2007-03-31": "-15.00000", "2006-12-31": "-14.00000", "2006-09-30": "-12.00000", "2006-06-30": "-11.00000", "2006-03-31": "2.00000", "2005-12-31": "", "2005-09-30": "1.00000", "2005-06-30": "-1.00000"}, "Pre-Tax Income": {"2020-09-30": "19.00000", "2020-06-30": "-153.00000", "2020-03-31": "-178.00000", "2019-12-31": "225.00000", "2019-09-30": "181.00000", "2019-06-30": "162.00000", "2019-03-31": "112.00000", "2018-12-31": "123.00000", "2018-09-30": "182.00000", "2018-06-30": "26.00000", "2018-03-31": "65.00000", "2017-12-31": "-9.00000", "2017-09-30": "164.00000", "2017-06-30": "10.00000", "2017-03-31": "153.00000", "2016-12-31": "-173.00000", "2016-09-30": "307.00000", "2016-06-30": "245.00000", "2016-03-31": "163.00000", "2015-12-31": "101.00000", "2015-09-30": "292.00000", "2015-06-30": "246.00000", "2015-03-31": "198.00000", "2014-12-31": "130.00000", "2014-09-30": "325.00000", "2014-06-30": "241.00000", "2014-03-31": "149.00000", "2013-12-31": "135.00000", "2013-09-30": "296.00000", "2013-06-30": "211.00000", "2013-03-31": "41.00000", "2012-12-31": "122.00000", "2012-09-30": "256.00000", "2012-06-30": "206.00000", "2012-03-31": "44.00000", "2011-12-31": "67.00000", "2011-09-30": "271.00000", "2011-06-30": "196.00000", "2011-03-31": "116.00000", "2010-12-31": "105.00000", "2010-09-30": "235.00000", "2010-06-30": "141.00000", "2010-03-31": "82.00000", "2009-12-31": "117.00000", "2009-09-30": "175.00000", "2009-06-30": "127.00000", "2009-03-31": "74.00000", "2008-12-31": "-1345.00000", "2008-09-30": "228.00000", "2008-06-30": "160.00000", "2008-03-31": "70.00000", "2007-12-31": "173.00000", "2007-09-30": "189.00000", "2007-06-30": "154.00000", "2007-03-31": "139.00000", "2006-12-31": "146.00000", "2006-09-30": "127.00000", "2006-06-30": "119.00000", "2006-03-31": "150.00000", "2005-12-31": "", "2005-09-30": "201.00000", "2005-06-30": "148.00000"}, "Income Taxes": {"2020-09-30": "-21.00000", "2020-06-30": "11.00000", "2020-03-31": "-44.00000", "2019-12-31": "70.00000", "2019-09-30": "46.00000", "2019-06-30": "44.00000", "2019-03-31": "31.00000", "2018-12-31": "17.00000", "2018-09-30": "51.00000", "2018-06-30": "38.00000", "2018-03-31": "24.00000", "2017-12-31": "-412.00000", "2017-09-30": "62.00000", "2017-06-30": "-4.00000", "2017-03-31": "26.00000", "2016-12-31": "-76.00000", "2016-09-30": "110.00000", "2016-06-30": "89.00000", "2016-03-31": "67.00000", "2015-12-31": "20.00000", "2015-09-30": "102.00000", "2015-06-30": "87.00000", "2015-03-31": "76.00000", "2014-12-31": "50.00000", "2014-09-30": "119.00000", "2014-06-30": "88.00000", "2014-03-31": "59.00000", "2013-12-31": "49.00000", "2013-09-30": "109.00000", "2013-06-30": "78.00000", "2013-03-31": "14.00000", "2012-12-31": "41.00000", "2012-09-30": "97.00000", "2012-06-30": "78.00000", "2012-03-31": "13.00000", "2011-12-31": "11.00000", "2011-09-30": "96.00000", "2011-06-30": "82.00000", "2011-03-31": "44.00000", "2010-12-31": "27.00000", "2010-09-30": "79.00000", "2010-06-30": "46.00000", "2010-03-31": "32.00000", "2009-12-31": "44.00000", "2009-09-30": "71.00000", "2009-06-30": "56.00000", "2009-03-31": "29.00000", "2008-12-31": "11.00000", "2008-09-30": "86.00000", "2008-06-30": "62.00000", "2008-03-31": "28.00000", "2007-12-31": "69.00000", "2007-09-30": "72.00000", "2007-06-30": "58.00000", "2007-03-31": "53.00000", "2006-12-31": "54.00000", "2006-09-30": "35.00000", "2006-06-30": "44.00000", "2006-03-31": "57.00000", "2005-12-31": "", "2005-09-30": "80.00000", "2005-06-30": "59.00000"}, "Income After Taxes": {"2020-09-30": "40.00000", "2020-06-30": "-164.00000", "2020-03-31": "-134.00000", "2019-12-31": "155.00000", "2019-09-30": "135.00000", "2019-06-30": "118.00000", "2019-03-31": "81.00000", "2018-12-31": "106.00000", "2018-09-30": "131.00000", "2018-06-30": "-12.00000", "2018-03-31": "41.00000", "2017-12-31": "403.00000", "2017-09-30": "102.00000", "2017-06-30": "14.00000", "2017-03-31": "127.00000", "2016-12-31": "-97.00000", "2016-09-30": "197.00000", "2016-06-30": "156.00000", "2016-03-31": "96.00000", "2015-12-31": "81.00000", "2015-09-30": "190.00000", "2015-06-30": "159.00000", "2015-03-31": "122.00000", "2014-12-31": "80.00000", "2014-09-30": "206.00000", "2014-06-30": "153.00000", "2014-03-31": "90.00000", "2013-12-31": "86.00000", "2013-09-30": "187.00000", "2013-06-30": "133.00000", "2013-03-31": "27.00000", "2012-12-31": "81.00000", "2012-09-30": "159.00000", "2012-06-30": "128.00000", "2012-03-31": "31.00000", "2011-12-31": "56.00000", "2011-09-30": "175.00000", "2011-06-30": "114.00000", "2011-03-31": "72.00000", "2010-12-31": "78.00000", "2010-09-30": "156.00000", "2010-06-30": "95.00000", "2010-03-31": "50.00000", "2009-12-31": "73.00000", "2009-09-30": "104.00000", "2009-06-30": "71.00000", "2009-03-31": "45.00000", "2008-12-31": "-1356.00000", "2008-09-30": "142.00000", "2008-06-30": "98.00000", "2008-03-31": "42.00000", "2007-12-31": "104.00000", "2007-09-30": "117.00000", "2007-06-30": "96.00000", "2007-03-31": "86.00000", "2006-12-31": "92.00000", "2006-09-30": "92.00000", "2006-06-30": "75.00000", "2006-03-31": "93.00000", "2005-12-31": "", "2005-09-30": "121.00000", "2005-06-30": "89.00000"}, "Other Income": {"2020-09-30": "", "2020-06-30": "", "2020-03-31": "", "2019-12-31": "", "2019-09-30": "", "2019-06-30": "", "2019-03-31": "", "2018-12-31": "", "2018-09-30": "", "2018-06-30": "", "2018-03-31": "", "2017-12-31": "", "2017-09-30": "", "2017-06-30": "", "2017-03-31": "", "2016-12-31": "", "2016-09-30": "", "2016-06-30": "", "2016-03-31": "", "2015-12-31": "", "2015-09-30": "", "2015-06-30": "", "2015-03-31": "", "2014-12-31": "", "2014-09-30": "", "2014-06-30": "", "2014-03-31": "", "2013-12-31": "", "2013-09-30": "", "2013-06-30": "", "2013-03-31": "", "2012-12-31": "", "2012-09-30": "", "2012-06-30": "", "2012-03-31": "", "2011-12-31": "", "2011-09-30": "", "2011-06-30": "", "2011-03-31": "", "2010-12-31": "", "2010-09-30": "", "2010-06-30": "", "2010-03-31": "", "2009-12-31": "", "2009-09-30": "", "2009-06-30": "", "2009-03-31": "", "2008-12-31": "", "2008-09-30": "", "2008-06-30": "", "2008-03-31": "", "2007-12-31": "", "2007-09-30": "", "2007-06-30": "", "2007-03-31": "", "2006-12-31": "", "2006-09-30": "", "2006-06-30": "", "2006-03-31": "", "2005-12-31": "", "2005-09-30": "", "2005-06-30": ""}, "Income From Continuous Operations": {"2020-09-30": "40.00000", "2020-06-30": "-164.00000", "2020-03-31": "-134.00000", "2019-12-31": "155.00000", "2019-09-30": "135.00000", "2019-06-30": "118.00000", "2019-03-31": "81.00000", "2018-12-31": "106.00000", "2018-09-30": "131.00000", "2018-06-30": "-12.00000", "2018-03-31": "41.00000", "2017-12-31": "403.00000", "2017-09-30": "102.00000", "2017-06-30": "14.00000", "2017-03-31": "127.00000", "2016-12-31": "-97.00000", "2016-09-30": "197.00000", "2016-06-30": "156.00000", "2016-03-31": "96.00000", "2015-12-31": "81.00000", "2015-09-30": "190.00000", "2015-06-30": "159.00000", "2015-03-31": "122.00000", "2014-12-31": "80.00000", "2014-09-30": "206.00000", "2014-06-30": "153.00000", "2014-03-31": "90.00000", "2013-12-31": "86.00000", "2013-09-30": "187.00000", "2013-06-30": "133.00000", "2013-03-31": "27.00000", "2012-12-31": "81.00000", "2012-09-30": "159.00000", "2012-06-30": "128.00000", "2012-03-31": "31.00000", "2011-12-31": "56.00000", "2011-09-30": "175.00000", "2011-06-30": "114.00000", "2011-03-31": "72.00000", "2010-12-31": "78.00000", "2010-09-30": "156.00000", "2010-06-30": "95.00000", "2010-03-31": "50.00000", "2009-12-31": "73.00000", "2009-09-30": "104.00000", "2009-06-30": "71.00000", "2009-03-31": "45.00000", "2008-12-31": "-1356.00000", "2008-09-30": "142.00000", "2008-06-30": "98.00000", "2008-03-31": "42.00000", "2007-12-31": "104.00000", "2007-09-30": "117.00000", "2007-06-30": "96.00000", "2007-03-31": "86.00000", "2006-12-31": "92.00000", "2006-09-30": "92.00000", "2006-06-30": "75.00000", "2006-03-31": "93.00000", "2005-12-31": "", "2005-09-30": "121.00000", "2005-06-30": "89.00000"}, "Income From Discontinued Operations": {"2020-09-30": "", "2020-06-30": "", "2020-03-31": "", "2019-12-31": "13.00000", "2019-09-30": "", "2019-06-30": "6.00000", "2019-03-31": "-1.00000", "2018-12-31": "6.00000", "2018-09-30": "17.00000", "2018-06-30": "390.00000", "2018-03-31": "-7.00000", "2017-12-31": "13.00000", "2017-09-30": "162.00000", "2017-06-30": "71.00000", "2017-03-31": "-37.00000", "2016-12-31": "", "2016-09-30": "", "2016-06-30": "", "2016-03-31": "", "2015-12-31": "", "2015-09-30": "", "2015-06-30": "", "2015-03-31": "", "2014-12-31": "", "2014-09-30": "", "2014-06-30": "", "2014-03-31": "", "2013-12-31": "", "2013-09-30": "", "2013-06-30": "", "2013-03-31": "", "2012-12-31": "", "2012-09-30": "", "2012-06-30": "", "2012-03-31": "", "2011-12-31": "", "2011-09-30": "", "2011-06-30": "", "2011-03-31": "", "2010-12-31": "", "2010-09-30": "", "2010-06-30": "", "2010-03-31": "", "2009-12-31": "", "2009-09-30": "", "2009-06-30": "", "2009-03-31": "", "2008-12-31": "", "2008-09-30": "", "2008-06-30": "", "2008-03-31": "", "2007-12-31": "", "2007-09-30": "", "2007-06-30": "", "2007-03-31": "", "2006-12-31": "", "2006-09-30": "", "2006-06-30": "", "2006-03-31": "", "2005-12-31": "", "2005-09-30": "", "2005-06-30": ""}, "Net Income": {"2020-09-30": "40.00000", "2020-06-30": "-164.00000", "2020-03-31": "-134.00000", "2019-12-31": "168.00000", "2019-09-30": "135.00000", "2019-06-30": "124.00000", "2019-03-31": "80.00000", "2018-12-31": "112.00000", "2018-09-30": "148.00000", "2018-06-30": "378.00000", "2018-03-31": "34.00000", "2017-12-31": "415.00000", "2017-09-30": "264.00000", "2017-06-30": "85.00000", "2017-03-31": "90.00000", "2016-12-31": "163.00000", "2016-09-30": "196.00000", "2016-06-30": "156.00000", "2016-03-31": "96.00000", "2015-12-31": "141.00000", "2015-09-30": "190.00000", "2015-06-30": "159.00000", "2015-03-31": "122.00000", "2014-12-31": "80.00000", "2014-09-30": "206.00000", "2014-06-30": "153.00000", "2014-03-31": "90.00000", "2013-12-31": "85.00000", "2013-09-30": "187.00000", "2013-06-30": "133.00000", "2013-03-31": "27.00000", "2012-12-31": "81.00000", "2012-09-30": "159.00000", "2012-06-30": "128.00000", "2012-03-31": "32.00000", "2011-12-31": "56.00000", "2011-09-30": "175.00000", "2011-06-30": "114.00000", "2011-03-31": "72.00000", "2010-12-31": "78.00000", "2010-09-30": "156.00000", "2010-06-30": "95.00000", "2010-03-31": "50.00000", "2009-12-31": "73.00000", "2009-09-30": "104.00000", "2009-06-30": "71.00000", "2009-03-31": "45.00000", "2008-12-31": "-1356.00000", "2008-09-30": "142.00000", "2008-06-30": "98.00000", "2008-03-31": "42.00000", "2007-12-31": "104.00000", "2007-09-30": "117.00000", "2007-06-30": "96.00000", "2007-03-31": "86.00000", "2006-12-31": "92.00000", "2006-09-30": "92.00000", "2006-06-30": "75.00000", "2006-03-31": "28.00000", "2005-12-31": "", "2005-09-30": "121.00000", "2005-06-30": "89.00000"}, "EBITDA": {"2020-09-30": "96.00000", "2020-06-30": "-83.00000", "2020-03-31": "-110.00000", "2019-12-31": "291.00000", "2019-09-30": "245.00000", "2019-06-30": "226.00000", "2019-03-31": "171.00000", "2018-12-31": "191.00000", "2018-09-30": "229.00000", "2018-06-30": "101.00000", "2018-03-31": "140.00000", "2017-12-31": "61.00000", "2017-09-30": "219.00000", "2017-06-30": "59.00000", "2017-03-31": "236.00000", "2016-12-31": "-204.00000", "2016-09-30": "398.00000", "2016-06-30": "334.00000", "2016-03-31": "257.00000", "2015-12-31": "142.00000", "2015-09-30": "379.00000", "2015-06-30": "329.00000", "2015-03-31": "272.00000", "2014-12-31": "211.00000", "2014-09-30": "411.00000", "2014-06-30": "325.00000", "2014-03-31": "227.00000", "2013-12-31": "221.00000", "2013-09-30": "377.00000", "2013-06-30": "295.00000", "2013-03-31": "233.00000", "2012-12-31": "204.00000", "2012-09-30": "333.00000", "2012-06-30": "277.00000", "2012-03-31": "223.00000", "2011-12-31": "146.00000", "2011-09-30": "327.00000", "2011-06-30": "275.00000", "2011-03-31": "197.00000", "2010-12-31": "182.00000", "2010-09-30": "322.00000", "2010-06-30": "213.00000", "2010-03-31": "174.00000", "2009-12-31": "192.00000", "2009-09-30": "252.00000", "2009-06-30": "196.00000", "2009-03-31": "132.00000", "2008-12-31": "-1281.00000", "2008-09-30": "289.00000", "2008-06-30": "217.00000", "2008-03-31": "129.00000", "2007-12-31": "233.00000", "2007-09-30": "240.00000", "2007-06-30": "211.00000", "2007-03-31": "192.00000", "2006-12-31": "201.00000", "2006-09-30": "176.00000", "2006-06-30": "166.00000", "2006-03-31": "182.00000", "2005-12-31": "", "2005-09-30": "232.00000", "2005-06-30": "149.00000"}, "EBIT": {"2020-09-30": "64.00000", "2020-06-30": "-114.00000", "2020-03-31": "-141.00000", "2019-12-31": "260.00000", "2019-09-30": "214.00000", "2019-06-30": "198.00000", "2019-03-31": "140.00000", "2018-12-31": "158.00000", "2018-09-30": "197.00000", "2018-06-30": "65.00000", "2018-03-31": "103.00000", "2017-12-31": "25.00000", "2017-09-30": "184.00000", "2017-06-30": "45.00000", "2017-03-31": "185.00000", "2016-12-31": "-144.00000", "2016-09-30": "336.00000", "2016-06-30": "271.00000", "2016-03-31": "195.00000", "2015-12-31": "128.00000", "2015-09-30": "320.00000", "2015-06-30": "271.00000", "2015-03-31": "216.00000", "2014-12-31": "153.00000", "2014-09-30": "351.00000", "2014-06-30": "266.00000", "2014-03-31": "171.00000", "2013-12-31": "165.00000", "2013-09-30": "323.00000", "2013-06-30": "241.00000", "2013-03-31": "181.00000", "2012-12-31": "155.00000", "2012-09-30": "288.00000", "2012-06-30": "231.00000", "2012-03-31": "178.00000", "2011-12-31": "101.00000", "2011-09-30": "284.00000", "2011-06-30": "230.00000", "2011-03-31": "152.00000", "2010-12-31": "137.00000", "2010-09-30": "279.00000", "2010-06-30": "172.00000", "2010-03-31": "130.00000", "2009-12-31": "148.00000", "2009-09-30": "206.00000", "2009-06-30": "151.00000", "2009-03-31": "89.00000", "2008-12-31": "-1328.00000", "2008-09-30": "242.00000", "2008-06-30": "171.00000", "2008-03-31": "85.00000", "2007-12-31": "189.00000", "2007-09-30": "197.00000", "2007-06-30": "170.00000", "2007-03-31": "154.00000", "2006-12-31": "160.00000", "2006-09-30": "139.00000", "2006-06-30": "130.00000", "2006-03-31": "148.00000", "2005-12-31": "", "2005-09-30": "200.00000", "2005-06-30": "149.00000"}, "Basic Shares Outstanding": {"2020-09-30": "85.90000", "2020-06-30": "85.40000", "2020-03-31": "86.90000", "2019-12-31": "92.10000", "2019-09-30": "91.70000", "2019-06-30": "93.00000", "2019-03-31": "94.40000", "2018-12-31": "98.90000", "2018-09-30": "99.10000", "2018-06-30": "100.00000", "2018-03-31": "100.10000", "2017-12-31": "103.00000", "2017-09-30": "102.40000", "2017-06-30": "103.80000", "2017-03-31": "105.20000", "2016-12-31": "109.90000", "2016-09-30": "109.00000", "2016-06-30": "111.00000", "2016-03-31": "113.00000", "2015-12-31": "118.00000", "2015-09-30": "117.00000", "2015-06-30": "119.00000", "2015-03-31": "121.00000", "2014-12-31": "125.00000", "2014-09-30": "124.00000", "2014-06-30": "127.00000", "2014-03-31": "128.00000", "2013-12-31": "133.00000", "2013-09-30": "131.00000", "2013-06-30": "135.00000", "2013-03-31": "137.00000", "2012-12-31": "143.00000", "2012-09-30": "141.00000", "2012-06-30": "144.00000", "2012-03-31": "146.00000", "2011-12-31": "162.00000", "2011-09-30": "159.00000", "2011-06-30": "167.00000", "2011-03-31": "173.00000", "2010-12-31": "178.00000", "2010-09-30": "177.00000", "2010-06-30": "180.00000", "2010-03-31": "179.00000", "2009-12-31": "179.00000", "2009-09-30": "179.00000", "2009-06-30": "179.00000", "2009-03-31": "178.00000", "2008-12-31": "178.00000", "2008-09-30": "178.00000", "2008-06-30": "177.00000", "2008-03-31": "177.00000", "2007-12-31": "181.00000", "2007-09-30": "179.00000", "2007-06-30": "181.00000", "2007-03-31": "188.00000", "2006-12-31": "198.00000", "2006-09-30": "200.00000", "2006-06-30": "200.00000", "2006-03-31": "200.00000", "2005-12-31": "", "2005-09-30": "200.00000", "2005-06-30": "200.40000"}, "Shares Outstanding": {"2020-09-30": "86.10000", "2020-06-30": "85.40000", "2020-03-31": "86.90000", "2019-12-31": "92.40000", "2019-09-30": "92.00000", "2019-06-30": "93.30000", "2019-03-31": "94.70000", "2018-12-31": "99.20000", "2018-09-30": "99.50000", "2018-06-30": "100.30000", "2018-03-31": "100.80000", "2017-12-31": "103.70000", "2017-09-30": "102.90000", "2017-06-30": "104.40000", "2017-03-31": "106.00000", "2016-12-31": "110.60000", "2016-09-30": "109.60000", "2016-06-30": "111.50000", "2016-03-31": "114.00000", "2015-12-31": "119.00000", "2015-09-30": "118.00000", "2015-06-30": "120.00000", "2015-03-31": "122.00000", "2014-12-31": "127.00000", "2014-09-30": "126.00000", "2014-06-30": "128.00000", "2014-03-31": "130.00000", "2013-12-31": "135.00000", "2013-09-30": "133.00000", "2013-06-30": "136.00000", "2013-03-31": "138.00000", "2012-12-31": "145.00000", "2012-09-30": "144.00000", "2012-06-30": "147.00000", "2012-03-31": "149.00000", "2011-12-31": "166.00000", "2011-09-30": "162.00000", "2011-06-30": "170.00000", "2011-03-31": "179.00000", "2010-12-31": "185.00000", "2010-09-30": "184.00000", "2010-06-30": "187.00000", "2010-03-31": "186.00000", "2009-12-31": "182.00000", "2009-09-30": "183.00000", "2009-06-30": "182.00000", "2009-03-31": "178.00000", "2008-12-31": "178.00000", "2008-09-30": "178.00000", "2008-06-30": "178.00000", "2008-03-31": "178.00000", "2007-12-31": "183.00000", "2007-09-30": "180.00000", "2007-06-30": "183.00000", "2007-03-31": "190.00000", "2006-12-31": "199.00000", "2006-09-30": "203.00000", "2006-06-30": "200.00000", "2006-03-31": "200.00000", "2005-12-31": "", "2005-09-30": "200.00000", "2005-06-30": "200.40000"}, "Basic EPS": {"2020-09-30": "0.47000", "2020-06-30": "-1.92000", "2020-03-31": "-1.54000", "2019-12-31": "1.84000", "2019-09-30": "1.48000", "2019-06-30": "1.33000", "2019-03-31": "0.85000", "2018-12-31": "1.19000", "2018-09-30": "1.49000", "2018-06-30": "3.78000", "2018-03-31": "0.34000", "2017-12-31": "4.03000", "2017-09-30": "2.58000", "2017-06-30": "0.82000", "2017-03-31": "0.86000", "2016-12-31": "1.52000", "2016-09-30": "1.79000", "2016-06-30": "1.40000", "2016-03-31": "0.85000", "2015-12-31": "1.21000", "2015-09-30": "1.62000", "2015-06-30": "1.34000", "2015-03-31": "1.01000", "2014-12-31": "0.66000", "2014-09-30": "1.65000", "2014-06-30": "1.21000", "2014-03-31": "0.70000", "2013-12-31": "0.65000", "2013-09-30": "1.42000", "2013-06-30": "0.99000", "2013-03-31": "0.19000", "2012-12-31": "0.56000", "2012-09-30": "1.13000", "2012-06-30": "0.89000", "2012-03-31": "0.22000", "2011-12-31": "0.37000", "2011-09-30": "1.10000", "2011-06-30": "0.68000", "2011-03-31": "0.42000", "2010-12-31": "0.44000", "2010-09-30": "0.88000", "2010-06-30": "0.53000", "2010-03-31": "0.28000", "2009-12-31": "0.41000", "2009-09-30": "0.58000", "2009-06-30": "0.40000", "2009-03-31": "0.25000", "2008-12-31": "-7.64000", "2008-09-30": "0.80000", "2008-06-30": "0.55000", "2008-03-31": "0.24000", "2007-12-31": "0.58000", "2007-09-30": "0.65000", "2007-06-30": "0.53000", "2007-03-31": "0.46000", "2006-12-31": "0.48000", "2006-09-30": "0.46000", "2006-06-30": "0.37000", "2006-03-31": "0.14000", "2005-12-31": "", "2005-09-30": "0.60000", "2005-06-30": "0.44000"}, "EPS - Earnings Per Share": {"2020-09-30": "0.47000", "2020-06-30": "-1.92000", "2020-03-31": "-1.54000", "2019-12-31": "1.84000", "2019-09-30": "1.47000", "2019-06-30": "1.32000", "2019-03-31": "0.85000", "2018-12-31": "1.17000", "2018-09-30": "1.49000", "2018-06-30": "3.77000", "2018-03-31": "0.34000", "2017-12-31": "4.01000", "2017-09-30": "2.57000", "2017-06-30": "0.81000", "2017-03-31": "0.85000", "2016-12-31": "1.51000", "2016-09-30": "1.78000", "2016-06-30": "1.39000", "2016-03-31": "0.84000", "2015-12-31": "1.20000", "2015-09-30": "1.61000", "2015-06-30": "1.33000", "2015-03-31": "1.00000", "2014-12-31": "0.65000", "2014-09-30": "1.64000", "2014-06-30": "1.20000", "2014-03-31": "0.69000", "2013-12-31": "0.64000", "2013-09-30": "1.40000", "2013-06-30": "0.98000", "2013-03-31": "0.19000", "2012-12-31": "0.55000", "2012-09-30": "1.11000", "2012-06-30": "0.88000", "2012-03-31": "0.21000", "2011-12-31": "0.35000", "2011-09-30": "1.08000", "2011-06-30": "0.67000", "2011-03-31": "0.41000", "2010-12-31": "0.43000", "2010-09-30": "0.84000", "2010-06-30": "0.51000", "2010-03-31": "0.27000", "2009-12-31": "0.40000", "2009-09-30": "0.57000", "2009-06-30": "0.39000", "2009-03-31": "0.25000", "2008-12-31": "-7.64000", "2008-09-30": "0.80000", "2008-06-30": "0.55000", "2008-03-31": "0.24000", "2007-12-31": "0.58000", "2007-09-30": "0.65000", "2007-06-30": "0.52000", "2007-03-31": "0.45000", "2006-12-31": "0.48000", "2006-09-30": "0.45000", "2006-06-30": "0.37000", "2006-03-31": "0.14000", "2005-12-31": "0.00000", "2005-09-30": "0.60000", "2005-06-30": "0.44000"}}, "balance sheet": {"Cash On Hand": {"2019-12-31": "502.00000", "2018-12-31": "373.00000", "2017-12-31": "219.00000", "2016-12-31": "113.00000", "2015-12-31": "171.00000", "2014-12-31": "183.00000", "2013-12-31": "194.00000", "2012-12-31": "195.00000", "2011-12-31": "142.00000", "2010-12-31": "156.00000", "2009-12-31": "155.00000", "2008-12-31": "136.00000", "2007-12-31": "210.00000", "2006-12-31": "269.00000", "2005-12-31": "99.00000"}, "Receivables": {"2019-12-31": "3264.00000", "2018-12-31": "3158.00000", "2017-12-31": "3096.00000", "2016-12-31": "638.00000", "2015-12-31": "858.00000", "2014-12-31": "801.00000", "2013-12-31": "810.00000", "2012-12-31": "760.00000", "2011-12-31": "706.00000", "2010-12-31": "720.00000", "2009-12-31": "693.00000", "2008-12-31": "751.00000", "2007-12-31": "749.00000", "2006-12-31": "686.00000", "2005-12-31": "610.00000"}, "Inventory": {"2019-12-31": "1199.00000", "2018-12-31": "1224.00000", "2017-12-31": "1249.00000", "2016-12-31": "310.00000", "2015-12-31": "295.00000", "2014-12-31": "302.00000", "2013-12-31": "346.00000", "2012-12-31": "379.00000", "2011-12-31": "351.00000", "2010-12-31": "348.00000", "2009-12-31": "354.00000", "2008-12-31": "414.00000", "2007-12-31": "586.00000", "2006-12-31": "520.00000", "2005-12-31": "446.00000"}, "Pre-Paid Expenses": {"2019-12-31": "221.00000", "2018-12-31": "153.00000", "2017-12-31": "118.00000", "2016-12-31": "131.00000", "2015-12-31": "153.00000", "2014-12-31": "147.00000", "2013-12-31": "153.00000", "2012-12-31": "122.00000", "2011-12-31": "121.00000", "2010-12-31": "104.00000", "2009-12-31": "116.00000", "2008-12-31": "151.00000", "2007-12-31": "160.00000", "2006-12-31": "168.00000", "2005-12-31": "95.00000"}, "Other Current Assets": {"2019-12-31": "", "2018-12-31": "", "2017-12-31": "", "2016-12-31": "620.00000", "2015-12-31": "266.00000", "2014-12-31": "320.00000", "2013-12-31": "329.00000", "2012-12-31": "253.00000", "2011-12-31": "257.00000", "2010-12-31": "245.00000", "2009-12-31": "233.00000", "2008-12-31": "314.00000", "2007-12-31": "250.00000", "2006-12-31": "304.00000", "2005-12-31": "1234.00000"}, "Total Current Assets": {"2019-12-31": "5186.00000", "2018-12-31": "4908.00000", "2017-12-31": "4682.00000", "2016-12-31": "1812.00000", "2015-12-31": "1743.00000", "2014-12-31": "1867.00000", "2013-12-31": "1940.00000", "2012-12-31": "1866.00000", "2011-12-31": "1730.00000", "2010-12-31": "1752.00000", "2009-12-31": "1740.00000", "2008-12-31": "1914.00000", "2007-12-31": "2056.00000", "2006-12-31": "2052.00000", "2005-12-31": "2568.00000"}, "Property, Plant, And Equipment": {"2019-12-31": "680.00000", "2018-12-31": "712.00000", "2017-12-31": "822.00000", "2016-12-31": "1028.00000", "2015-12-31": "1399.00000", "2014-12-31": "1500.00000", "2013-12-31": "1555.00000", "2012-12-31": "1292.00000", "2011-12-31": "1117.00000", "2010-12-31": "1041.00000", "2009-12-31": "953.00000", "2008-12-31": "1038.00000", "2007-12-31": "1009.00000", "2006-12-31": "916.00000", "2005-12-31": "718.00000"}, "Long-Term Investments": {"2019-12-31": "", "2018-12-31": "", "2017-12-31": "", "2016-12-31": "", "2015-12-31": "", "2014-12-31": "", "2013-12-31": "", "2012-12-31": "", "2011-12-31": "", "2010-12-31": "", "2009-12-31": "", "2008-12-31": "", "2007-12-31": "", "2006-12-31": "", "2005-12-31": ""}, "Goodwill And Intangible Assets": {"2019-12-31": "1113.00000", "2018-12-31": "1031.00000", "2017-12-31": "1054.00000", "2016-12-31": "2239.00000", "2015-12-31": "2686.00000", "2014-12-31": "2665.00000", "2013-12-31": "2742.00000", "2012-12-31": "2755.00000", "2011-12-31": "2610.00000", "2010-12-31": "2652.00000", "2009-12-31": "2437.00000", "2008-12-31": "2430.00000", "2007-12-31": "3759.00000", "2006-12-31": "3737.00000", "2005-12-31": "3637.00000"}, "Other Long-Term Assets": {"2019-12-31": "474.00000", "2018-12-31": "507.00000", "2017-12-31": "328.00000", "2016-12-31": "1190.00000", "2015-12-31": "361.00000", "2014-12-31": "381.00000", "2013-12-31": "379.00000", "2012-12-31": "281.00000", "2011-12-31": "256.00000", "2010-12-31": "451.00000", "2009-12-31": "477.00000", "2008-12-31": "323.00000", "2007-12-31": "332.00000", "2006-12-31": "258.00000", "2005-12-31": "219.00000"}, "Total Long-Term Assets": {"2019-12-31": "2267.00000", "2018-12-31": "2250.00000", "2017-12-31": "5768.00000", "2016-12-31": "8007.00000", "2015-12-31": "7848.00000", "2014-12-31": "7812.00000", "2013-12-31": "7801.00000", "2012-12-31": "7597.00000", "2011-12-31": "7293.00000", "2010-12-31": "7664.00000", "2009-12-31": "7612.00000", "2008-12-31": "7659.00000", "2007-12-31": "8403.00000", "2006-12-31": "7468.00000", "2005-12-31": "6599.00000"}, "Total Assets": {"2019-12-31": "7453.00000", "2018-12-31": "7158.00000", "2017-12-31": "10450.00000", "2016-12-31": "9819.00000", "2015-12-31": "9591.00000", "2014-12-31": "9679.00000", "2013-12-31": "9741.00000", "2012-12-31": "9463.00000", "2011-12-31": "9023.00000", "2010-12-31": "9416.00000", "2009-12-31": "9352.00000", "2008-12-31": "9573.00000", "2007-12-31": "10459.00000", "2006-12-31": "9520.00000", "2005-12-31": "9167.00000"}, "Total Current Liabilities": {"2019-12-31": "1587.00000", "2018-12-31": "1588.00000", "2017-12-31": "1638.00000", "2016-12-31": "2032.00000", "2015-12-31": "1957.00000", "2014-12-31": "1859.00000", "2013-12-31": "1790.00000", "2012-12-31": "1931.00000", "2011-12-31": "1563.00000", "2010-12-31": "1575.00000", "2009-12-31": "1885.00000", "2008-12-31": "2169.00000", "2007-12-31": "2180.00000", "2006-12-31": "1977.00000", "2005-12-31": "1295.00000"}, "Long Term Debt": {"2019-12-31": "5575.00000", "2018-12-31": "5238.00000", "2017-12-31": "6006.00000", "2016-12-31": "5224.00000", "2015-12-31": "4928.00000", "2014-12-31": "4792.00000", "2013-12-31": "4608.00000", "2012-12-31": "4018.00000", "2011-12-31": "3773.00000", "2010-12-31": "3510.00000", "2009-12-31": "3138.00000", "2008-12-31": "3331.00000", "2007-12-31": "3195.00000", "2006-12-31": "2607.00000", "2005-12-31": "1687.00000"}, "Other Non-Current Liabilities": {"2019-12-31": "", "2018-12-31": "165.00000", "2017-12-31": "", "2016-12-31": "484.00000", "2015-12-31": "401.00000", "2014-12-31": "370.00000", "2013-12-31": "353.00000", "2012-12-31": "235.00000", "2011-12-31": "208.00000", "2010-12-31": "187.00000", "2009-12-31": "237.00000", "2008-12-31": "454.00000", "2007-12-31": "379.00000", "2006-12-31": "326.00000", "2005-12-31": "67.00000"}, "Total Long Term Liabilities": {"2019-12-31": "6390.00000", "2018-12-31": "6139.00000", "2017-12-31": "8038.00000", "2016-12-31": "7069.00000", "2015-12-31": "6681.00000", "2014-12-31": "6563.00000", "2013-12-31": "6326.00000", "2012-12-31": "5601.00000", "2011-12-31": "5228.00000", "2010-12-31": "4924.00000", "2009-12-31": "4779.00000", "2008-12-31": "5062.00000", "2007-12-31": "4763.00000", "2006-12-31": "3984.00000", "2005-12-31": "2839.00000"}, "Total Liabilities": {"2019-12-31": "7977.00000", "2018-12-31": "7727.00000", "2017-12-31": "9676.00000", "2016-12-31": "9101.00000", "2015-12-31": "8638.00000", "2014-12-31": "8422.00000", "2013-12-31": "8116.00000", "2012-12-31": "7532.00000", "2011-12-31": "6791.00000", "2010-12-31": "6499.00000", "2009-12-31": "6664.00000", "2008-12-31": "7231.00000", "2007-12-31": "6943.00000", "2006-12-31": "5961.00000", "2005-12-31": "4134.00000"}, "Common Stock Net": {"2019-12-31": "2.00000", "2018-12-31": "2.00000", "2017-12-31": "2.00000", "2016-12-31": "2.00000", "2015-12-31": "2.00000", "2014-12-31": "2.00000", "2013-12-31": "2.00000", "2012-12-31": "2.00000", "2011-12-31": "2.00000", "2010-12-31": "2.00000", "2009-12-31": "2.00000", "2008-12-31": "2.00000", "2007-12-31": "2.00000", "2006-12-31": "2.00000", "2005-12-31": ""}, "Retained Earnings (Accumulated Deficit)": {"2019-12-31": "1785.00000", "2018-12-31": "1442.00000", "2017-12-31": "2501.00000", "2016-12-31": "1977.00000", "2015-12-31": "1592.00000", "2014-12-31": "1183.00000", "2013-12-31": "832.00000", "2012-12-31": "558.00000", "2011-12-31": "293.00000", "2010-12-31": "-25.00000", "2009-12-31": "-315.00000", "2008-12-31": "-578.00000", "2007-12-31": "525.00000", "2006-12-31": "156.00000", "2005-12-31": ""}, "Comprehensive Income": {"2019-12-31": "-52.00000", "2018-12-31": "-52.00000", "2017-12-31": "-11.00000", "2016-12-31": "-113.00000", "2015-12-31": "-74.00000", "2014-12-31": "24.00000", "2013-12-31": "122.00000", "2012-12-31": "151.00000", "2011-12-31": "128.00000", "2010-12-31": "155.00000", "2009-12-31": "138.00000", "2008-12-31": "98.00000", "2007-12-31": "194.00000", "2006-12-31": "184.00000", "2005-12-31": "108.00000"}, "Other Share Holders Equity": {"2019-12-31": "", "2018-12-31": "", "2017-12-31": "", "2016-12-31": "", "2015-12-31": "", "2014-12-31": "", "2013-12-31": "", "2012-12-31": "", "2011-12-31": "", "2010-12-31": "", "2009-12-31": "", "2008-12-31": "", "2007-12-31": "", "2006-12-31": "", "2005-12-31": "4925.00000"}, "Share Holder Equity": {"2019-12-31": "-524.00000", "2018-12-31": "-569.00000", "2017-12-31": "774.00000", "2016-12-31": "718.00000", "2015-12-31": "953.00000", "2014-12-31": "1257.00000", "2013-12-31": "1625.00000", "2012-12-31": "1931.00000", "2011-12-31": "2232.00000", "2010-12-31": "2917.00000", "2009-12-31": "2688.00000", "2008-12-31": "2342.00000", "2007-12-31": "3516.00000", "2006-12-31": "3559.00000", "2005-12-31": "5033.00000"}, "Total Liabilities And Share Holders Equity": {"2019-12-31": "7453.00000", "2018-12-31": "7158.00000", "2017-12-31": "10450.00000", "2016-12-31": "9819.00000", "2015-12-31": "9591.00000", "2014-12-31": "9679.00000", "2013-12-31": "9741.00000", "2012-12-31": "9463.00000", "2011-12-31": "9023.00000", "2010-12-31": "9416.00000", "2009-12-31": "9352.00000", "2008-12-31": "9573.00000", "2007-12-31": "10459.00000", "2006-12-31": "9520.00000", "2005-12-31": "9167.00000"}}, "balance sheet, quarterly": {"Cash On Hand": {"2020-09-30": "1398.00000", "2020-06-30": "1186.00000", "2020-03-31": "1171.00000", "2019-12-31": "502.00000", "2019-09-30": "398.00000", "2019-06-30": "409.00000", "2019-03-31": "403.00000", "2018-12-31": "373.00000", "2018-09-30": "164.00000", "2018-06-30": "155.00000", "2018-03-31": "291.00000", "2017-12-31": "219.00000", "2017-09-30": "289.00000", "2017-06-30": "415.00000", "2017-03-31": "222.00000", "2016-12-31": "113.00000", "2016-09-30": "332.00000", "2016-06-30": "478.00000", "2016-03-31": "318.00000", "2015-12-31": "171.00000", "2015-09-30": "259.00000", "2015-06-30": "410.00000", "2015-03-31": "180.00000", "2014-12-31": "183.00000", "2014-09-30": "252.00000", "2014-06-30": "247.00000", "2014-03-31": "203.00000", "2013-12-31": "194.00000", "2013-09-30": "269.00000", "2013-06-30": "342.00000", "2013-03-31": "217.00000", "2012-12-31": "195.00000", "2012-09-30": "232.00000", "2012-06-30": "286.00000", "2012-03-31": "239.00000", "2011-12-31": "142.00000", "2011-09-30": "175.00000", "2011-06-30": "296.00000", "2011-03-31": "174.00000", "2010-12-31": "156.00000", "2010-09-30": "170.00000", "2010-06-30": "239.00000", "2010-03-31": "163.00000", "2009-12-31": "155.00000", "2009-09-30": "170.00000", "2009-06-30": "174.00000", "2009-03-31": "135.00000", "2008-12-31": "136.00000", "2008-09-30": "228.00000", "2008-06-30": "240.00000", "2008-03-31": "229.00000", "2007-12-31": "210.00000", "2007-09-30": "231.00000", "2007-06-30": "251.00000", "2007-03-31": "174.00000", "2006-12-31": "269.00000", "2006-09-30": "160.00000", "2006-06-30": "148.00000", "2006-03-31": "", "2005-12-31": "", "2005-09-30": "", "2005-06-30": ""}, "Receivables": {"2020-09-30": "2643.00000", "2020-06-30": "2745.00000", "2020-03-31": "2929.00000", "2019-12-31": "3264.00000", "2019-09-30": "3255.00000", "2019-06-30": "3188.00000", "2019-03-31": "3157.00000", "2018-12-31": "3158.00000", "2018-09-30": "3186.00000", "2018-06-30": "3110.00000", "2018-03-31": "718.00000", "2017-12-31": "3096.00000", "2017-09-30": "843.00000", "2017-06-30": "855.00000", "2017-03-31": "1102.00000", "2016-12-31": "638.00000", "2016-09-30": "806.00000", "2016-06-30": "840.00000", "2016-03-31": "1080.00000", "2015-12-31": "858.00000", "2015-09-30": "759.00000", "2015-06-30": "791.00000", "2015-03-31": "998.00000", "2014-12-31": "801.00000", "2014-09-30": "751.00000", "2014-06-30": "789.00000", "2014-03-31": "1042.00000", "2013-12-31": "810.00000", "2013-09-30": "737.00000", "2013-06-30": "763.00000", "2013-03-31": "932.00000", "2012-12-31": "760.00000", "2012-09-30": "696.00000", "2012-06-30": "688.00000", "2012-03-31": "879.00000", "2011-12-31": "706.00000", "2011-09-30": "660.00000", "2011-06-30": "687.00000", "2011-03-31": "919.00000", "2010-12-31": "720.00000", "2010-09-30": "634.00000", "2010-06-30": "640.00000", "2010-03-31": "838.00000", "2009-12-31": "693.00000", "2009-09-30": "669.00000", "2009-06-30": "688.00000", "2009-03-31": "841.00000", "2008-12-31": "751.00000", "2008-09-30": "707.00000", "2008-06-30": "770.00000", "2008-03-31": "886.00000", "2007-12-31": "749.00000", "2007-09-30": "705.00000", "2007-06-30": "708.00000", "2007-03-31": "818.00000", "2006-12-31": "686.00000", "2006-09-30": "635.00000", "2006-06-30": "636.00000", "2006-03-31": "", "2005-12-31": "", "2005-09-30": "", "2005-06-30": ""}, "Inventory": {"2020-09-30": "1331.00000", "2020-06-30": "1278.00000", "2020-03-31": "1218.00000", "2019-12-31": "1199.00000", "2019-09-30": "1209.00000", "2019-06-30": "1216.00000", "2019-03-31": "1213.00000", "2018-12-31": "1224.00000", "2018-09-30": "1197.00000", "2018-06-30": "1243.00000", "2018-03-31": "337.00000", "2017-12-31": "1249.00000", "2017-09-30": "317.00000", "2017-06-30": "315.00000", "2017-03-31": "324.00000", "2016-12-31": "310.00000", "2016-09-30": "287.00000", "2016-06-30": "286.00000", "2016-03-31": "293.00000", "2015-12-31": "295.00000", "2015-09-30": "273.00000", "2015-06-30": "285.00000", "2015-03-31": "292.00000", "2014-12-31": "302.00000", "2014-09-30": "306.00000", "2014-06-30": "322.00000", "2014-03-31": "336.00000", "2013-12-31": "346.00000", "2013-09-30": "327.00000", "2013-06-30": "330.00000", "2013-03-31": "365.00000", "2012-12-31": "379.00000", "2012-09-30": "372.00000", "2012-06-30": "363.00000", "2012-03-31": "362.00000", "2011-12-31": "351.00000", "2011-09-30": "337.00000", "2011-06-30": "344.00000", "2011-03-31": "345.00000", "2010-12-31": "348.00000", "2010-09-30": "336.00000", "2010-06-30": "343.00000", "2010-03-31": "330.00000", "2009-12-31": "354.00000", "2009-09-30": "360.00000", "2009-06-30": "391.00000", "2009-03-31": "392.00000", "2008-12-31": "414.00000", "2008-09-30": "495.00000", "2008-06-30": "618.00000", "2008-03-31": "588.00000", "2007-12-31": "586.00000", "2007-09-30": "554.00000", "2007-06-30": "614.00000", "2007-03-31": "543.00000", "2006-12-31": "520.00000", "2006-09-30": "550.00000", "2006-06-30": "503.00000", "2006-03-31": "", "2005-12-31": "", "2005-09-30": "", "2005-06-30": ""}, "Pre-Paid Expenses": {"2020-09-30": "202.00000", "2020-06-30": "216.00000", "2020-03-31": "221.00000", "2019-12-31": "221.00000", "2019-09-30": "198.00000", "2019-06-30": "195.00000", "2019-03-31": "175.00000", "2018-12-31": "153.00000", "2018-09-30": "129.00000", "2018-06-30": "157.00000", "2018-03-31": "186.00000", "2017-12-31": "118.00000", "2017-09-30": "161.00000", "2017-06-30": "187.00000", "2017-03-31": "188.00000", "2016-12-31": "131.00000", "2016-09-30": "153.00000", "2016-06-30": "183.00000", "2016-03-31": "177.00000", "2015-12-31": "153.00000", "2015-09-30": "141.00000", "2015-06-30": "172.00000", "2015-03-31": "175.00000", "2014-12-31": "147.00000", "2014-09-30": "143.00000", "2014-06-30": "167.00000", "2014-03-31": "157.00000", "2013-12-31": "153.00000", "2013-09-30": "136.00000", "2013-06-30": "156.00000", "2013-03-31": "145.00000", "2012-12-31": "122.00000", "2012-09-30": "107.00000", "2012-06-30": "116.00000", "2012-03-31": "133.00000", "2011-12-31": "121.00000", "2011-09-30": "104.00000", "2011-06-30": "118.00000", "2011-03-31": "116.00000", "2010-12-31": "104.00000", "2010-09-30": "102.00000", "2010-06-30": "117.00000", "2010-03-31": "118.00000", "2009-12-31": "116.00000", "2009-09-30": "127.00000", "2009-06-30": "152.00000", "2009-03-31": "154.00000", "2008-12-31": "151.00000", "2008-09-30": "158.00000", "2008-06-30": "181.00000", "2008-03-31": "177.00000", "2007-12-31": "160.00000", "2007-09-30": "150.00000", "2007-06-30": "164.00000", "2007-03-31": "180.00000", "2006-12-31": "168.00000", "2006-09-30": "158.00000", "2006-06-30": "", "2006-03-31": "", "2005-12-31": "", "2005-09-30": "", "2005-06-30": ""}, "Other Current Assets": {"2020-09-30": "", "2020-06-30": "", "2020-03-31": "", "2019-12-31": "", "2019-09-30": "", "2019-06-30": "", "2019-03-31": "", "2018-12-31": "", "2018-09-30": "", "2018-06-30": "", "2018-03-31": "2150.00000", "2017-12-31": "", "2017-09-30": "429.00000", "2017-06-30": "486.00000", "2017-03-31": "466.00000", "2016-12-31": "620.00000", "2016-09-30": "265.00000", "2016-06-30": "340.00000", "2016-03-31": "337.00000", "2015-12-31": "266.00000", "2015-09-30": "290.00000", "2015-06-30": "386.00000", "2015-03-31": "347.00000", "2014-12-31": "320.00000", "2014-09-30": "293.00000", "2014-06-30": "436.00000", "2014-03-31": "399.00000", "2013-12-31": "329.00000", "2013-09-30": "298.00000", "2013-06-30": "386.00000", "2013-03-31": "330.00000", "2012-12-31": "253.00000", "2012-09-30": "262.00000", "2012-06-30": "306.00000", "2012-03-31": "343.00000", "2011-12-31": "257.00000", "2011-09-30": "230.00000", "2011-06-30": "286.00000", "2011-03-31": "286.00000", "2010-12-31": "245.00000", "2010-09-30": "216.00000", "2010-06-30": "233.00000", "2010-03-31": "239.00000", "2009-12-31": "233.00000", "2009-09-30": "278.00000", "2009-06-30": "295.00000", "2009-03-31": "280.00000", "2008-12-31": "314.00000", "2008-09-30": "305.00000", "2008-06-30": "406.00000", "2008-03-31": "286.00000", "2007-12-31": "250.00000", "2007-09-30": "277.00000", "2007-06-30": "339.00000", "2007-03-31": "263.00000", "2006-12-31": "304.00000", "2006-09-30": "311.00000", "2006-06-30": "1562.00000", "2006-03-31": "", "2005-12-31": "", "2005-09-30": "", "2005-06-30": ""}, "Total Current Assets": {"2020-09-30": "5574.00000", "2020-06-30": "5425.00000", "2020-03-31": "5539.00000", "2019-12-31": "5186.00000", "2019-09-30": "5060.00000", "2019-06-30": "5008.00000", "2019-03-31": "4948.00000", "2018-12-31": "4908.00000", "2018-09-30": "4676.00000", "2018-06-30": "4665.00000", "2018-03-31": "3682.00000", "2017-12-31": "4682.00000", "2017-09-30": "2039.00000", "2017-06-30": "2258.00000", "2017-03-31": "2302.00000", "2016-12-31": "1812.00000", "2016-09-30": "1843.00000", "2016-06-30": "2127.00000", "2016-03-31": "2349.00000", "2015-12-31": "1743.00000", "2015-09-30": "1843.00000", "2015-06-30": "2164.00000", "2015-03-31": "2107.00000", "2014-12-31": "1867.00000", "2014-09-30": "1842.00000", "2014-06-30": "2054.00000", "2014-03-31": "2239.00000", "2013-12-31": "1940.00000", "2013-09-30": "1864.00000", "2013-06-30": "2095.00000", "2013-03-31": "2141.00000", "2012-12-31": "1866.00000", "2012-09-30": "1829.00000", "2012-06-30": "1935.00000", "2012-03-31": "2115.00000", "2011-12-31": "1730.00000", "2011-09-30": "1674.00000", "2011-06-30": "1903.00000", "2011-03-31": "1993.00000", "2010-12-31": "1752.00000", "2010-09-30": "1602.00000", "2010-06-30": "1728.00000", "2010-03-31": "1876.00000", "2009-12-31": "1740.00000", "2009-09-30": "1699.00000", "2009-06-30": "1802.00000", "2009-03-31": "1924.00000", "2008-12-31": "1914.00000", "2008-09-30": "1990.00000", "2008-06-30": "2310.00000", "2008-03-31": "2281.00000", "2007-12-31": "2056.00000", "2007-09-30": "2010.00000", "2007-06-30": "2166.00000", "2007-03-31": "2074.00000", "2006-12-31": "2052.00000", "2006-09-30": "1942.00000", "2006-06-30": "2922.00000", "2006-03-31": "", "2005-12-31": "", "2005-09-30": "", "2005-06-30": ""}, "Property, Plant, And Equipment": {"2020-09-30": "679.00000", "2020-06-30": "670.00000", "2020-03-31": "682.00000", "2019-12-31": "680.00000", "2019-09-30": "723.00000", "2019-06-30": "715.00000", "2019-03-31": "720.00000", "2018-12-31": "712.00000", "2018-09-30": "775.00000", "2018-06-30": "764.00000", "2018-03-31": "1112.00000", "2017-12-31": "822.00000", "2017-09-30": "1358.00000", "2017-06-30": "1368.00000", "2017-03-31": "1360.00000", "2016-12-31": "1028.00000", "2016-09-30": "1358.00000", "2016-06-30": "1361.00000", "2016-03-31": "1403.00000", "2015-12-31": "1399.00000", "2015-09-30": "1402.00000", "2015-06-30": "1427.00000", "2015-03-31": "1443.00000", "2014-12-31": "1500.00000", "2014-09-30": "1522.00000", "2014-06-30": "1553.00000", "2014-03-31": "1554.00000", "2013-12-31": "1555.00000", "2013-09-30": "1513.00000", "2013-06-30": "1491.00000", "2013-03-31": "1470.00000", "2012-12-31": "1292.00000", "2012-09-30": "1166.00000", "2012-06-30": "1121.00000", "2012-03-31": "1128.00000", "2011-12-31": "1117.00000", "2011-09-30": "1088.00000", "2011-06-30": "1106.00000", "2011-03-31": "1073.00000", "2010-12-31": "1041.00000", "2010-09-30": "942.00000", "2010-06-30": "887.00000", "2010-03-31": "929.00000", "2009-12-31": "953.00000", "2009-09-30": "1014.00000", "2009-06-30": "1018.00000", "2009-03-31": "1006.00000", "2008-12-31": "1038.00000", "2008-09-30": "1026.00000", "2008-06-30": "1071.00000", "2008-03-31": "1062.00000", "2007-12-31": "1009.00000", "2007-09-30": "978.00000", "2007-06-30": "947.00000", "2007-03-31": "936.00000", "2006-12-31": "916.00000", "2006-09-30": "834.00000", "2006-06-30": "791.00000", "2006-03-31": "", "2005-12-31": "", "2005-09-30": "", "2005-06-30": ""}, "Long-Term Investments": {"2020-09-30": "", "2020-06-30": "", "2020-03-31": "", "2019-12-31": "", "2019-09-30": "", "2019-06-30": "", "2019-03-31": "", "2018-12-31": "", "2018-09-30": "", "2018-06-30": "", "2018-03-31": "", "2017-12-31": "", "2017-09-30": "", "2017-06-30": "", "2017-03-31": "", "2016-12-31": "", "2016-09-30": "", "2016-06-30": "", "2016-03-31": "", "2015-12-31": "", "2015-09-30": "", "2015-06-30": "", "2015-03-31": "", "2014-12-31": "", "2014-09-30": "", "2014-06-30": "", "2014-03-31": "", "2013-12-31": "", "2013-09-30": "", "2013-06-30": "", "2013-03-31": "", "2012-12-31": "", "2012-09-30": "", "2012-06-30": "", "2012-03-31": "", "2011-12-31": "", "2011-09-30": "", "2011-06-30": "", "2011-03-31": "", "2010-12-31": "", "2010-09-30": "", "2010-06-30": "", "2010-03-31": "", "2009-12-31": "", "2009-09-30": "", "2009-06-30": "", "2009-03-31": "", "2008-12-31": "", "2008-09-30": "", "2008-06-30": "", "2008-03-31": "", "2007-12-31": "", "2007-09-30": "", "2007-06-30": "", "2007-03-31": "", "2006-12-31": "", "2006-09-30": "", "2006-06-30": "", "2006-03-31": "", "2005-12-31": "", "2005-09-30": "", "2005-06-30": ""}, "Goodwill And Intangible Assets": {"2020-09-30": "1090.00000", "2020-06-30": "1096.00000", "2020-03-31": "1097.00000", "2019-12-31": "1113.00000", "2019-09-30": "1108.00000", "2019-06-30": "1027.00000", "2019-03-31": "1031.00000", "2018-12-31": "1031.00000", "2018-09-30": "1082.00000", "2018-06-30": "1086.00000", "2018-03-31": "2415.00000", "2017-12-31": "1054.00000", "2017-09-30": "2823.00000", "2017-06-30": "2761.00000", "2017-03-31": "2738.00000", "2016-12-31": "2239.00000", "2016-09-30": "2653.00000", "2016-06-30": "2643.00000", "2016-03-31": "2679.00000", "2015-12-31": "2686.00000", "2015-09-30": "2713.00000", "2015-06-30": "2729.00000", "2015-03-31": "2692.00000", "2014-12-31": "2665.00000", "2014-09-30": "2695.00000", "2014-06-30": "2742.00000", "2014-03-31": "2742.00000", "2013-12-31": "2742.00000", "2013-09-30": "2745.00000", "2013-06-30": "2722.00000", "2013-03-31": "2732.00000", "2012-12-31": "2755.00000", "2012-09-30": "2725.00000", "2012-06-30": "2594.00000", "2012-03-31": "2622.00000", "2011-12-31": "2610.00000", "2011-09-30": "2648.00000", "2011-06-30": "2666.00000", "2011-03-31": "2665.00000", "2010-12-31": "2652.00000", "2010-09-30": "2577.00000", "2010-06-30": "2501.00000", "2010-03-31": "2491.00000", "2009-12-31": "2437.00000", "2009-09-30": "2447.00000", "2009-06-30": "2446.00000", "2009-03-31": "2408.00000", "2008-12-31": "2430.00000", "2008-09-30": "3861.00000", "2008-06-30": "3744.00000", "2008-03-31": "3734.00000", "2007-12-31": "3759.00000", "2007-09-30": "3763.00000", "2007-06-30": "3748.00000", "2007-03-31": "3741.00000", "2006-12-31": "3737.00000", "2006-09-30": "3728.00000", "2006-06-30": "3712.00000", "2006-03-31": "", "2005-12-31": "", "2005-09-30": "", "2005-06-30": ""}, "Other Long-Term Assets": {"2020-09-30": "479.00000", "2020-06-30": "406.00000", "2020-03-31": "458.00000", "2019-12-31": "474.00000", "2019-09-30": "672.00000", "2019-06-30": "716.00000", "2019-03-31": "671.00000", "2018-12-31": "507.00000", "2018-09-30": "599.00000", "2018-06-30": "560.00000", "2018-03-31": "394.00000", "2017-12-31": "328.00000", "2017-09-30": "418.00000", "2017-06-30": "416.00000", "2017-03-31": "407.00000", "2016-12-31": "1190.00000", "2016-09-30": "366.00000", "2016-06-30": "361.00000", "2016-03-31": "343.00000", "2015-12-31": "361.00000", "2015-09-30": "360.00000", "2015-06-30": "361.00000", "2015-03-31": "401.00000", "2014-12-31": "381.00000", "2014-09-30": "384.00000", "2014-06-30": "388.00000", "2014-03-31": "386.00000", "2013-12-31": "379.00000", "2013-09-30": "410.00000", "2013-06-30": "400.00000", "2013-03-31": "370.00000", "2012-12-31": "281.00000", "2012-09-30": "320.00000", "2012-06-30": "255.00000", "2012-03-31": "275.00000", "2011-12-31": "256.00000", "2011-09-30": "273.00000", "2011-06-30": "276.00000", "2011-03-31": "302.00000", "2010-12-31": "451.00000", "2010-09-30": "463.00000", "2010-06-30": "479.00000", "2010-03-31": "585.00000", "2009-12-31": "477.00000", "2009-09-30": "435.00000", "2009-06-30": "374.00000", "2009-03-31": "323.00000", "2008-12-31": "323.00000", "2008-09-30": "303.00000", "2008-06-30": "295.00000", "2008-03-31": "361.00000", "2007-12-31": "332.00000", "2007-09-30": "328.00000", "2007-06-30": "302.00000", "2007-03-31": "273.00000", "2006-12-31": "258.00000", "2006-09-30": "279.00000", "2006-06-30": "237.00000", "2006-03-31": "", "2005-12-31": "", "2005-09-30": "", "2005-06-30": ""}, "Total Long-Term Assets": {"2020-09-30": "2248.00000", "2020-06-30": "2172.00000", "2020-03-31": "2237.00000", "2019-12-31": "2267.00000", "2019-09-30": "2503.00000", "2019-06-30": "2458.00000", "2019-03-31": "2422.00000", "2018-12-31": "2250.00000", "2018-09-30": "2456.00000", "2018-06-30": "2410.00000", "2018-03-31": "7417.00000", "2017-12-31": "5768.00000", "2017-09-30": "8222.00000", "2017-06-30": "8090.00000", "2017-03-31": "8041.00000", "2016-12-31": "8007.00000", "2016-09-30": "7900.00000", "2016-06-30": "7815.00000", "2016-03-31": "7816.00000", "2015-12-31": "7848.00000", "2015-09-30": "7864.00000", "2015-06-30": "7860.00000", "2015-03-31": "7791.00000", "2014-12-31": "7812.00000", "2014-09-30": "7715.00000", "2014-06-30": "7803.00000", "2014-03-31": "7783.00000", "2013-12-31": "7801.00000", "2013-09-30": "7802.00000", "2013-06-30": "7754.00000", "2013-03-31": "7751.00000", "2012-12-31": "7597.00000", "2012-09-30": "7526.00000", "2012-06-30": "7179.00000", "2012-03-31": "7257.00000", "2011-12-31": "7293.00000", "2011-09-30": "7348.00000", "2011-06-30": "7426.00000", "2011-03-31": "7464.00000", "2010-12-31": "7664.00000", "2010-09-30": "7611.00000", "2010-06-30": "7491.00000", "2010-03-31": "7709.00000", "2009-12-31": "7612.00000", "2009-09-30": "7643.00000", "2009-06-30": "7577.00000", "2009-03-31": "7520.00000", "2008-12-31": "7659.00000", "2008-09-30": "9007.00000", "2008-06-30": "8629.00000", "2008-03-31": "8541.00000", "2007-12-31": "8403.00000", "2007-09-30": "8190.00000", "2007-06-30": "7828.00000", "2007-03-31": "7700.00000", "2006-12-31": "7468.00000", "2006-09-30": "7176.00000", "2006-06-30": "6927.00000", "2006-03-31": "", "2005-12-31": "", "2005-09-30": "", "2005-06-30": ""}, "Total Assets": {"2020-09-30": "7822.00000", "2020-06-30": "7597.00000", "2020-03-31": "7776.00000", "2019-12-31": "7453.00000", "2019-09-30": "7563.00000", "2019-06-30": "7466.00000", "2019-03-31": "7370.00000", "2018-12-31": "7158.00000", "2018-09-30": "7132.00000", "2018-06-30": "7075.00000", "2018-03-31": "11099.00000", "2017-12-31": "10450.00000", "2017-09-30": "10261.00000", "2017-06-30": "10348.00000", "2017-03-31": "10343.00000", "2016-12-31": "9819.00000", "2016-09-30": "9743.00000", "2016-06-30": "9942.00000", "2016-03-31": "10165.00000", "2015-12-31": "9591.00000", "2015-09-30": "9707.00000", "2015-06-30": "10024.00000", "2015-03-31": "9898.00000", "2014-12-31": "9679.00000", "2014-09-30": "9557.00000", "2014-06-30": "9857.00000", "2014-03-31": "10022.00000", "2013-12-31": "9741.00000", "2013-09-30": "9666.00000", "2013-06-30": "9849.00000", "2013-03-31": "9892.00000", "2012-12-31": "9463.00000", "2012-09-30": "9355.00000", "2012-06-30": "9114.00000", "2012-03-31": "9372.00000", "2011-12-31": "9023.00000", "2011-09-30": "9022.00000", "2011-06-30": "9329.00000", "2011-03-31": "9457.00000", "2010-12-31": "9416.00000", "2010-09-30": "9213.00000", "2010-06-30": "9219.00000", "2010-03-31": "9585.00000", "2009-12-31": "9352.00000", "2009-09-30": "9342.00000", "2009-06-30": "9379.00000", "2009-03-31": "9444.00000", "2008-12-31": "9573.00000", "2008-09-30": "10997.00000", "2008-06-30": "10939.00000", "2008-03-31": "10822.00000", "2007-12-31": "10459.00000", "2007-09-30": "10200.00000", "2007-06-30": "9994.00000", "2007-03-31": "9774.00000", "2006-12-31": "9520.00000", "2006-09-30": "9118.00000", "2006-06-30": "9849.00000", "2006-03-31": "0.00000", "2005-12-31": "0.00000", "2005-09-30": "0.00000", "2005-06-30": "0.00000"}, "Total Current Liabilities": {"2020-09-30": "1491.00000", "2020-06-30": "1502.00000", "2020-03-31": "1509.00000", "2019-12-31": "1587.00000", "2019-09-30": "4151.00000", "2019-06-30": "3958.00000", "2019-03-31": "4127.00000", "2018-12-31": "1588.00000", "2018-09-30": "1773.00000", "2018-06-30": "1820.00000", "2018-03-31": "3099.00000", "2017-12-31": "1638.00000", "2017-09-30": "2121.00000", "2017-06-30": "2384.00000", "2017-03-31": "2349.00000", "2016-12-31": "2032.00000", "2016-09-30": "1931.00000", "2016-06-30": "2188.00000", "2016-03-31": "2256.00000", "2015-12-31": "1957.00000", "2015-09-30": "1901.00000", "2015-06-30": "2163.00000", "2015-03-31": "2086.00000", "2014-12-31": "1859.00000", "2014-09-30": "1811.00000", "2014-06-30": "2167.00000", "2014-03-31": "2135.00000", "2013-12-31": "1790.00000", "2013-09-30": "1680.00000", "2013-06-30": "1978.00000", "2013-03-31": "2089.00000", "2012-12-31": "1931.00000", "2012-09-30": "1608.00000", "2012-06-30": "1702.00000", "2012-03-31": "1765.00000", "2011-12-31": "1563.00000", "2011-09-30": "1536.00000", "2011-06-30": "1750.00000", "2011-03-31": "1775.00000", "2010-12-31": "1575.00000", "2010-09-30": "1521.00000", "2010-06-30": "1852.00000", "2010-03-31": "1909.00000", "2009-12-31": "1885.00000", "2009-09-30": "1822.00000", "2009-06-30": "2018.00000", "2009-03-31": "2194.00000", "2008-12-31": "2169.00000", "2008-09-30": "2307.00000", "2008-06-30": "2463.00000", "2008-03-31": "2461.00000", "2007-12-31": "2180.00000", "2007-09-30": "2257.00000", "2007-06-30": "2183.00000", "2007-03-31": "2145.00000", "2006-12-31": "1977.00000", "2006-09-30": "2047.00000", "2006-06-30": "1791.00000", "2006-03-31": "", "2005-12-31": "", "2005-09-30": "", "2005-06-30": ""}, "Long Term Debt": {"2020-09-30": "6641.00000", "2020-06-30": "6411.00000", "2020-03-31": "6394.00000", "2019-12-31": "5575.00000", "2019-09-30": "3047.00000", "2019-06-30": "3058.00000", "2019-03-31": "2837.00000", "2018-12-31": "5238.00000", "2018-09-30": "5159.00000", "2018-06-30": "5074.00000", "2018-03-31": "5972.00000", "2017-12-31": "6006.00000", "2017-09-30": "5667.00000", "2017-06-30": "5534.00000", "2017-03-31": "5482.00000", "2016-12-31": "5224.00000", "2016-09-30": "5216.00000", "2016-06-30": "5162.00000", "2016-03-31": "5180.00000", "2015-12-31": "4928.00000", "2015-09-30": "4929.00000", "2015-06-30": "4983.00000", "2015-03-31": "4942.00000", "2014-12-31": "4792.00000", "2014-09-30": "4622.00000", "2014-06-30": "4476.00000", "2014-03-31": "4621.00000", "2013-12-31": "4608.00000", "2013-09-30": "4590.00000", "2013-06-30": "4520.00000", "2013-03-31": "4473.00000", "2012-12-31": "4018.00000", "2012-09-30": "4181.00000", "2012-06-30": "3918.00000", "2012-03-31": "4020.00000", "2011-12-31": "3773.00000", "2011-09-30": "3613.00000", "2011-06-30": "3499.00000", "2011-03-31": "3557.00000", "2010-12-31": "3510.00000", "2010-09-30": "3397.00000", "2010-06-30": "3061.00000", "2010-03-31": "3337.00000", "2009-12-31": "3138.00000", "2009-09-30": "3126.00000", "2009-06-30": "3101.00000", "2009-03-31": "3176.00000", "2008-12-31": "3331.00000", "2008-09-30": "3307.00000", "2008-06-30": "3203.00000", "2008-03-31": "3210.00000", "2007-12-31": "3195.00000", "2007-09-30": "3007.00000", "2007-06-30": "3034.00000", "2007-03-31": "2778.00000", "2006-12-31": "2607.00000", "2006-09-30": "2146.00000", "2006-06-30": "1772.00000", "2006-03-31": "", "2005-12-31": "", "2005-09-30": "", "2005-06-30": ""}, "Other Non-Current Liabilities": {"2020-09-30": "", "2020-06-30": "", "2020-03-31": "", "2019-12-31": "", "2019-09-30": "163.00000", "2019-06-30": "249.00000", "2019-03-31": "241.00000", "2018-12-31": "165.00000", "2018-09-30": "", "2018-06-30": "", "2018-03-31": "293.00000", "2017-12-31": "", "2017-09-30": "371.00000", "2017-06-30": "387.00000", "2017-03-31": "349.00000", "2016-12-31": "484.00000", "2016-09-30": "393.00000", "2016-06-30": "412.00000", "2016-03-31": "385.00000", "2015-12-31": "401.00000", "2015-09-30": "407.00000", "2015-06-30": "368.00000", "2015-03-31": "368.00000", "2014-12-31": "370.00000", "2014-09-30": "327.00000", "2014-06-30": "332.00000", "2014-03-31": "348.00000", "2013-12-31": "353.00000", "2013-09-30": "381.00000", "2013-06-30": "385.00000", "2013-03-31": "261.00000", "2012-12-31": "235.00000", "2012-09-30": "239.00000", "2012-06-30": "201.00000", "2012-03-31": "200.00000", "2011-12-31": "208.00000", "2011-09-30": "191.00000", "2011-06-30": "189.00000", "2011-03-31": "191.00000", "2010-12-31": "187.00000", "2010-09-30": "205.00000", "2010-06-30": "228.00000", "2010-03-31": "238.00000", "2009-12-31": "237.00000", "2009-09-30": "457.00000", "2009-06-30": "453.00000", "2009-03-31": "466.00000", "2008-12-31": "454.00000", "2008-09-30": "395.00000", "2008-06-30": "377.00000", "2008-03-31": "406.00000", "2007-12-31": "379.00000", "2007-09-30": "364.00000", "2007-06-30": "346.00000", "2007-03-31": "361.00000", "2006-12-31": "326.00000", "2006-09-30": "310.00000", "2006-06-30": "67.00000", "2006-03-31": "", "2005-12-31": "", "2005-09-30": "", "2005-06-30": ""}, "Total Long Term Liabilities": {"2020-09-30": "7324.00000", "2020-06-30": "7145.00000", "2020-03-31": "7158.00000", "2019-12-31": "6390.00000", "2019-09-30": "3982.00000", "2019-06-30": "4068.00000", "2019-03-31": "3827.00000", "2018-12-31": "6139.00000", "2018-09-30": "5868.00000", "2018-06-30": "5775.00000", "2018-03-31": "7350.00000", "2017-12-31": "8038.00000", "2017-09-30": "7510.00000", "2017-06-30": "7372.00000", "2017-03-31": "7328.00000", "2016-12-31": "7069.00000", "2016-09-30": "7015.00000", "2016-06-30": "6973.00000", "2016-03-31": "7069.00000", "2015-12-31": "6681.00000", "2015-09-30": "6787.00000", "2015-06-30": "6792.00000", "2015-03-31": "6728.00000", "2014-12-31": "6563.00000", "2014-09-30": "6335.00000", "2014-06-30": "6203.00000", "2014-03-31": "6363.00000", "2013-12-31": "6326.00000", "2013-09-30": "6304.00000", "2013-06-30": "6229.00000", "2013-03-31": "6059.00000", "2012-12-31": "5601.00000", "2012-09-30": "5728.00000", "2012-06-30": "5416.00000", "2012-03-31": "5483.00000", "2011-12-31": "5228.00000", "2011-09-30": "5067.00000", "2011-06-30": "4965.00000", "2011-03-31": "4975.00000", "2010-12-31": "4924.00000", "2010-09-30": "4781.00000", "2010-06-30": "4657.00000", "2010-03-31": "4975.00000", "2009-12-31": "4779.00000", "2009-09-30": "4893.00000", "2009-06-30": "4851.00000", "2009-03-31": "4871.00000", "2008-12-31": "5062.00000", "2008-09-30": "4937.00000", "2008-06-30": "4829.00000", "2008-03-31": "4824.00000", "2007-12-31": "4763.00000", "2007-09-30": "4535.00000", "2007-06-30": "4511.00000", "2007-03-31": "4213.00000", "2006-12-31": "3984.00000", "2006-09-30": "3459.00000", "2006-06-30": "2918.00000", "2006-03-31": "", "2005-12-31": "", "2005-09-30": "", "2005-06-30": ""}, "Total Liabilities": {"2020-09-30": "8815.00000", "2020-06-30": "8647.00000", "2020-03-31": "8667.00000", "2019-12-31": "7977.00000", "2019-09-30": "8133.00000", "2019-06-30": "8026.00000", "2019-03-31": "7954.00000", "2018-12-31": "7727.00000", "2018-09-30": "7641.00000", "2018-06-30": "7595.00000", "2018-03-31": "10449.00000", "2017-12-31": "9676.00000", "2017-09-30": "9631.00000", "2017-06-30": "9756.00000", "2017-03-31": "9677.00000", "2016-12-31": "9101.00000", "2016-09-30": "8946.00000", "2016-06-30": "9161.00000", "2016-03-31": "9325.00000", "2015-12-31": "8638.00000", "2015-09-30": "8688.00000", "2015-06-30": "8955.00000", "2015-03-31": "8814.00000", "2014-12-31": "8422.00000", "2014-09-30": "8146.00000", "2014-06-30": "8370.00000", "2014-03-31": "8498.00000", "2013-12-31": "8116.00000", "2013-09-30": "7984.00000", "2013-06-30": "8207.00000", "2013-03-31": "8148.00000", "2012-12-31": "7532.00000", "2012-09-30": "7336.00000", "2012-06-30": "7118.00000", "2012-03-31": "7248.00000", "2011-12-31": "6791.00000", "2011-09-30": "6603.00000", "2011-06-30": "6715.00000", "2011-03-31": "6750.00000", "2010-12-31": "6499.00000", "2010-09-30": "6302.00000", "2010-06-30": "6509.00000", "2010-03-31": "6884.00000", "2009-12-31": "6664.00000", "2009-09-30": "6715.00000", "2009-06-30": "6869.00000", "2009-03-31": "7065.00000", "2008-12-31": "7231.00000", "2008-09-30": "7244.00000", "2008-06-30": "7292.00000", "2008-03-31": "7285.00000", "2007-12-31": "6943.00000", "2007-09-30": "6792.00000", "2007-06-30": "6694.00000", "2007-03-31": "6358.00000", "2006-12-31": "5961.00000", "2006-09-30": "5506.00000", "2006-06-30": "4709.00000", "2006-03-31": "", "2005-12-31": "", "2005-09-30": "", "2005-06-30": ""}, "Common Stock Net": {"2020-09-30": "2.00000", "2020-06-30": "2.00000", "2020-03-31": "2.00000", "2019-12-31": "2.00000", "2019-09-30": "2.00000", "2019-06-30": "2.00000", "2019-03-31": "2.00000", "2018-12-31": "2.00000", "2018-09-30": "2.00000", "2018-06-30": "2.00000", "2018-03-31": "2.00000", "2017-12-31": "2.00000", "2017-09-30": "2.00000", "2017-06-30": "2.00000", "2017-03-31": "2.00000", "2016-12-31": "2.00000", "2016-09-30": "2.00000", "2016-06-30": "2.00000", "2016-03-31": "2.00000", "2015-12-31": "2.00000", "2015-09-30": "2.00000", "2015-06-30": "2.00000", "2015-03-31": "2.00000", "2014-12-31": "2.00000", "2014-09-30": "2.00000", "2014-06-30": "2.00000", "2014-03-31": "2.00000", "2013-12-31": "2.00000", "2013-09-30": "2.00000", "2013-06-30": "2.00000", "2013-03-31": "2.00000", "2012-12-31": "2.00000", "2012-09-30": "2.00000", "2012-06-30": "2.00000", "2012-03-31": "2.00000", "2011-12-31": "2.00000", "2011-09-30": "2.00000", "2011-06-30": "2.00000", "2011-03-31": "2.00000", "2010-12-31": "2.00000", "2010-09-30": "2.00000", "2010-06-30": "2.00000", "2010-03-31": "2.00000", "2009-12-31": "2.00000", "2009-09-30": "2.00000", "2009-06-30": "2.00000", "2009-03-31": "2.00000", "2008-12-31": "2.00000", "2008-09-30": "2.00000", "2008-06-30": "2.00000", "2008-03-31": "2.00000", "2007-12-31": "2.00000", "2007-09-30": "2.00000", "2007-06-30": "2.00000", "2007-03-31": "2.00000", "2006-12-31": "2.00000", "2006-09-30": "2.00000", "2006-06-30": "", "2006-03-31": "", "2005-12-31": "", "2005-09-30": "", "2005-06-30": ""}, "Retained Earnings (Accumulated Deficit)": {"2020-09-30": "1414.00000", "2020-06-30": "1399.00000", "2020-03-31": "1607.00000", "2019-12-31": "1785.00000", "2019-09-30": "1651.00000", "2019-06-30": "1558.00000", "2019-03-31": "1480.00000", "2018-12-31": "1442.00000", "2018-09-30": "1384.00000", "2018-06-30": "1285.00000", "2018-03-31": "2449.00000", "2017-12-31": "2501.00000", "2017-09-30": "2219.00000", "2017-06-30": "2077.00000", "2017-03-31": "2060.00000", "2016-12-31": "1977.00000", "2016-09-30": "1866.00000", "2016-06-30": "1726.00000", "2016-03-31": "1628.00000", "2015-12-31": "1592.00000", "2015-09-30": "1501.00000", "2015-06-30": "1361.00000", "2015-03-31": "1252.00000", "2014-12-31": "1183.00000", "2014-09-30": "1146.00000", "2014-06-30": "984.00000", "2014-03-31": "877.00000", "2013-12-31": "832.00000", "2013-09-30": "785.00000", "2013-06-30": "637.00000", "2013-03-31": "544.00000", "2012-12-31": "558.00000", "2012-09-30": "510.00000", "2012-06-30": "384.00000", "2012-03-31": "290.00000", "2011-12-31": "293.00000", "2011-09-30": "260.00000", "2011-06-30": "109.00000", "2011-03-31": "21.00000", "2010-12-31": "-25.00000", "2010-09-30": "-82.00000", "2010-06-30": "-215.00000", "2010-03-31": "-287.00000", "2009-12-31": "-315.00000", "2009-09-30": "-380.00000", "2009-06-30": "-477.00000", "2009-03-31": "-540.00000", "2008-12-31": "-578.00000", "2008-09-30": "785.00000", "2008-06-30": "651.00000", "2008-03-31": "560.00000", "2007-12-31": "525.00000", "2007-09-30": "427.00000", "2007-06-30": "318.00000", "2007-03-31": "222.00000", "2006-12-31": "156.00000", "2006-09-30": "63.00000", "2006-06-30": "", "2006-03-31": "", "2005-12-31": "", "2005-09-30": "", "2005-06-30": ""}, "Comprehensive Income": {"2020-09-30": "-56.00000", "2020-06-30": "-77.00000", "2020-03-31": "-117.00000", "2019-12-31": "-52.00000", "2019-09-30": "-77.00000", "2019-06-30": "-51.00000", "2019-03-31": "-50.00000", "2018-12-31": "-52.00000", "2018-09-30": "-31.00000", "2018-06-30": "-26.00000", "2018-03-31": "3.00000", "2017-12-31": "-11.00000", "2017-09-30": "-9.00000", "2017-06-30": "-39.00000", "2017-03-31": "-84.00000", "2016-12-31": "-113.00000", "2016-09-30": "-56.00000", "2016-06-30": "-66.00000", "2016-03-31": "-38.00000", "2015-12-31": "-74.00000", "2015-09-30": "-67.00000", "2015-06-30": "-32.00000", "2015-03-31": "-60.00000", "2014-12-31": "24.00000", "2014-09-30": "57.00000", "2014-06-30": "145.00000", "2014-03-31": "134.00000", "2013-12-31": "122.00000", "2013-09-30": "124.00000", "2013-06-30": "86.00000", "2013-03-31": "120.00000", "2012-12-31": "151.00000", "2012-09-30": "144.00000", "2012-06-30": "124.00000", "2012-03-31": "168.00000", "2011-12-31": "128.00000", "2011-09-30": "133.00000", "2011-06-30": "185.00000", "2011-03-31": "173.00000", "2010-12-31": "155.00000", "2010-09-30": "149.00000", "2010-06-30": "105.00000", "2010-03-31": "129.00000", "2009-12-31": "138.00000", "2009-09-30": "150.00000", "2009-06-30": "140.00000", "2009-03-31": "93.00000", "2008-12-31": "98.00000", "2008-09-30": "160.00000", "2008-06-30": "200.00000", "2008-03-31": "182.00000", "2007-12-31": "194.00000", "2007-09-30": "197.00000", "2007-06-30": "195.00000", "2007-03-31": "185.00000", "2006-12-31": "184.00000", "2006-09-30": "174.00000", "2006-06-30": "125.00000", "2006-03-31": "", "2005-12-31": "", "2005-09-30": "", "2005-06-30": ""}, "Other Share Holders Equity": {"2020-09-30": "", "2020-06-30": "", "2020-03-31": "", "2019-12-31": "", "2019-09-30": "", "2019-06-30": "", "2019-03-31": "", "2018-12-31": "", "2018-09-30": "", "2018-06-30": "", "2018-03-31": "", "2017-12-31": "", "2017-09-30": "", "2017-06-30": "", "2017-03-31": "", "2016-12-31": "", "2016-09-30": "", "2016-06-30": "", "2016-03-31": "", "2015-12-31": "", "2015-09-30": "", "2015-06-30": "", "2015-03-31": "", "2014-12-31": "", "2014-09-30": "", "2014-06-30": "", "2014-03-31": "", "2013-12-31": "", "2013-09-30": "", "2013-06-30": "", "2013-03-31": "", "2012-12-31": "", "2012-09-30": "", "2012-06-30": "", "2012-03-31": "", "2011-12-31": "", "2011-09-30": "", "2011-06-30": "", "2011-03-31": "", "2010-12-31": "", "2010-09-30": "", "2010-06-30": "", "2010-03-31": "", "2009-12-31": "", "2009-09-30": "", "2009-06-30": "", "2009-03-31": "", "2008-12-31": "", "2008-09-30": "", "2008-06-30": "", "2008-03-31": "", "2007-12-31": "", "2007-09-30": "", "2007-06-30": "", "2007-03-31": "", "2006-12-31": "", "2006-09-30": "", "2006-06-30": "5015.00000", "2006-03-31": "", "2005-12-31": "", "2005-09-30": "", "2005-06-30": ""}, "Share Holder Equity": {"2020-09-30": "-993.00000", "2020-06-30": "-1050.00000", "2020-03-31": "-891.00000", "2019-12-31": "-524.00000", "2019-09-30": "-570.00000", "2019-06-30": "-560.00000", "2019-03-31": "-584.00000", "2018-12-31": "-569.00000", "2018-09-30": "-509.00000", "2018-06-30": "-520.00000", "2018-03-31": "650.00000", "2017-12-31": "774.00000", "2017-09-30": "630.00000", "2017-06-30": "592.00000", "2017-03-31": "666.00000", "2016-12-31": "718.00000", "2016-09-30": "797.00000", "2016-06-30": "781.00000", "2016-03-31": "840.00000", "2015-12-31": "953.00000", "2015-09-30": "1019.00000", "2015-06-30": "1069.00000", "2015-03-31": "1084.00000", "2014-12-31": "1257.00000", "2014-09-30": "1411.00000", "2014-06-30": "1487.00000", "2014-03-31": "1524.00000", "2013-12-31": "1625.00000", "2013-09-30": "1682.00000", "2013-06-30": "1642.00000", "2013-03-31": "1744.00000", "2012-12-31": "1931.00000", "2012-09-30": "2019.00000", "2012-06-30": "1996.00000", "2012-03-31": "2124.00000", "2011-12-31": "2232.00000", "2011-09-30": "2419.00000", "2011-06-30": "2614.00000", "2011-03-31": "2707.00000", "2010-12-31": "2917.00000", "2010-09-30": "2911.00000", "2010-06-30": "2710.00000", "2010-03-31": "2701.00000", "2009-12-31": "2688.00000", "2009-09-30": "2627.00000", "2009-06-30": "2510.00000", "2009-03-31": "2379.00000", "2008-12-31": "2342.00000", "2008-09-30": "3753.00000", "2008-06-30": "3647.00000", "2008-03-31": "3537.00000", "2007-12-31": "3516.00000", "2007-09-30": "3408.00000", "2007-06-30": "3300.00000", "2007-03-31": "3416.00000", "2006-12-31": "3559.00000", "2006-09-30": "3612.00000", "2006-06-30": "5140.00000", "2006-03-31": "", "2005-12-31": "", "2005-09-30": "", "2005-06-30": ""}, "Total Liabilities And Share Holders Equity": {"2020-09-30": "7822.00000", "2020-06-30": "7597.00000", "2020-03-31": "7776.00000", "2019-12-31": "7453.00000", "2019-09-30": "7563.00000", "2019-06-30": "7466.00000", "2019-03-31": "7370.00000", "2018-12-31": "7158.00000", "2018-09-30": "7132.00000", "2018-06-30": "7075.00000", "2018-03-31": "11099.00000", "2017-12-31": "10450.00000", "2017-09-30": "10261.00000", "2017-06-30": "10348.00000", "2017-03-31": "10343.00000", "2016-12-31": "9819.00000", "2016-09-30": "9743.00000", "2016-06-30": "9942.00000", "2016-03-31": "10165.00000", "2015-12-31": "9591.00000", "2015-09-30": "9707.00000", "2015-06-30": "10024.00000", "2015-03-31": "9898.00000", "2014-12-31": "9679.00000", "2014-09-30": "9557.00000", "2014-06-30": "9857.00000", "2014-03-31": "10022.00000", "2013-12-31": "9741.00000", "2013-09-30": "9666.00000", "2013-06-30": "9849.00000", "2013-03-31": "9892.00000", "2012-12-31": "9463.00000", "2012-09-30": "9355.00000", "2012-06-30": "9114.00000", "2012-03-31": "9372.00000", "2011-12-31": "9023.00000", "2011-09-30": "9022.00000", "2011-06-30": "9329.00000", "2011-03-31": "9457.00000", "2010-12-31": "9416.00000", "2010-09-30": "9213.00000", "2010-06-30": "9219.00000", "2010-03-31": "9585.00000", "2009-12-31": "9352.00000", "2009-09-30": "9342.00000", "2009-06-30": "9379.00000", "2009-03-31": "9444.00000", "2008-12-31": "9573.00000", "2008-09-30": "10997.00000", "2008-06-30": "10939.00000", "2008-03-31": "10822.00000", "2007-12-31": "10459.00000", "2007-09-30": "10200.00000", "2007-06-30": "9994.00000", "2007-03-31": "9774.00000", "2006-12-31": "9520.00000", "2006-09-30": "9118.00000", "2006-06-30": "9849.00000", "2006-03-31": "", "2005-12-31": "", "2005-09-30": "", "2005-06-30": ""}}, "cash flow statement": {"Net Income/Loss": {"2019-12-31": "507.00000", "2018-12-31": "672.00000", "2017-12-31": "855.00000", "2016-12-31": "612.00000", "2015-12-31": "612.00000", "2014-12-31": "529.00000", "2013-12-31": "433.00000", "2012-12-31": "399.00000", "2011-12-31": "417.00000", "2010-12-31": "379.00000", "2009-12-31": "293.00000", "2008-12-31": "-1074.00000", "2007-12-31": "403.00000", "2006-12-31": "287.00000", "2005-12-31": "431.00000"}, "Total Depreciation And Amortization - Cash Flow": {"2019-12-31": "121.00000", "2018-12-31": "138.00000", "2017-12-31": "136.00000", "2016-12-31": "127.00000", "2015-12-31": "187.00000", "2014-12-31": "233.00000", "2013-12-31": "216.00000", "2012-12-31": "185.00000", "2011-12-31": "178.00000", "2010-12-31": "173.00000", "2009-12-31": "178.00000", "2008-12-31": "184.00000", "2007-12-31": "166.00000", "2006-12-31": "148.00000", "2005-12-31": "131.00000"}, "Other Non-Cash Items": {"2019-12-31": "583.00000", "2018-12-31": "476.00000", "2017-12-31": "586.00000", "2016-12-31": "758.00000", "2015-12-31": "418.00000", "2014-12-31": "388.00000", "2013-12-31": "591.00000", "2012-12-31": "616.00000", "2011-12-31": "529.00000", "2010-12-31": "519.00000", "2009-12-31": "657.00000", "2008-12-31": "2056.00000", "2007-12-31": "486.00000", "2006-12-31": "449.00000", "2005-12-31": "364.00000"}, "Total Non-Cash Items": {"2019-12-31": "704.00000", "2018-12-31": "614.00000", "2017-12-31": "722.00000", "2016-12-31": "885.00000", "2015-12-31": "605.00000", "2014-12-31": "621.00000", "2013-12-31": "807.00000", "2012-12-31": "801.00000", "2011-12-31": "707.00000", "2010-12-31": "692.00000", "2009-12-31": "835.00000", "2008-12-31": "2240.00000", "2007-12-31": "652.00000", "2006-12-31": "597.00000", "2005-12-31": "495.00000"}, "Change In Accounts Receivable": {"2019-12-31": "-15.00000", "2018-12-31": "-27.00000", "2017-12-31": "7.00000", "2016-12-31": "1.00000", "2015-12-31": "-24.00000", "2014-12-31": "-29.00000", "2013-12-31": "-63.00000", "2012-12-31": "-19.00000", "2011-12-31": "20.00000", "2010-12-31": "14.00000", "2009-12-31": "92.00000", "2008-12-31": "3.00000", "2007-12-31": "-17.00000", "2006-12-31": "-35.00000", "2005-12-31": "-40.00000"}, "Change In Inventories": {"2019-12-31": "13.00000", "2018-12-31": "-27.00000", "2017-12-31": "-71.00000", "2016-12-31": "-26.00000", "2015-12-31": "-25.00000", "2014-12-31": "-17.00000", "2013-12-31": "32.00000", "2012-12-31": "95.00000", "2011-12-31": "79.00000", "2010-12-31": "54.00000", "2009-12-31": "-9.00000", "2008-12-31": "-147.00000", "2007-12-31": "-322.00000", "2006-12-31": "-280.00000", "2005-12-31": "-21.00000"}, "Change In Accounts Payable": {"2019-12-31": "", "2018-12-31": "", "2017-12-31": "", "2016-12-31": "", "2015-12-31": "", "2014-12-31": "", "2013-12-31": "", "2012-12-31": "", "2011-12-31": "", "2010-12-31": "", "2009-12-31": "", "2008-12-31": "", "2007-12-31": "", "2006-12-31": "", "2005-12-31": ""}, "Change In Assets/Liabilities": {"2019-12-31": "-606.00000", "2018-12-31": "-644.00000", "2017-12-31": "-521.00000", "2016-12-31": "-415.00000", "2015-12-31": "-258.00000", "2014-12-31": "-198.00000", "2013-12-31": "-247.00000", "2012-12-31": "-304.00000", "2011-12-31": "-252.00000", "2010-12-31": "-455.00000", "2009-12-31": "-492.00000", "2008-12-31": "-744.00000", "2007-12-31": "-828.00000", "2006-12-31": "-692.00000", "2005-12-31": "-463.00000"}, "Total Change In Assets/Liabilities": {"2019-12-31": "-759.00000", "2018-12-31": "-844.00000", "2017-12-31": "-591.00000", "2016-12-31": "-510.00000", "2015-12-31": "-227.00000", "2014-12-31": "-160.00000", "2013-12-31": "-232.00000", "2012-12-31": "-210.00000", "2011-12-31": "-112.00000", "2010-12-31": "-439.00000", "2009-12-31": "-463.00000", "2008-12-31": "-1012.00000", "2007-12-31": "-1021.00000", "2006-12-31": "-730.00000", "2005-12-31": "-457.00000"}, "Cash Flow From Operating Activities": {"2019-12-31": "452.00000", "2018-12-31": "442.00000", "2017-12-31": "986.00000", "2016-12-31": "963.00000", "2015-12-31": "991.00000", "2014-12-31": "984.00000", "2013-12-31": "1008.00000", "2012-12-31": "1004.00000", "2011-12-31": "1003.00000", "2010-12-31": "635.00000", "2009-12-31": "689.00000", "2008-12-31": "109.00000", "2007-12-31": "10.00000", "2006-12-31": "165.00000", "2005-12-31": "492.00000"}, "Net Change In Property, Plant, And Equipment": {"2019-12-31": "-108.00000", "2018-12-31": "-99.00000", "2017-12-31": "-107.00000", "2016-12-31": "-117.00000", "2015-12-31": "-189.00000", "2014-12-31": "-235.00000", "2013-12-31": "-238.00000", "2012-12-31": "-208.00000", "2011-12-31": "-239.00000", "2010-12-31": "-167.00000", "2009-12-31": "-135.00000", "2008-12-31": "-187.00000", "2007-12-31": "-194.00000", "2006-12-31": "-191.00000", "2005-12-31": "-134.00000"}, "Net Change In Intangible Assets": {"2019-12-31": "", "2018-12-31": "", "2017-12-31": "", "2016-12-31": "", "2015-12-31": "", "2014-12-31": "", "2013-12-31": "", "2012-12-31": "", "2011-12-31": "", "2010-12-31": "", "2009-12-31": "", "2008-12-31": "", "2007-12-31": "", "2006-12-31": "", "2005-12-31": ""}, "Net Acquisitions/Divestitures": {"2019-12-31": "55.00000", "2018-12-31": "-4.00000", "2017-12-31": "-48.00000", "2016-12-31": "-21.00000", "2015-12-31": "-74.00000", "2014-12-31": "-23.00000", "2013-12-31": "-123.00000", "2012-12-31": "-263.00000", "2011-12-31": "-27.00000", "2010-12-31": "-236.00000", "2009-12-31": "", "2008-12-31": "-135.00000", "2007-12-31": "-16.00000", "2006-12-31": "-105.00000", "2005-12-31": "-154.00000"}, "Net Change In Short-term Investments": {"2019-12-31": "", "2018-12-31": "", "2017-12-31": "", "2016-12-31": "", "2015-12-31": "", "2014-12-31": "", "2013-12-31": "", "2012-12-31": "", "2011-12-31": "", "2010-12-31": "", "2009-12-31": "", "2008-12-31": "", "2007-12-31": "", "2006-12-31": "", "2005-12-31": ""}, "Net Change In Long-Term Investments": {"2019-12-31": "", "2018-12-31": "", "2017-12-31": "", "2016-12-31": "", "2015-12-31": "-5.00000", "2014-12-31": "-8.00000", "2013-12-31": "-3.00000", "2012-12-31": "-42.00000", "2011-12-31": "-12.00000", "2010-12-31": "", "2009-12-31": "-13.00000", "2008-12-31": "-18.00000", "2007-12-31": "-50.00000", "2006-12-31": "-24.00000", "2005-12-31": "-4.00000"}, "Net Change In Investments - Total": {"2019-12-31": "", "2018-12-31": "", "2017-12-31": "", "2016-12-31": "", "2015-12-31": "-5.00000", "2014-12-31": "-8.00000", "2013-12-31": "-3.00000", "2012-12-31": "-42.00000", "2011-12-31": "-12.00000", "2010-12-31": "", "2009-12-31": "-13.00000", "2008-12-31": "-18.00000", "2007-12-31": "-50.00000", "2006-12-31": "-24.00000", "2005-12-31": "-4.00000"}, "Investing Activities - Other": {"2019-12-31": "-13.00000", "2018-12-31": "-622.00000", "2017-12-31": "-207.00000", "2016-12-31": "-208.00000", "2015-12-31": "-34.00000", "2014-12-31": "-10.00000", "2013-12-31": "-37.00000", "2012-12-31": "-6.00000", "2011-12-31": "22.00000", "2010-12-31": "-15.00000", "2009-12-31": "39.00000", "2008-12-31": "21.00000", "2007-12-31": "5.00000", "2006-12-31": "-151.00000", "2005-12-31": "-404.00000"}, "Cash Flow From Investing Activities": {"2019-12-31": "-66.00000", "2018-12-31": "-725.00000", "2017-12-31": "-362.00000", "2016-12-31": "-346.00000", "2015-12-31": "-302.00000", "2014-12-31": "-276.00000", "2013-12-31": "-401.00000", "2012-12-31": "-519.00000", "2011-12-31": "-256.00000", "2010-12-31": "-418.00000", "2009-12-31": "-109.00000", "2008-12-31": "-319.00000", "2007-12-31": "-255.00000", "2006-12-31": "-471.00000", "2005-12-31": "-696.00000"}, "Net Long-Term Debt": {"2019-12-31": "-30.00000", "2018-12-31": "-53.00000", "2017-12-31": "285.00000", "2016-12-31": "6.00000", "2015-12-31": "-90.00000", "2014-12-31": "209.00000", "2013-12-31": "-57.00000", "2012-12-31": "-127.00000", "2011-12-31": "-20.00000", "2010-12-31": "-419.00000", "2009-12-31": "-934.00000", "2008-12-31": "231.00000", "2007-12-31": "682.00000", "2006-12-31": "1373.00000", "2005-12-31": "285.00000"}, "Net Current Debt": {"2019-12-31": "343.00000", "2018-12-31": "-637.00000", "2017-12-31": "114.00000", "2016-12-31": "316.00000", "2015-12-31": "269.00000", "2014-12-31": "-21.00000", "2013-12-31": "144.00000", "2012-12-31": "457.00000", "2011-12-31": "245.00000", "2010-12-31": "494.00000", "2009-12-31": "460.00000", "2008-12-31": "", "2007-12-31": "", "2006-12-31": "", "2005-12-31": ""}, "Debt Issuance/Retirement Net - Total": {"2019-12-31": "313.00000", "2018-12-31": "-690.00000", "2017-12-31": "399.00000", "2016-12-31": "322.00000", "2015-12-31": "179.00000", "2014-12-31": "188.00000", "2013-12-31": "87.00000", "2012-12-31": "330.00000", "2011-12-31": "225.00000", "2010-12-31": "75.00000", "2009-12-31": "-474.00000", "2008-12-31": "231.00000", "2007-12-31": "682.00000", "2006-12-31": "1373.00000", "2005-12-31": "285.00000"}, "Net Common Equity Issued/Repurchased": {"2019-12-31": "-329.00000", "2018-12-31": "-330.00000", "2017-12-31": "-599.00000", "2016-12-31": "-619.00000", "2015-12-31": "-658.00000", "2014-12-31": "-646.00000", "2013-12-31": "-593.00000", "2012-12-31": "-618.00000", "2011-12-31": "-994.00000", "2010-12-31": "-293.00000", "2009-12-31": "11.00000", "2008-12-31": "-10.00000", "2007-12-31": "-501.00000", "2006-12-31": "-316.00000", "2005-12-31": ""}, "Net Total Equity Issued/Repurchased": {"2019-12-31": "-329.00000", "2018-12-31": "-330.00000", "2017-12-31": "-599.00000", "2016-12-31": "-619.00000", "2015-12-31": "-658.00000", "2014-12-31": "-646.00000", "2013-12-31": "-593.00000", "2012-12-31": "-618.00000", "2011-12-31": "-994.00000", "2010-12-31": "-293.00000", "2009-12-31": "11.00000", "2008-12-31": "-10.00000", "2007-12-31": "-501.00000", "2006-12-31": "-316.00000", "2005-12-31": ""}, "Total Common And Preferred Stock Dividends Paid": {"2019-12-31": "-166.00000", "2018-12-31": "-194.00000", "2017-12-31": "-242.00000", "2016-12-31": "-223.00000", "2015-12-31": "-202.00000", "2014-12-31": "-179.00000", "2013-12-31": "-156.00000", "2012-12-31": "-134.00000", "2011-12-31": "-99.00000", "2010-12-31": "-86.00000", "2009-12-31": "-29.00000", "2008-12-31": "-28.00000", "2007-12-31": "-14.00000", "2006-12-31": "-1360.00000", "2005-12-31": "-59.00000"}, "Financial Activities - Other": {"2019-12-31": "-107.00000", "2018-12-31": "1494.00000", "2017-12-31": "-116.00000", "2016-12-31": "-66.00000", "2015-12-31": "6.00000", "2014-12-31": "-64.00000", "2013-12-31": "57.00000", "2012-12-31": "-9.00000", "2011-12-31": "115.00000", "2010-12-31": "85.00000", "2009-12-31": "-69.00000", "2008-12-31": "-27.00000", "2007-12-31": "10.00000", "2006-12-31": "776.00000", "2005-12-31": "-5.00000"}, "Cash Flow From Financial Activities": {"2019-12-31": "-289.00000", "2018-12-31": "280.00000", "2017-12-31": "-558.00000", "2016-12-31": "-586.00000", "2015-12-31": "-675.00000", "2014-12-31": "-701.00000", "2013-12-31": "-605.00000", "2012-12-31": "-431.00000", "2011-12-31": "-753.00000", "2010-12-31": "-219.00000", "2009-12-31": "-561.00000", "2008-12-31": "166.00000", "2007-12-31": "177.00000", "2006-12-31": "473.00000", "2005-12-31": "221.00000"}, "Net Cash Flow": {"2019-12-31": "98.00000", "2018-12-31": "-12.00000", "2017-12-31": "83.00000", "2016-12-31": "11.00000", "2015-12-31": "-12.00000", "2014-12-31": "-11.00000", "2013-12-31": "-1.00000", "2012-12-31": "53.00000", "2011-12-31": "-14.00000", "2010-12-31": "1.00000", "2009-12-31": "19.00000", "2008-12-31": "-74.00000", "2007-12-31": "-59.00000", "2006-12-31": "170.00000", "2005-12-31": "5.00000"}, "Stock-Based Compensation": {"2019-12-31": "24.00000", "2018-12-31": "129.00000", "2017-12-31": "59.00000", "2016-12-31": "57.00000", "2015-12-31": "58.00000", "2014-12-31": "57.00000", "2013-12-31": "53.00000", "2012-12-31": "41.00000", "2011-12-31": "42.00000", "2010-12-31": "39.00000", "2009-12-31": "37.00000", "2008-12-31": "35.00000", "2007-12-31": "26.00000", "2006-12-31": "13.00000", "2005-12-31": ""}, "Common Stock Dividends Paid": {"2019-12-31": "-166.00000", "2018-12-31": "-194.00000", "2017-12-31": "-242.00000", "2016-12-31": "-223.00000", "2015-12-31": "-202.00000", "2014-12-31": "-179.00000", "2013-12-31": "-156.00000", "2012-12-31": "-134.00000", "2011-12-31": "-99.00000", "2010-12-31": "-86.00000", "2009-12-31": "-29.00000", "2008-12-31": "-28.00000", "2007-12-31": "-14.00000", "2006-12-31": "-1360.00000", "2005-12-31": "-59.00000"}}, "cash flow statement, quarterly": {"Net Income/Loss": {"2020-09-30": 40, "2020-06-30": -164, "2020-03-31": "-134.00000", "2019-12-31": 168, "2019-09-30": 135, "2019-06-30": 124, "2019-03-31": "80.00000", "2018-12-31": 112, "2018-09-30": 148, "2018-06-30": 378, "2018-03-31": "34.00000", "2017-12-31": 416, "2017-09-30": 264, "2017-06-30": 85, "2017-03-31": "90.00000", "2016-12-31": 164, "2016-09-30": 197, "2016-06-30": 155, "2016-03-31": "96.00000", "2015-12-31": 141, "2015-09-30": 189, "2015-06-30": 160, "2015-03-31": "122.00000", "2014-12-31": 80, "2014-09-30": 205, "2014-06-30": 154, "2014-03-31": "90.00000", "2013-12-31": 86, "2013-09-30": 187, "2013-06-30": 133, "2013-03-31": "27.00000", "2012-12-31": 80, "2012-09-30": 160, "2012-06-30": 128, "2012-03-31": "31.00000", "2011-12-31": 56, "2011-09-30": 175, "2011-06-30": 114, "2011-03-31": "72.00000", "2010-12-31": 79, "2010-09-30": 155, "2010-06-30": 95, "2010-03-31": "50.00000", "2009-12-31": 73, "2009-09-30": 104, "2009-06-30": 71, "2009-03-31": "45.00000", "2008-12-31": -1356, "2008-09-30": 142, "2008-06-30": 98, "2008-03-31": "42.00000", "2007-12-31": 105, "2007-09-30": 116, "2007-06-30": 96, "2007-03-31": "86.00000", "2006-12-31": 93, "2006-09-30": 91, "2006-06-30": 75, "2006-03-31": "28.00000", "2005-12-31": 91, "2005-09-30": 121, "2005-06-30": 219}, "Total Depreciation And Amortization - Cash Flow": {"2020-09-30": 32, "2020-06-30": 31, "2020-03-31": "31.00000", "2019-12-31": 31, "2019-09-30": 31, "2019-06-30": 28, "2019-03-31": "31.00000", "2018-12-31": 33, "2018-09-30": 32, "2018-06-30": 36, "2018-03-31": "37.00000", "2017-12-31": 36, "2017-09-30": 35, "2017-06-30": 14, "2017-03-31": "51.00000", "2016-12-31": -60, "2016-09-30": 62, "2016-06-30": 63, "2016-03-31": "62.00000", "2015-12-31": 14, "2015-09-30": 59, "2015-06-30": 58, "2015-03-31": "56.00000", "2014-12-31": 58, "2014-09-30": 60, "2014-06-30": 59, "2014-03-31": "56.00000", "2013-12-31": 56, "2013-09-30": 54, "2013-06-30": 54, "2013-03-31": "52.00000", "2012-12-31": 49, "2012-09-30": 45, "2012-06-30": 46, "2012-03-31": "45.00000", "2011-12-31": 45, "2011-09-30": 43, "2011-06-30": 45, "2011-03-31": "45.00000", "2010-12-31": 45, "2010-09-30": 43, "2010-06-30": 41, "2010-03-31": "44.00000", "2009-12-31": 44, "2009-09-30": 46, "2009-06-30": 45, "2009-03-31": "43.00000", "2008-12-31": 47, "2008-09-30": 47, "2008-06-30": 46, "2008-03-31": "44.00000", "2007-12-31": 44, "2007-09-30": 43, "2007-06-30": 41, "2007-03-31": "38.00000", "2006-12-31": 41, "2006-09-30": 37, "2006-06-30": 36, "2006-03-31": "34.00000", "2005-12-31": 34, "2005-09-30": 32, "2005-06-30": 65}, "Other Non-Cash Items": {"2020-09-30": 17, "2020-06-30": 52, "2020-03-31": "287.00000", "2019-12-31": 111, "2019-09-30": 166, "2019-06-30": 164, "2019-03-31": "142.00000", "2018-12-31": 152, "2018-09-30": 77, "2018-06-30": -51, "2018-03-31": "298.00000", "2017-12-31": -137, "2017-09-30": -27, "2017-06-30": 408, "2017-03-31": "342.00000", "2016-12-31": 357, "2016-09-30": 131, "2016-06-30": 142, "2016-03-31": "128.00000", "2015-12-31": 151, "2015-09-30": 123, "2015-06-30": 67, "2015-03-31": "77.00000", "2014-12-31": 130, "2014-09-30": 72, "2014-06-30": 94, "2014-03-31": "92.00000", "2013-12-31": 122, "2013-09-30": 134, "2013-06-30": 141, "2013-03-31": "194.00000", "2012-12-31": 128, "2012-09-30": 159, "2012-06-30": 123, "2012-03-31": "206.00000", "2011-12-31": 151, "2011-09-30": 123, "2011-06-30": 133, "2011-03-31": "122.00000", "2010-12-31": 127, "2010-09-30": 131, "2010-06-30": 140, "2010-03-31": "121.00000", "2009-12-31": 147, "2009-09-30": 171, "2009-06-30": 189, "2009-03-31": "150.00000", "2008-12-31": 1585, "2008-09-30": 167, "2008-06-30": 171, "2008-03-31": "133.00000", "2007-12-31": 154, "2007-09-30": 113, "2007-06-30": 128, "2007-03-31": "91.00000", "2006-12-31": 174, "2006-09-30": 72, "2006-06-30": 76, "2006-03-31": "127.00000", "2005-12-31": 29, "2005-09-30": 43, "2005-06-30": -72}, "Total Non-Cash Items": {"2020-09-30": 49, "2020-06-30": 83, "2020-03-31": "318.00000", "2019-12-31": 142, "2019-09-30": 197, "2019-06-30": 192, "2019-03-31": "173.00000", "2018-12-31": 185, "2018-09-30": 109, "2018-06-30": -15, "2018-03-31": "335.00000", "2017-12-31": -101, "2017-09-30": 8, "2017-06-30": 422, "2017-03-31": "393.00000", "2016-12-31": 297, "2016-09-30": 193, "2016-06-30": 205, "2016-03-31": "190.00000", "2015-12-31": 165, "2015-09-30": 182, "2015-06-30": 125, "2015-03-31": "133.00000", "2014-12-31": 188, "2014-09-30": 132, "2014-06-30": 153, "2014-03-31": "148.00000", "2013-12-31": 178, "2013-09-30": 188, "2013-06-30": 195, "2013-03-31": "246.00000", "2012-12-31": 177, "2012-09-30": 204, "2012-06-30": 169, "2012-03-31": "251.00000", "2011-12-31": 196, "2011-09-30": 166, "2011-06-30": 178, "2011-03-31": "167.00000", "2010-12-31": 172, "2010-09-30": 174, "2010-06-30": 181, "2010-03-31": "165.00000", "2009-12-31": 191, "2009-09-30": 217, "2009-06-30": 234, "2009-03-31": "193.00000", "2008-12-31": 1632, "2008-09-30": 214, "2008-06-30": 217, "2008-03-31": "177.00000", "2007-12-31": 198, "2007-09-30": 156, "2007-06-30": 169, "2007-03-31": "129.00000", "2006-12-31": 215, "2006-09-30": 109, "2006-06-30": 112, "2006-03-31": "161.00000", "2005-12-31": 63, "2005-09-30": 75, "2005-06-30": -7}, "Change In Accounts Receivable": {"2020-09-30": 13, "2020-06-30": 7, "2020-03-31": "4.00000", "2019-12-31": -8, "2019-09-30": 2, "2019-06-30": 36, "2019-03-31": "-45.00000", "2018-12-31": -6, "2018-09-30": 7, "2018-06-30": 26, "2018-03-31": "-54.00000", "2017-12-31": -10, "2017-09-30": 9, "2017-06-30": 57, "2017-03-31": "-49.00000", "2016-12-31": -44, "2016-09-30": 31, "2016-06-30": 233, "2016-03-31": "-219.00000", "2015-12-31": -52, "2015-09-30": 16, "2015-06-30": 236, "2015-03-31": "-224.00000", "2014-12-31": -76, "2014-09-30": 23, "2014-06-30": 252, "2014-03-31": "-228.00000", "2013-12-31": -75, "2013-09-30": 28, "2013-06-30": 166, "2013-03-31": "-182.00000", "2012-12-31": -61, "2012-09-30": 29, "2012-06-30": 177, "2012-03-31": "-164.00000", "2011-12-31": -51, "2011-09-30": 18, "2011-06-30": 235, "2011-03-31": "-182.00000", "2010-12-31": -66, "2010-09-30": 17, "2010-06-30": 181, "2010-03-31": "-118.00000", "2009-12-31": -25, "2009-09-30": 26, "2009-06-30": 186, "2009-03-31": "-95.00000", "2008-12-31": -19, "2008-09-30": 26, "2008-06-30": 123, "2008-03-31": "-127.00000", "2007-12-31": -41, "2007-09-30": 23, "2007-06-30": 120, "2007-03-31": "-119.00000", "2006-12-31": -32, "2006-09-30": -16, "2006-06-30": 125, "2006-03-31": "-112.00000", "2005-12-31": -14, "2005-09-30": 58, "2005-06-30": -44}, "Change In Inventories": {"2020-09-30": -20, "2020-06-30": -47, "2020-03-31": "-40.00000", "2019-12-31": 31, "2019-09-30": 13, "2019-06-30": -13, "2019-03-31": "-18.00000", "2018-12-31": 21, "2018-09-30": 16, "2018-06-30": -25, "2018-03-31": "-39.00000", "2017-12-31": 8, "2017-09-30": -26, "2017-06-30": -21, "2017-03-31": "-32.00000", "2016-12-31": -5, "2016-09-30": -6, "2016-06-30": -14, "2016-03-31": "-1.00000", "2015-12-31": -9, "2015-09-30": -17, "2015-06-30": 2, "2015-03-31": "-1.00000", "2014-12-31": -67, "2014-09-30": 23, "2014-06-30": 5, "2014-03-31": "22.00000", "2013-12-31": 7, "2013-09-30": -5, "2013-06-30": 20, "2013-03-31": "10.00000", "2012-12-31": 27, "2012-09-30": 27, "2012-06-30": 16, "2012-03-31": "25.00000", "2011-12-31": 8, "2011-09-30": 12, "2011-06-30": 46, "2011-03-31": "13.00000", "2010-12-31": -2, "2010-09-30": 33, "2010-06-30": 24, "2010-03-31": "-1.00000", "2009-12-31": 17, "2009-09-30": -1, "2009-06-30": -12, "2009-03-31": "-13.00000", "2008-12-31": -18, "2008-09-30": -58, "2008-06-30": -47, "2008-03-31": "-24.00000", "2007-12-31": -137, "2007-09-30": -45, "2007-06-30": -29, "2007-03-31": "-111.00000", "2006-12-31": -67, "2006-09-30": -86, "2006-06-30": -92, "2006-03-31": "-35.00000", "2005-12-31": 11, "2005-09-30": 17, "2005-06-30": -28}, "Change In Accounts Payable": {"2020-09-30": 0, "2020-06-30": 0, "2020-03-31": "", "2019-12-31": 0, "2019-09-30": 0, "2019-06-30": 0, "2019-03-31": "", "2018-12-31": 0, "2018-09-30": 0, "2018-06-30": 0, "2018-03-31": "", "2017-12-31": 0, "2017-09-30": 0, "2017-06-30": 0, "2017-03-31": "", "2016-12-31": 0, "2016-09-30": 0, "2016-06-30": 0, "2016-03-31": "", "2015-12-31": 0, "2015-09-30": 0, "2015-06-30": 0, "2015-03-31": "", "2014-12-31": 0, "2014-09-30": 0, "2014-06-30": 0, "2014-03-31": "", "2013-12-31": 0, "2013-09-30": 0, "2013-06-30": 0, "2013-03-31": "", "2012-12-31": 0, "2012-09-30": 0, "2012-06-30": 0, "2012-03-31": "", "2011-12-31": 0, "2011-09-30": 0, "2011-06-30": 0, "2011-03-31": "", "2010-12-31": 0, "2010-09-30": 0, "2010-06-30": 0, "2010-03-31": "", "2009-12-31": 0, "2009-09-30": 0, "2009-06-30": 0, "2009-03-31": "", "2008-12-31": 0, "2008-09-30": 0, "2008-06-30": 0, "2008-03-31": "", "2007-12-31": 0, "2007-09-30": 0, "2007-06-30": 0, "2007-03-31": "", "2006-12-31": 0, "2006-09-30": 0, "2006-06-30": 0, "2006-03-31": "", "2005-12-31": 0, "2005-09-30": 0, "2005-06-30": 0}, "Change In Assets/Liabilities": {"2020-09-30": -1, "2020-06-30": 141, "2020-03-31": "3.00000", "2019-12-31": -178, "2019-09-30": -216, "2019-06-30": -166, "2019-03-31": "-46.00000", "2018-12-31": -201, "2018-09-30": -253, "2018-06-30": -153, "2018-03-31": "-37.00000", "2017-12-31": -143, "2017-09-30": -212, "2017-06-30": -13, "2017-03-31": "-153.00000", "2016-12-31": -105, "2016-09-30": -206, "2016-06-30": -115, "2016-03-31": "11.00000", "2015-12-31": -75, "2015-09-30": -148, "2015-06-30": -80, "2015-03-31": "45.00000", "2014-12-31": -83, "2014-09-30": -102, "2014-06-30": -104, "2014-03-31": "91.00000", "2013-12-31": -96, "2013-09-30": -85, "2013-06-30": -105, "2013-03-31": "39.00000", "2012-12-31": -44, "2012-09-30": -144, "2012-06-30": -81, "2012-03-31": "-35.00000", "2011-12-31": -75, "2011-09-30": -154, "2011-06-30": -53, "2011-03-31": "30.00000", "2010-12-31": -87, "2010-09-30": -270, "2010-06-30": -86, "2010-03-31": "-12.00000", "2009-12-31": -164, "2009-09-30": -167, "2009-06-30": -129, "2009-03-31": "-32.00000", "2008-12-31": -181, "2008-09-30": -303, "2008-06-30": -218, "2008-03-31": "-42.00000", "2007-12-31": -204, "2007-09-30": -321, "2007-06-30": -187, "2007-03-31": "-116.00000", "2006-12-31": -266, "2006-09-30": -290, "2006-06-30": -19, "2006-03-31": "-117.00000", "2005-12-31": 338, "2005-09-30": -137, "2005-06-30": -201}, "Total Change In Assets/Liabilities": {"2020-09-30": 5, "2020-06-30": 156, "2020-03-31": "-129.00000", "2019-12-31": -178, "2019-09-30": -277, "2019-06-30": -207, "2019-03-31": "-97.00000", "2018-12-31": -210, "2018-09-30": -207, "2018-06-30": -191, "2018-03-31": "-236.00000", "2017-12-31": 7, "2017-09-30": -270, "2017-06-30": -86, "2017-03-31": "-242.00000", "2016-12-31": -270, "2016-09-30": -304, "2016-06-30": 95, "2016-03-31": "-31.00000", "2015-12-31": -131, "2015-09-30": -293, "2015-06-30": 187, "2015-03-31": "10.00000", "2014-12-31": -180, "2014-09-30": -224, "2014-06-30": 175, "2014-03-31": "69.00000", "2013-12-31": -114, "2013-09-30": -270, "2013-06-30": 150, "2013-03-31": "2.00000", "2012-12-31": -65, "2012-09-30": -215, "2012-06-30": 120, "2012-03-31": "-50.00000", "2011-12-31": -108, "2011-09-30": -190, "2011-06-30": 180, "2011-03-31": "6.00000", "2010-12-31": -147, "2010-09-30": -358, "2010-06-30": 76, "2010-03-31": "-10.00000", "2009-12-31": -168, "2009-09-30": -196, "2009-06-30": -71, "2009-03-31": "-28.00000", "2008-12-31": -287, "2008-09-30": -389, "2008-06-30": -212, "2008-03-31": "-124.00000", "2007-12-31": -354, "2007-09-30": -286, "2007-06-30": -170, "2007-03-31": "-211.00000", "2006-12-31": -330, "2006-09-30": -229, "2006-06-30": -48, "2006-03-31": "-123.00000", "2005-12-31": -170, "2005-09-30": -227, "2005-06-30": -47}, "Cash Flow From Operating Activities": {"2020-09-30": 94, "2020-06-30": 73, "2020-03-31": "57.00000", "2019-12-31": 132, "2019-09-30": 55, "2019-06-30": 113, "2019-03-31": "152.00000", "2018-12-31": 87, "2018-09-30": 50, "2018-06-30": 172, "2018-03-31": "133.00000", "2017-12-31": 322, "2017-09-30": 2, "2017-06-30": 424, "2017-03-31": "238.00000", "2016-12-31": 177, "2016-09-30": 80, "2016-06-30": 445, "2016-03-31": "261.00000", "2015-12-31": 174, "2015-09-30": 80, "2015-06-30": 484, "2015-03-31": "253.00000", "2014-12-31": 85, "2014-09-30": 106, "2014-06-30": 478, "2014-03-31": "315.00000", "2013-12-31": 150, "2013-09-30": 100, "2013-06-30": 484, "2013-03-31": "274.00000", "2012-12-31": 196, "2012-09-30": 161, "2012-06-30": 419, "2012-03-31": "228.00000", "2011-12-31": 143, "2011-09-30": 164, "2011-06-30": 467, "2011-03-31": "229.00000", "2010-12-31": 107, "2010-09-30": -29, "2010-06-30": 352, "2010-03-31": "205.00000", "2009-12-31": 120, "2009-09-30": 110, "2009-06-30": 249, "2009-03-31": "210.00000", "2008-12-31": -37, "2008-09-30": -52, "2008-06-30": 111, "2008-03-31": "87.00000", "2007-12-31": -64, "2007-09-30": -16, "2007-06-30": 105, "2007-03-31": "-15.00000", "2006-12-31": -19, "2006-09-30": -17, "2006-06-30": 135, "2006-03-31": "66.00000", "2005-12-31": 358, "2005-09-30": -31, "2005-06-30": 165}, "Net Change In Property, Plant, And Equipment": {"2020-09-30": -17, "2020-06-30": -18, "2020-03-31": "-21.00000", "2019-12-31": -33, "2019-09-30": -25, "2019-06-30": -30, "2019-03-31": "-20.00000", "2018-12-31": -36, "2018-09-30": -22, "2018-06-30": -27, "2018-03-31": "-14.00000", "2017-12-31": -31, "2017-09-30": -25, "2017-06-30": -23, "2017-03-31": "-28.00000", "2016-12-31": 19, "2016-09-30": -46, "2016-06-30": -47, "2016-03-31": "-43.00000", "2015-12-31": -32, "2015-09-30": -45, "2015-06-30": -56, "2015-03-31": "-56.00000", "2014-12-31": -86, "2014-09-30": -51, "2014-06-30": -52, "2014-03-31": "-46.00000", "2013-12-31": -85, "2013-09-30": -49, "2013-06-30": -63, "2013-03-31": "-41.00000", "2012-12-31": -85, "2012-09-30": -45, "2012-06-30": -45, "2012-03-31": "-33.00000", "2011-12-31": -86, "2011-09-30": -57, "2011-06-30": -55, "2011-03-31": "-41.00000", "2010-12-31": -67, "2010-09-30": -37, "2010-06-30": -27, "2010-03-31": "-36.00000", "2009-12-31": -26, "2009-09-30": -22, "2009-06-30": -34, "2009-03-31": "-53.00000", "2008-12-31": -54, "2008-09-30": -47, "2008-06-30": -47, "2008-03-31": "-39.00000", "2007-12-31": -59, "2007-09-30": -44, "2007-06-30": -46, "2007-03-31": "-45.00000", "2006-12-31": -73, "2006-09-30": -48, "2006-06-30": -41, "2006-03-31": "-29.00000", "2005-12-31": -56, "2005-09-30": -27, "2005-06-30": -51}, "Net Change In Intangible Assets": {"2020-09-30": 0, "2020-06-30": 0, "2020-03-31": "", "2019-12-31": 0, "2019-09-30": 0, "2019-06-30": 0, "2019-03-31": "", "2018-12-31": 0, "2018-09-30": 0, "2018-06-30": 0, "2018-03-31": "", "2017-12-31": 0, "2017-09-30": 0, "2017-06-30": 0, "2017-03-31": "", "2016-12-31": 0, "2016-09-30": 0, "2016-06-30": 0, "2016-03-31": "", "2015-12-31": 0, "2015-09-30": 0, "2015-06-30": 0, "2015-03-31": "", "2014-12-31": 0, "2014-09-30": 0, "2014-06-30": 0, "2014-03-31": "", "2013-12-31": 0, "2013-09-30": 0, "2013-06-30": 0, "2013-03-31": "", "2012-12-31": 0, "2012-09-30": 0, "2012-06-30": 0, "2012-03-31": "", "2011-12-31": 0, "2011-09-30": 0, "2011-06-30": 0, "2011-03-31": "", "2010-12-31": 0, "2010-09-30": 0, "2010-06-30": 0, "2010-03-31": "", "2009-12-31": 0, "2009-09-30": 0, "2009-06-30": 0, "2009-03-31": "", "2008-12-31": 0, "2008-09-30": 0, "2008-06-30": 0, "2008-03-31": "", "2007-12-31": 0, "2007-09-30": 0, "2007-06-30": 0, "2007-03-31": "", "2006-12-31": 0, "2006-09-30": 0, "2006-06-30": 0, "2006-03-31": "", "2005-12-31": 0, "2005-09-30": 0, "2005-06-30": 0}, "Net Acquisitions/Divestitures": {"2020-09-30": 0, "2020-06-30": 0, "2020-03-31": "", "2019-12-31": 106, "2019-09-30": -51, "2019-06-30": 0, "2019-03-31": "", "2018-12-31": 1, "2018-09-30": 0, "2018-06-30": 0, "2018-03-31": "-5.00000", "2017-12-31": -21, "2017-09-30": -22, "2017-06-30": -5, "2017-03-31": "", "2016-12-31": 16, "2016-09-30": -37, "2016-06-30": 0, "2016-03-31": "", "2015-12-31": 23, "2015-09-30": -8, "2015-06-30": -29, "2015-03-31": "-60.00000", "2014-12-31": -5, "2014-09-30": -1, "2014-06-30": -3, "2014-03-31": "-14.00000", "2013-12-31": 5, "2013-09-30": 0, "2013-06-30": -2, "2013-03-31": "-126.00000", "2012-12-31": -59, "2012-09-30": -204, "2012-06-30": 0, "2012-03-31": "", "2011-12-31": 0, "2011-09-30": -27, "2011-06-30": 0, "2011-03-31": "", "2010-12-31": -77, "2010-09-30": -54, "2010-06-30": -46, "2010-03-31": "-59.00000", "2009-12-31": 0, "2009-09-30": 0, "2009-06-30": 0, "2009-03-31": "", "2008-12-31": 0, "2008-09-30": -135, "2008-06-30": 0, "2008-03-31": "", "2007-12-31": -3, "2007-09-30": -6, "2007-06-30": -7, "2007-03-31": "", "2006-12-31": 1, "2006-09-30": -44, "2006-06-30": -61, "2006-03-31": "-1.00000", "2005-12-31": 40, "2005-09-30": -30, "2005-06-30": -10}, "Net Change In Short-term Investments": {"2020-09-30": 0, "2020-06-30": 0, "2020-03-31": "", "2019-12-31": 0, "2019-09-30": 0, "2019-06-30": 0, "2019-03-31": "", "2018-12-31": 0, "2018-09-30": 0, "2018-06-30": 0, "2018-03-31": "", "2017-12-31": 0, "2017-09-30": 0, "2017-06-30": 0, "2017-03-31": "", "2016-12-31": 0, "2016-09-30": 0, "2016-06-30": 0, "2016-03-31": "", "2015-12-31": 0, "2015-09-30": 0, "2015-06-30": 0, "2015-03-31": "", "2014-12-31": 0, "2014-09-30": 0, "2014-06-30": 0, "2014-03-31": "", "2013-12-31": 0, "2013-09-30": 0, "2013-06-30": 0, "2013-03-31": "", "2012-12-31": 0, "2012-09-30": 0, "2012-06-30": 0, "2012-03-31": "", "2011-12-31": 0, "2011-09-30": 0, "2011-06-30": 0, "2011-03-31": "", "2010-12-31": 0, "2010-09-30": 0, "2010-06-30": 0, "2010-03-31": "", "2009-12-31": 0, "2009-09-30": 0, "2009-06-30": 0, "2009-03-31": "", "2008-12-31": 0, "2008-09-30": 0, "2008-06-30": 0, "2008-03-31": "", "2007-12-31": 0, "2007-09-30": 0, "2007-06-30": 0, "2007-03-31": "", "2006-12-31": 0, "2006-09-30": 0, "2006-06-30": 0, "2006-03-31": "", "2005-12-31": 0, "2005-09-30": 0, "2005-06-30": 0}, "Net Change In Long-Term Investments": {"2020-09-30": -50, "2020-06-30": 0, "2020-03-31": "", "2019-12-31": 0, "2019-09-30": 0, "2019-06-30": 0, "2019-03-31": "", "2018-12-31": 0, "2018-09-30": 0, "2018-06-30": 0, "2018-03-31": "", "2017-12-31": 0, "2017-09-30": 0, "2017-06-30": 2, "2017-03-31": "-2.00000", "2016-12-31": 11, "2016-09-30": -4, "2016-06-30": -1, "2016-03-31": "-6.00000", "2015-12-31": 7, "2015-09-30": -4, "2015-06-30": 0, "2015-03-31": "-8.00000", "2014-12-31": 2, "2014-09-30": -9, "2014-06-30": -1, "2014-03-31": "", "2013-12-31": 0, "2013-09-30": -2, "2013-06-30": 1, "2013-03-31": "-2.00000", "2012-12-31": 3, "2012-09-30": -44, "2012-06-30": 0, "2012-03-31": "-1.00000", "2011-12-31": -1, "2011-09-30": -6, "2011-06-30": -2, "2011-03-31": "-3.00000", "2010-12-31": 9, "2010-09-30": -1, "2010-06-30": -5, "2010-03-31": "-3.00000", "2009-12-31": -13, "2009-09-30": 0, "2009-06-30": 2, "2009-03-31": "-2.00000", "2008-12-31": -5, "2008-09-30": -3, "2008-06-30": -8, "2008-03-31": "-2.00000", "2007-12-31": -4, "2007-09-30": -21, "2007-06-30": -25, "2007-03-31": "", "2006-12-31": -20, "2006-09-30": -4, "2006-06-30": 1, "2006-03-31": "-1.00000", "2005-12-31": 0, "2005-09-30": 0, "2005-06-30": 0}, "Net Change In Investments - Total": {"2020-09-30": -50, "2020-06-30": 0, "2020-03-31": "", "2019-12-31": 0, "2019-09-30": 0, "2019-06-30": 0, "2019-03-31": "", "2018-12-31": 0, "2018-09-30": 0, "2018-06-30": 0, "2018-03-31": "", "2017-12-31": 0, "2017-09-30": 0, "2017-06-30": 2, "2017-03-31": "-2.00000", "2016-12-31": 11, "2016-09-30": -4, "2016-06-30": -1, "2016-03-31": "-6.00000", "2015-12-31": 7, "2015-09-30": -4, "2015-06-30": 0, "2015-03-31": "-8.00000", "2014-12-31": 2, "2014-09-30": -9, "2014-06-30": -1, "2014-03-31": "", "2013-12-31": 0, "2013-09-30": -2, "2013-06-30": 1, "2013-03-31": "-2.00000", "2012-12-31": 3, "2012-09-30": -44, "2012-06-30": 0, "2012-03-31": "-1.00000", "2011-12-31": -1, "2011-09-30": -6, "2011-06-30": -2, "2011-03-31": "-3.00000", "2010-12-31": 9, "2010-09-30": -1, "2010-06-30": -5, "2010-03-31": "-3.00000", "2009-12-31": -13, "2009-09-30": 0, "2009-06-30": 2, "2009-03-31": "-2.00000", "2008-12-31": -5, "2008-09-30": -3, "2008-06-30": -8, "2008-03-31": "-2.00000", "2007-12-31": -4, "2007-09-30": -21, "2007-06-30": -25, "2007-03-31": "", "2006-12-31": -20, "2006-09-30": -4, "2006-06-30": 1, "2006-03-31": "-1.00000", "2005-12-31": -4, "2005-09-30": 0, "2005-06-30": 0}, "Investing Activities - Other": {"2020-09-30": 5, "2020-06-30": 0, "2020-03-31": "3.00000", "2019-12-31": -2, "2019-09-30": 6, "2019-06-30": 5, "2019-03-31": "-22.00000", "2018-12-31": 46, "2018-09-30": 10, "2018-06-30": -667, "2018-03-31": "-11.00000", "2017-12-31": -156, "2017-09-30": -38, "2017-06-30": -22, "2017-03-31": "9.00000", "2016-12-31": -220, "2016-09-30": 55, "2016-06-30": -2, "2016-03-31": "-41.00000", "2015-12-31": -56, "2015-09-30": 46, "2015-06-30": 1, "2015-03-31": "-25.00000", "2014-12-31": -2, "2014-09-30": 36, "2014-06-30": -16, "2014-03-31": "-28.00000", "2013-12-31": -4, "2013-09-30": 39, "2013-06-30": 12, "2013-03-31": "-84.00000", "2012-12-31": -1, "2012-09-30": 12, "2012-06-30": 25, "2012-03-31": "-42.00000", "2011-12-31": -10, "2011-09-30": 35, "2011-06-30": 10, "2011-03-31": "-13.00000", "2010-12-31": -23, "2010-09-30": 15, "2010-06-30": 18, "2010-03-31": "-25.00000", "2009-12-31": 68, "2009-09-30": -40, "2009-06-30": 18, "2009-03-31": "-7.00000", "2008-12-31": 35, "2008-09-30": 78, "2008-06-30": -39, "2008-03-31": "-53.00000", "2007-12-31": -6, "2007-09-30": 42, "2007-06-30": 9, "2007-03-31": "-40.00000", "2006-12-31": 12, "2006-09-30": -12, "2006-06-30": -87, "2006-03-31": "-64.00000", "2005-12-31": -415, "2005-09-30": -155, "2005-06-30": 12}, "Cash Flow From Investing Activities": {"2020-09-30": -62, "2020-06-30": -18, "2020-03-31": "-18.00000", "2019-12-31": 71, "2019-09-30": -70, "2019-06-30": -25, "2019-03-31": "-42.00000", "2018-12-31": 11, "2018-09-30": -12, "2018-06-30": -694, "2018-03-31": "-30.00000", "2017-12-31": -208, "2017-09-30": -85, "2017-06-30": -48, "2017-03-31": "-21.00000", "2016-12-31": -174, "2016-09-30": -32, "2016-06-30": -50, "2016-03-31": "-90.00000", "2015-12-31": -58, "2015-09-30": -11, "2015-06-30": -84, "2015-03-31": "-149.00000", "2014-12-31": -91, "2014-09-30": -25, "2014-06-30": -72, "2014-03-31": "-88.00000", "2013-12-31": -84, "2013-09-30": -12, "2013-06-30": -52, "2013-03-31": "-253.00000", "2012-12-31": -142, "2012-09-30": -281, "2012-06-30": -20, "2012-03-31": "-76.00000", "2011-12-31": -97, "2011-09-30": -55, "2011-06-30": -47, "2011-03-31": "-57.00000", "2010-12-31": -158, "2010-09-30": -77, "2010-06-30": -60, "2010-03-31": "-123.00000", "2009-12-31": 29, "2009-09-30": -62, "2009-06-30": -14, "2009-03-31": "-62.00000", "2008-12-31": -24, "2008-09-30": -107, "2008-06-30": -94, "2008-03-31": "-94.00000", "2007-12-31": -72, "2007-09-30": -29, "2007-06-30": -69, "2007-03-31": "-85.00000", "2006-12-31": -80, "2006-09-30": -108, "2006-06-30": -188, "2006-03-31": "-95.00000", "2005-12-31": -435, "2005-09-30": -212, "2005-06-30": -49}, "Net Long-Term Debt": {"2020-09-30": -413, "2020-06-30": -2, "2020-03-31": "865.00000", "2019-12-31": -311, "2019-09-30": 110, "2019-06-30": 123, "2019-03-31": "48.00000", "2018-12-31": 71, "2018-09-30": 93, "2018-06-30": -954, "2018-03-31": "737.00000", "2017-12-31": 25, "2017-09-30": 392, "2017-06-30": -98, "2017-03-31": "-34.00000", "2016-12-31": 54, "2016-09-30": 45, "2016-06-30": -424, "2016-03-31": "331.00000", "2015-12-31": -337, "2015-09-30": 342, "2015-06-30": -89, "2015-03-31": "-6.00000", "2014-12-31": 228, "2014-09-30": 29, "2014-06-30": -87, "2014-03-31": "39.00000", "2013-12-31": -34, "2013-09-30": 42, "2013-06-30": -130, "2013-03-31": "65.00000", "2012-12-31": -168, "2012-09-30": 240, "2012-06-30": -159, "2012-03-31": "-40.00000", "2011-12-31": 169, "2011-09-30": 121, "2011-06-30": -75, "2011-03-31": "-235.00000", "2010-12-31": 105, "2010-09-30": -125, "2010-06-30": -134, "2010-03-31": "-265.00000", "2009-12-31": -130, "2009-09-30": -43, "2009-06-30": -623, "2009-03-31": "-138.00000", "2008-12-31": 2, "2008-09-30": 171, "2008-06-30": 14, "2008-03-31": "44.00000", "2007-12-31": 138, "2007-09-30": 38, "2007-06-30": 274, "2007-03-31": "232.00000", "2006-12-31": 383, "2006-09-30": 861, "2006-06-30": 84, "2006-03-31": "45.00000", "2005-12-31": -232, "2005-09-30": 173, "2005-06-30": 59}, "Net Current Debt": {"2020-09-30": 643, "2020-06-30": -1, "2020-03-31": "-41.00000", "2019-12-31": 345, "2019-09-30": 0, "2019-06-30": -1, "2019-03-31": "-1.00000", "2018-12-31": -1, "2018-09-30": 0, "2018-06-30": -161, "2018-03-31": "-475.00000", "2017-12-31": 47, "2017-09-30": -255, "2017-06-30": 134, "2017-03-31": "188.00000", "2016-12-31": 23, "2016-09-30": -4, "2016-06-30": 390, "2016-03-31": "-93.00000", "2015-12-31": 371, "2015-09-30": -390, "2015-06-30": 130, "2015-03-31": "158.00000", "2014-12-31": -49, "2014-09-30": 131, "2014-06-30": -76, "2014-03-31": "-27.00000", "2013-12-31": 45, "2013-09-30": -3, "2013-06-30": -34, "2013-03-31": "136.00000", "2012-12-31": 273, "2012-09-30": -2, "2012-06-30": 0, "2012-03-31": "186.00000", "2011-12-31": 0, "2011-09-30": 0, "2011-06-30": 0, "2011-03-31": "245.00000", "2010-12-31": 0, "2010-09-30": 247, "2010-06-30": 0, "2010-03-31": "247.00000", "2009-12-31": 0, "2009-09-30": 0, "2009-06-30": 460, "2009-03-31": "", "2008-12-31": 0, "2008-09-30": 0, "2008-06-30": 0, "2008-03-31": "", "2007-12-31": 0, "2007-09-30": 0, "2007-06-30": 0, "2007-03-31": "", "2006-12-31": 0, "2006-09-30": 0, "2006-06-30": 0, "2006-03-31": "", "2005-12-31": 296, "2005-09-30": 0, "2005-06-30": 0}, "Debt Issuance/Retirement Net - Total": {"2020-09-30": 230, "2020-06-30": -3, "2020-03-31": "824.00000", "2019-12-31": 34, "2019-09-30": 110, "2019-06-30": 122, "2019-03-31": "47.00000", "2018-12-31": 70, "2018-09-30": 93, "2018-06-30": -1115, "2018-03-31": "262.00000", "2017-12-31": 72, "2017-09-30": 137, "2017-06-30": 36, "2017-03-31": "154.00000", "2016-12-31": 77, "2016-09-30": 41, "2016-06-30": -34, "2016-03-31": "238.00000", "2015-12-31": 34, "2015-09-30": -48, "2015-06-30": 41, "2015-03-31": "152.00000", "2014-12-31": 179, "2014-09-30": 160, "2014-06-30": -163, "2014-03-31": "12.00000", "2013-12-31": 11, "2013-09-30": 39, "2013-06-30": -164, "2013-03-31": "201.00000", "2012-12-31": 105, "2012-09-30": 238, "2012-06-30": -159, "2012-03-31": "146.00000", "2011-12-31": 169, "2011-09-30": 121, "2011-06-30": -75, "2011-03-31": "10.00000", "2010-12-31": 105, "2010-09-30": 122, "2010-06-30": -134, "2010-03-31": "-18.00000", "2009-12-31": -130, "2009-09-30": -43, "2009-06-30": -163, "2009-03-31": "-138.00000", "2008-12-31": 2, "2008-09-30": 171, "2008-06-30": 14, "2008-03-31": "44.00000", "2007-12-31": 138, "2007-09-30": 38, "2007-06-30": 274, "2007-03-31": "232.00000", "2006-12-31": 383, "2006-09-30": 861, "2006-06-30": 84, "2006-03-31": "45.00000", "2005-12-31": -243, "2005-09-30": 173, "2005-06-30": 59}, "Net Common Equity Issued/Repurchased": {"2020-09-30": 0, "2020-06-30": 4, "2020-03-31": "-128.00000", "2019-12-31": -120, "2019-09-30": -90, "2019-06-30": -58, "2019-03-31": "-61.00000", "2018-12-31": -104, "2018-09-30": -103, "2018-06-30": -47, "2018-03-31": "-76.00000", "2017-12-31": -152, "2017-09-30": -147, "2017-06-30": -153, "2017-03-31": "-147.00000", "2016-12-31": -150, "2016-09-30": -149, "2016-06-30": -152, "2016-03-31": "-168.00000", "2015-12-31": -173, "2015-09-30": -162, "2015-06-30": -169, "2015-03-31": "-154.00000", "2014-12-31": -169, "2014-09-30": -168, "2014-06-30": -157, "2014-03-31": "-152.00000", "2013-12-31": -120, "2013-09-30": -160, "2013-06-30": -178, "2013-03-31": "-135.00000", "2012-12-31": -155, "2012-09-30": -134, "2012-06-30": -185, "2012-03-31": "-144.00000", "2011-12-31": -220, "2011-09-30": -302, "2011-06-30": -202, "2011-03-31": "-270.00000", "2010-12-31": -66, "2010-09-30": -174, "2010-06-30": -44, "2010-03-31": "-9.00000", "2009-12-31": 0, "2009-09-30": 0, "2009-06-30": 11, "2009-03-31": "", "2008-12-31": 0, "2008-09-30": 0, "2008-06-30": 0, "2008-03-31": "-10.00000", "2007-12-31": -25, "2007-09-30": -17, "2007-06-30": -237, "2007-03-31": "-222.00000", "2006-12-31": -206, "2006-09-30": -110, "2006-06-30": 0, "2006-03-31": "", "2005-12-31": 0, "2005-09-30": 0, "2005-06-30": 0}, "Net Total Equity Issued/Repurchased": {"2020-09-30": 0, "2020-06-30": 4, "2020-03-31": "-128.00000", "2019-12-31": -120, "2019-09-30": -90, "2019-06-30": -58, "2019-03-31": "-61.00000", "2018-12-31": -104, "2018-09-30": -103, "2018-06-30": -47, "2018-03-31": "-76.00000", "2017-12-31": -152, "2017-09-30": -147, "2017-06-30": -153, "2017-03-31": "-147.00000", "2016-12-31": -150, "2016-09-30": -149, "2016-06-30": -152, "2016-03-31": "-168.00000", "2015-12-31": -173, "2015-09-30": -162, "2015-06-30": -169, "2015-03-31": "-154.00000", "2014-12-31": -169, "2014-09-30": -168, "2014-06-30": -157, "2014-03-31": "-152.00000", "2013-12-31": -120, "2013-09-30": -160, "2013-06-30": -178, "2013-03-31": "-135.00000", "2012-12-31": -155, "2012-09-30": -134, "2012-06-30": -185, "2012-03-31": "-144.00000", "2011-12-31": -220, "2011-09-30": -302, "2011-06-30": -202, "2011-03-31": "-270.00000", "2010-12-31": -66, "2010-09-30": -174, "2010-06-30": -44, "2010-03-31": "-9.00000", "2009-12-31": 0, "2009-09-30": 0, "2009-06-30": 11, "2009-03-31": "", "2008-12-31": 0, "2008-09-30": 0, "2008-06-30": 0, "2008-03-31": "-10.00000", "2007-12-31": -25, "2007-09-30": -17, "2007-06-30": -237, "2007-03-31": "-222.00000", "2006-12-31": -206, "2006-09-30": -110, "2006-06-30": 0, "2006-03-31": "", "2005-12-31": 0, "2005-09-30": 0, "2005-06-30": 0}, "Total Common And Preferred Stock Dividends Paid": {"2020-09-30": -26, "2020-06-30": -43, "2020-03-31": "-43.00000", "2019-12-31": -41, "2019-09-30": -41, "2019-06-30": -42, "2019-03-31": "-42.00000", "2018-12-31": -40, "2018-09-30": -40, "2018-06-30": -44, "2018-03-31": "-70.00000", "2017-12-31": -58, "2017-09-30": -59, "2017-06-30": -61, "2017-03-31": "-64.00000", "2016-12-31": -54, "2016-09-30": -54, "2016-06-30": -55, "2016-03-31": "-60.00000", "2015-12-31": -49, "2015-09-30": -49, "2015-06-30": -50, "2015-03-31": "-54.00000", "2014-12-31": -43, "2014-09-30": -43, "2014-06-30": -45, "2014-03-31": "-48.00000", "2013-12-31": -37, "2013-09-30": -39, "2013-06-30": -39, "2013-03-31": "-41.00000", "2012-12-31": -32, "2012-09-30": -32, "2012-06-30": -33, "2012-03-31": "-37.00000", "2011-12-31": -23, "2011-09-30": -23, "2011-06-30": -26, "2011-03-31": "-27.00000", "2010-12-31": -21, "2010-09-30": -21, "2010-06-30": -22, "2010-03-31": "-22.00000", "2009-12-31": -7, "2009-09-30": -7, "2009-06-30": -8, "2009-03-31": "-7.00000", "2008-12-31": -7, "2008-09-30": -7, "2008-06-30": -7, "2008-03-31": "-7.00000", "2007-12-31": -7, "2007-09-30": -7, "2007-06-30": 0, "2007-03-31": "", "2006-12-31": 0, "2006-09-30": -1360, "2006-06-30": 0, "2006-03-31": "", "2005-12-31": 0, "2005-09-30": -59, "2005-06-30": 0}, "Financial Activities - Other": {"2020-09-30": -27, "2020-06-30": -6, "2020-03-31": "-7.00000", "2019-12-31": -6, "2019-09-30": -14, "2019-06-30": -75, "2019-03-31": "-12.00000", "2018-12-31": 6, "2018-09-30": 2, "2018-06-30": 1533, "2018-03-31": "-47.00000", "2017-12-31": -16, "2017-09-30": -26, "2017-06-30": -8, "2017-03-31": "-66.00000", "2016-12-31": -17, "2016-09-30": -29, "2016-06-30": 17, "2016-03-31": "-37.00000", "2015-12-31": -10, "2015-09-30": 51, "2015-06-30": 0, "2015-03-31": "-35.00000", "2014-12-31": -20, "2014-09-30": -11, "2014-06-30": -2, "2014-03-31": "-31.00000", "2013-12-31": 5, "2013-09-30": -10, "2013-06-30": 80, "2013-03-31": "-18.00000", "2012-12-31": -9, "2012-09-30": -8, "2012-06-30": 31, "2012-03-31": "-23.00000", "2011-12-31": -5, "2011-09-30": -13, "2011-06-30": 3, "2011-03-31": "130.00000", "2010-12-31": 18, "2010-09-30": 101, "2010-06-30": -10, "2010-03-31": "-24.00000", "2009-12-31": -13, "2009-09-30": -5, "2009-06-30": -49, "2009-03-31": "-2.00000", "2008-12-31": -11, "2008-09-30": -2, "2008-06-30": -14, "2008-03-31": "", "2007-12-31": 9, "2007-09-30": 3, "2007-06-30": 2, "2007-03-31": "-4.00000", "2006-12-31": 27, "2006-09-30": 748, "2006-06-30": 2, "2006-03-31": "-1.00000", "2005-12-31": 0, "2005-09-30": -5, "2005-06-30": 0}, "Cash Flow From Financial Activities": {"2020-09-30": 177, "2020-06-30": -48, "2020-03-31": "646.00000", "2019-12-31": -133, "2019-09-30": -35, "2019-06-30": -53, "2019-03-31": "-68.00000", "2018-12-31": -68, "2018-09-30": -48, "2018-06-30": 327, "2018-03-31": "69.00000", "2017-12-31": -154, "2017-09-30": -95, "2017-06-30": -186, "2017-03-31": "-123.00000", "2016-12-31": -144, "2016-09-30": -191, "2016-06-30": -224, "2016-03-31": "-27.00000", "2015-12-31": -198, "2015-09-30": -208, "2015-06-30": -178, "2015-03-31": "-91.00000", "2014-12-31": -53, "2014-09-30": -62, "2014-06-30": -367, "2014-03-31": "-219.00000", "2013-12-31": -141, "2013-09-30": -170, "2013-06-30": -301, "2013-03-31": "7.00000", "2012-12-31": -91, "2012-09-30": 64, "2012-06-30": -346, "2012-03-31": "-58.00000", "2011-12-31": -79, "2011-09-30": -217, "2011-06-30": -300, "2011-03-31": "-157.00000", "2010-12-31": 36, "2010-09-30": 28, "2010-06-30": -210, "2010-03-31": "-73.00000", "2009-12-31": -150, "2009-09-30": -55, "2009-06-30": -209, "2009-03-31": "-147.00000", "2008-12-31": -16, "2008-09-30": 162, "2008-06-30": -7, "2008-03-31": "27.00000", "2007-12-31": 115, "2007-09-30": 17, "2007-06-30": 39, "2007-03-31": "6.00000", "2006-12-31": 204, "2006-09-30": 139, "2006-06-30": 86, "2006-03-31": "44.00000", "2005-12-31": 53, "2005-09-30": 109, "2005-06-30": 59}, "Net Cash Flow": {"2020-09-30": 212, "2020-06-30": 15, "2020-03-31": "669.00000", "2019-12-31": 75, "2019-09-30": -56, "2019-06-30": 36, "2019-03-31": "43.00000", "2018-12-31": 27, "2018-09-30": -10, "2018-06-30": -202, "2018-03-31": "173.00000", "2017-12-31": -39, "2017-09-30": -173, "2017-06-30": 198, "2017-03-31": "97.00000", "2016-12-31": -150, "2016-09-30": -146, "2016-06-30": 160, "2016-03-31": "147.00000", "2015-12-31": -88, "2015-09-30": -151, "2015-06-30": 230, "2015-03-31": "-3.00000", "2014-12-31": -69, "2014-09-30": 5, "2014-06-30": 44, "2014-03-31": "9.00000", "2013-12-31": -75, "2013-09-30": -73, "2013-06-30": 125, "2013-03-31": "22.00000", "2012-12-31": -37, "2012-09-30": -54, "2012-06-30": 47, "2012-03-31": "97.00000", "2011-12-31": -33, "2011-09-30": -121, "2011-06-30": 122, "2011-03-31": "18.00000", "2010-12-31": -14, "2010-09-30": -69, "2010-06-30": 76, "2010-03-31": "8.00000", "2009-12-31": -15, "2009-09-30": -4, "2009-06-30": 39, "2009-03-31": "-1.00000", "2008-12-31": -92, "2008-09-30": -12, "2008-06-30": 11, "2008-03-31": "19.00000", "2007-12-31": -21, "2007-09-30": -20, "2007-06-30": 77, "2007-03-31": "-95.00000", "2006-12-31": 109, "2006-09-30": 12, "2006-06-30": 33, "2006-03-31": "16.00000", "2005-12-31": -21, "2005-09-30": -133, "2005-06-30": 159}, "Stock-Based Compensation": {"2020-09-30": 6, "2020-06-30": 7, "2020-03-31": "1.00000", "2019-12-31": 7, "2019-09-30": 5, "2019-06-30": 7, "2019-03-31": "5.00000", "2018-12-31": 8, "2018-09-30": 12, "2018-06-30": 91, "2018-03-31": "18.00000", "2017-12-31": 19, "2017-09-30": 13, "2017-06-30": 12, "2017-03-31": "15.00000", "2016-12-31": 5, "2016-09-30": 16, "2016-06-30": 22, "2016-03-31": "14.00000", "2015-12-31": 14, "2015-09-30": 15, "2015-06-30": 14, "2015-03-31": "15.00000", "2014-12-31": 14, "2014-09-30": 12, "2014-06-30": 15, "2014-03-31": "16.00000", "2013-12-31": 15, "2013-09-30": 13, "2013-06-30": 14, "2013-03-31": "11.00000", "2012-12-31": 10, "2012-09-30": 11, "2012-06-30": 10, "2012-03-31": "10.00000", "2011-12-31": 11, "2011-09-30": 10, "2011-06-30": 12, "2011-03-31": "9.00000", "2010-12-31": 9, "2010-09-30": 10, "2010-06-30": 10, "2010-03-31": "10.00000", "2009-12-31": 9, "2009-09-30": 10, "2009-06-30": 10, "2009-03-31": "8.00000", "2008-12-31": 7, "2008-09-30": 11, "2008-06-30": 10, "2008-03-31": "7.00000", "2007-12-31": 8, "2007-09-30": 7, "2007-06-30": 6, "2007-03-31": "5.00000", "2006-12-31": 5, "2006-09-30": 8, "2006-06-30": 0, "2006-03-31": "", "2005-12-31": 0, "2005-09-30": 0, "2005-06-30": 0}, "Common Stock Dividends Paid": {"2020-09-30": -26, "2020-06-30": -43, "2020-03-31": "-43.00000", "2019-12-31": -41, "2019-09-30": -41, "2019-06-30": -42, "2019-03-31": "-42.00000", "2018-12-31": -40, "2018-09-30": -40, "2018-06-30": -44, "2018-03-31": "-70.00000", "2017-12-31": -58, "2017-09-30": -59, "2017-06-30": -61, "2017-03-31": "-64.00000", "2016-12-31": -54, "2016-09-30": -54, "2016-06-30": -55, "2016-03-31": "-60.00000", "2015-12-31": -49, "2015-09-30": -49, "2015-06-30": -50, "2015-03-31": "-54.00000", "2014-12-31": -43, "2014-09-30": -43, "2014-06-30": -45, "2014-03-31": "-48.00000", "2013-12-31": -37, "2013-09-30": -39, "2013-06-30": -39, "2013-03-31": "-41.00000", "2012-12-31": -32, "2012-09-30": -32, "2012-06-30": -33, "2012-03-31": "-37.00000", "2011-12-31": -23, "2011-09-30": -23, "2011-06-30": -26, "2011-03-31": "-27.00000", "2010-12-31": -21, "2010-09-30": -21, "2010-06-30": -22, "2010-03-31": "-22.00000", "2009-12-31": -7, "2009-09-30": -7, "2009-06-30": -8, "2009-03-31": "-7.00000", "2008-12-31": -7, "2008-09-30": -7, "2008-06-30": -7, "2008-03-31": "-7.00000", "2007-12-31": -7, "2007-09-30": -7, "2007-06-30": 0, "2007-03-31": "", "2006-12-31": 0, "2006-09-30": -1360, "2006-06-30": 0, "2006-03-31": "", "2005-12-31": 59, "2005-09-30": -59, "2005-06-30": 0}}, "financial ratios": {"Current Ratio": {"2019-12-31": "3.26780", "2018-12-31": "3.09070", "2017-12-31": "2.85840", "2016-12-31": "0.89170", "2015-12-31": "0.89060", "2014-12-31": "1.00430", "2013-12-31": "1.08380", "2012-12-31": "0.96630", "2011-12-31": "1.10680", "2010-12-31": "1.11240", "2009-12-31": "0.92310", "2008-12-31": "0.88240", "2007-12-31": "0.94310", "2006-12-31": "1.03790", "2005-12-31": "1.98300"}, "Long-term Debt / Capital": {"2019-12-31": "1.10370", "2018-12-31": "1.12190", "2017-12-31": "0.88580", "2016-12-31": "0.87920", "2015-12-31": "0.83800", "2014-12-31": "0.79220", "2013-12-31": "0.73930", "2012-12-31": "0.67540", "2011-12-31": "0.62830", "2010-12-31": "0.54610", "2009-12-31": "0.53860", "2008-12-31": "0.58720", "2007-12-31": "0.47610", "2006-12-31": "0.42280", "2005-12-31": "0.25100"}, "Debt/Equity Ratio": {"2019-12-31": "-10.63930", "2018-12-31": "-9.20560", "2017-12-31": "7.75970", "2016-12-31": "7.57800", "2015-12-31": "5.43650", "2014-12-31": "4.01990", "2013-12-31": "2.97910", "2012-12-31": "2.36250", "2011-12-31": "1.79880", "2010-12-31": "1.28350", "2009-12-31": "1.31030", "2008-12-31": "1.62000", "2007-12-31": "1.02590", "2006-12-31": "0.81480", "2005-12-31": "0.40570"}, "Gross Margin": {"2019-12-31": "52.01580", "2018-12-31": "51.33550", "2017-12-31": "51.12980", "2016-12-31": "50.48750", "2015-12-31": "52.13200", "2014-12-31": "52.58470", "2013-12-31": "52.20600", "2012-12-31": "53.83770", "2011-12-31": "52.39780", "2010-12-31": "51.28540", "2009-12-31": "51.38670", "2008-12-31": "52.55780", "2007-12-31": "51.42200", "2006-12-31": "53.38370", "2005-12-31": "55.63240"}, "Operating Margin": {"2019-12-31": "20.08410", "2018-12-31": "13.30450", "2017-12-31": "11.53440", "2016-12-31": "17.82230", "2015-12-31": "19.16770", "2014-12-31": "17.81860", "2013-12-31": "18.16730", "2012-12-31": "18.79140", "2011-12-31": "18.03010", "2010-12-31": "18.64450", "2009-12-31": "15.84000", "2008-12-31": "-19.38800", "2007-12-31": "16.28440", "2006-12-31": "15.01820", "2005-12-31": "17.86230"}, "EBIT Margin": {"2019-12-31": "20.08410", "2018-12-31": "13.30450", "2017-12-31": "11.53440", "2016-12-31": "17.82230", "2015-12-31": "19.16770", "2014-12-31": "17.81860", "2013-12-31": "18.16730", "2012-12-31": "18.79140", "2011-12-31": "18.03010", "2010-12-31": "18.64450", "2009-12-31": "15.84000", "2008-12-31": "-19.38800", "2007-12-31": "16.28440", "2006-12-31": "15.01820", "2005-12-31": "17.86230"}, "EBITDA Margin": {"2019-12-31": "23.07690", "2018-12-31": "16.81510", "2017-12-31": "15.10770", "2016-12-31": "21.26220", "2015-12-31": "23.00120", "2014-12-31": "22.23060", "2013-12-31": "22.47950", "2012-12-31": "22.87160", "2011-12-31": "22.21440", "2010-12-31": "23.13690", "2009-12-31": "20.58670", "2008-12-31": "-15.08990", "2007-12-31": "20.09170", "2006-12-31": "18.87040", "2005-12-31": "21.63640"}, "Pre-Tax Profit Margin": {"2019-12-31": "16.81920", "2018-12-31": "10.07380", "2017-12-31": "8.35520", "2016-12-31": "14.68040", "2015-12-31": "17.15870", "2014-12-31": "16.00080", "2013-12-31": "13.63550", "2012-12-31": "13.85090", "2011-12-31": "15.27970", "2010-12-31": "14.61960", "2009-12-31": "13.14670", "2008-12-31": "-20.71950", "2007-12-31": "15.02290", "2006-12-31": "14.10720", "2005-12-31": "18.03520"}, "Net Profit Margin": {"2019-12-31": "12.54020", "2018-12-31": "17.09490", "2017-12-31": "22.43830", "2016-12-31": "16.54930", "2015-12-31": "12.54610", "2014-12-31": "10.01700", "2013-12-31": "8.62450", "2012-12-31": "8.82220", "2011-12-31": "9.80250", "2010-12-31": "9.84160", "2009-12-31": "7.81330", "2008-12-31": "-25.08760", "2007-12-31": "9.24310", "2006-12-31": "7.47010", "2005-12-31": "12.41720"}, "Asset Turnover": {"2019-12-31": "0.54250", "2018-12-31": "0.54920", "2017-12-31": "0.36420", "2016-12-31": "0.37600", "2015-12-31": "0.50860", "2014-12-31": "0.54560", "2013-12-31": "0.51420", "2012-12-31": "0.47910", "2011-12-31": "0.47150", "2010-12-31": "0.40900", "2009-12-31": "0.40100", "2008-12-31": "0.44720", "2007-12-31": "0.41690", "2006-12-31": "0.40360", "2005-12-31": "0.37860"}, "Inventory Turnover Ratio": {"2019-12-31": "1.61800", "2018-12-31": "1.56290", "2017-12-31": "1.48920", "2016-12-31": "5.89680", "2015-12-31": "7.91530", "2014-12-31": "8.29140", "2013-12-31": "6.91910", "2012-12-31": "5.52240", "2011-12-31": "5.76920", "2010-12-31": "5.39080", "2009-12-31": "5.14970", "2008-12-31": "4.90580", "2007-12-31": "3.61430", "2006-12-31": "3.44420", "2005-12-31": "3.45290"}, "Receiveable Turnover": {"2019-12-31": "1.23870", "2018-12-31": "1.24480", "2017-12-31": "1.22930", "2016-12-31": "5.78680", "2015-12-31": "5.68530", "2014-12-31": "6.59300", "2013-12-31": "6.18400", "2012-12-31": "5.96580", "2011-12-31": "6.02550", "2010-12-31": "5.34860", "2009-12-31": "5.41130", "2008-12-31": "5.70040", "2007-12-31": "5.82110", "2006-12-31": "5.60060", "2005-12-31": "5.69020"}, "Days Sales In Receivables": {"2019-12-31": "294.67230", "2018-12-31": "293.22560", "2017-12-31": "296.91020", "2016-12-31": "63.07420", "2015-12-31": "64.20050", "2014-12-31": "55.36170", "2013-12-31": "59.02380", "2012-12-31": "61.18220", "2011-12-31": "60.57590", "2010-12-31": "68.24200", "2009-12-31": "67.45200", "2008-12-31": "64.03060", "2007-12-31": "62.70300", "2006-12-31": "65.17180", "2005-12-31": "64.14580"}, "ROE - Return On Equity": {"2019-12-31": "-93.32060", "2018-12-31": "-46.74870", "2017-12-31": "83.46250", "2016-12-31": "49.02510", "2015-12-31": "57.92240", "2014-12-31": "42.08430", "2013-12-31": "26.64620", "2012-12-31": "20.66290", "2011-12-31": "18.68280", "2010-12-31": "12.99280", "2009-12-31": "10.90030", "2008-12-31": "-45.85820", "2007-12-31": "11.46190", "2006-12-31": "9.89040", "2005-12-31": "8.56350"}, "Return On Tangible Equity": {"2019-12-31": "-29.87170", "2018-12-31": "-16.62500", "2017-12-31": "-230.71430", "2016-12-31": "-23.14270", "2015-12-31": "-31.85230", "2014-12-31": "-37.57100", "2013-12-31": "-38.76460", "2012-12-31": "-48.42230", "2011-12-31": "-110.31750", "2010-12-31": "143.01890", "2009-12-31": "116.73310", "2008-12-31": "1220.45400", "2007-12-31": "-165.84360", "2006-12-31": "-197.75280", "2005-12-31": "30.87390"}, "ROA - Return On Assets": {"2019-12-31": "6.56110", "2018-12-31": "3.71610", "2017-12-31": "6.18180", "2016-12-31": "3.58490", "2015-12-31": "5.75540", "2014-12-31": "5.46540", "2013-12-31": "4.44510", "2012-12-31": "4.21640", "2011-12-31": "4.62150", "2010-12-31": "4.02510", "2009-12-31": "3.13300", "2008-12-31": "-11.21910", "2007-12-31": "3.85310", "2006-12-31": "3.69750", "2005-12-31": "4.70160"}, "ROI - Return On Investment": {"2019-12-31": "9.68130", "2018-12-31": "5.69720", "2017-12-31": "9.52800", "2016-12-31": "5.92390", "2015-12-31": "9.38620", "2014-12-31": "8.74520", "2013-12-31": "6.94690", "2012-12-31": "6.70700", "2011-12-31": "6.94420", "2010-12-31": "5.89700", "2009-12-31": "5.02920", "2008-12-31": "-18.93180", "2007-12-31": "6.00510", "2006-12-31": "5.70870", "2005-12-31": "6.41370"}, "Book Value Per Share": {"2019-12-31": "-5.94760", "2018-12-31": "-5.99050", "2017-12-31": "7.74700", "2016-12-31": "6.80050", "2015-12-31": "8.37400", "2014-12-31": "10.38360", "2013-12-31": "12.65850", "2012-12-31": "14.06530", "2011-12-31": "15.17770", "2010-12-31": "16.82350", "2009-12-31": "15.04990", "2008-12-31": "13.20470", "2007-12-31": "19.84010", "2006-12-31": "18.69060", "2005-12-31": ""}, "Operating Cash Flow Per Share": {"2019-12-31": 0.4362, "2018-12-31": -5.0526, "2017-12-31": 0.8011, "2016-12-31": 0.3794, "2015-12-31": 0.5797, "2014-12-31": 0.2813, "2013-12-31": 0.5426, "2012-12-31": 0.8819, "2011-12-31": 2.6098, "2010-12-31": -0.3533, "2009-12-31": 3.1733, "2008-12-31": 0.5578, "2007-12-31": -0.7745, "2006-12-31": -1.6309, "2005-12-31": 2.46}, "Free Cash Flow Per Share": {"2019-12-31": 0.2652, "2018-12-31": -5.0187, "2017-12-31": 0.8272, "2016-12-31": 0.9097, "2015-12-31": 0.8419, "2014-12-31": 0.1939, "2013-12-31": 0.214, "2012-12-31": 0.8873, "2011-12-31": 2.0727, "2010-12-31": -0.5143, "2009-12-31": 3.4822, "2008-12-31": 0.5673, "2007-12-31": -0.8748, "2006-12-31": -1.9207, "2005-12-31": 1.79}}, "financial ratios, quarterly": {"Current Ratio": {"2020-09-30": "3.73840", "2020-06-30": "3.61190", "2020-03-31": "3.67060", "2019-12-31": "3.26780", "2019-09-30": "1.21900", "2019-06-30": "1.26530", "2019-03-31": "1.19890", "2018-12-31": "3.09070", "2018-09-30": "2.63730", "2018-06-30": "2.56320", "2018-03-31": "1.18810", "2017-12-31": "2.85840", "2017-09-30": "0.96130", "2017-06-30": "0.94710", "2017-03-31": "0.98000", "2016-12-31": "0.89170", "2016-09-30": "0.95440", "2016-06-30": "0.97210", "2016-03-31": "1.04120", "2015-12-31": "0.89060", "2015-09-30": "0.96950", "2015-06-30": "1.00050", "2015-03-31": "1.01010", "2014-12-31": "1.00430", "2014-09-30": "1.01710", "2014-06-30": "0.94790", "2014-03-31": "1.04870", "2013-12-31": "1.08380", "2013-09-30": "1.10950", "2013-06-30": "1.05920", "2013-03-31": "1.02490", "2012-12-31": "0.96630", "2012-09-30": "1.13740", "2012-06-30": "1.13690", "2012-03-31": "1.19830", "2011-12-31": "1.10680", "2011-09-30": "1.08980", "2011-06-30": "1.08740", "2011-03-31": "1.12280", "2010-12-31": "1.11240", "2010-09-30": "1.05330", "2010-06-30": "0.93300", "2010-03-31": "0.98270", "2009-12-31": "0.92310", "2009-09-30": "0.93250", "2009-06-30": "0.89300", "2009-03-31": "0.87690", "2008-12-31": "0.88240", "2008-09-30": "0.86260", "2008-06-30": "0.93790", "2008-03-31": "0.92690", "2007-12-31": "0.94310", "2007-09-30": "0.89060", "2007-06-30": "0.99220", "2007-03-31": "0.96690", "2006-12-31": "1.03790", "2006-09-30": "0.94870", "2006-06-30": "1.63150", "2006-03-31": "", "2005-12-31": "", "2005-09-30": "", "2005-06-30": ""}, "Long-term Debt / Capital": {"2020-09-30": "1.17580", "2020-06-30": "1.19590", "2020-03-31": "1.16190", "2019-12-31": "1.10370", "2019-09-30": "1.23010", "2019-06-30": "1.22420", "2019-03-31": "1.25920", "2018-12-31": "1.12190", "2018-09-30": "1.10950", "2018-06-30": "1.11420", "2018-03-31": "0.90180", "2017-12-31": "0.88580", "2017-09-30": "0.90000", "2017-06-30": "0.90340", "2017-03-31": "0.89170", "2016-12-31": "0.87920", "2016-09-30": "0.86750", "2016-06-30": "0.86860", "2016-03-31": "0.86050", "2015-12-31": "0.83800", "2015-09-30": "0.82870", "2015-06-30": "0.82340", "2015-03-31": "0.82010", "2014-12-31": "0.79220", "2014-09-30": "0.76610", "2014-06-30": "0.75060", "2014-03-31": "0.75200", "2013-12-31": "0.73930", "2013-09-30": "0.73180", "2013-06-30": "0.73350", "2013-03-31": "0.71950", "2012-12-31": "0.67540", "2012-09-30": "0.67440", "2012-06-30": "0.66250", "2012-03-31": "0.65430", "2011-12-31": "0.62830", "2011-09-30": "0.59900", "2011-06-30": "0.57240", "2011-03-31": "0.56780", "2010-12-31": "0.54610", "2010-09-30": "0.53850", "2010-06-30": "0.53040", "2010-03-31": "0.55270", "2009-12-31": "0.53860", "2009-09-30": "0.54340", "2009-06-30": "0.55270", "2009-03-31": "0.57170", "2008-12-31": "0.58720", "2008-09-30": "0.46840", "2008-06-30": "0.46760", "2008-03-31": "0.47580", "2007-12-31": "0.47610", "2007-09-30": "0.46870", "2007-06-30": "0.47900", "2007-03-31": "0.44850", "2006-12-31": "0.42280", "2006-09-30": "0.37270", "2006-06-30": "0.25640", "2006-03-31": "", "2005-12-31": "", "2005-09-30": "", "2005-06-30": ""}, "Debt/Equity Ratio": {"2020-09-30": "-6.68780", "2020-06-30": "-6.10570", "2020-03-31": "-7.17620", "2019-12-31": "-10.63930", "2019-09-30": "-9.72110", "2019-06-30": "-9.70000", "2019-03-31": "-9.05990", "2018-12-31": "-9.20560", "2018-09-30": "-10.13560", "2018-06-30": "-9.75770", "2018-03-31": "9.63230", "2017-12-31": "7.75970", "2017-09-30": "9.36670", "2017-06-30": "9.72970", "2017-03-31": "8.57810", "2016-12-31": "7.57800", "2016-09-30": "6.83690", "2016-06-30": "6.92190", "2016-03-31": "6.46670", "2015-12-31": "5.43650", "2015-09-30": "5.08640", "2015-06-30": "4.90740", "2015-03-31": "4.80810", "2014-12-31": "4.01990", "2014-09-30": "3.44650", "2014-06-30": "3.16950", "2014-03-31": "3.19230", "2013-12-31": "2.97910", "2013-09-30": "2.87220", "2013-06-30": "2.91660", "2013-03-31": "2.84120", "2012-12-31": "2.36250", "2012-09-30": "2.20460", "2012-06-30": "2.06410", "2012-03-31": "2.01510", "2011-12-31": "1.79880", "2011-09-30": "1.58290", "2011-06-30": "1.42770", "2011-03-31": "1.39820", "2010-12-31": "1.28350", "2010-09-30": "1.24220", "2010-06-30": "1.23170", "2010-03-31": "1.32540", "2009-12-31": "1.31030", "2009-09-30": "1.36770", "2009-06-30": "1.41750", "2009-03-31": "1.53300", "2008-12-31": "1.62000", "2008-09-30": "1.01600", "2008-06-30": "1.01290", "2008-03-31": "1.03790", "2007-12-31": "1.02590", "2007-09-30": "1.01820", "2007-06-30": "1.03520", "2007-03-31": "0.91690", "2006-12-31": "0.81480", "2006-09-30": "0.69270", "2006-06-30": "0.42590", "2006-03-31": "", "2005-12-31": "", "2005-09-30": "", "2005-06-30": ""}, "Gross Margin": {"2020-09-30": "49.34850", "2020-06-30": "39.35860", "2020-03-31": "29.74910", "2019-12-31": "53.72070", "2019-09-30": "51.49320", "2019-06-30": "52.16550", "2019-03-31": "50.65360", "2018-12-31": "50.99480", "2018-09-30": "52.25990", "2018-06-30": "51.83710", "2018-03-31": "50.05510", "2017-12-31": "48.25490", "2017-09-30": "52.01970", "2017-06-30": "51.73820", "2017-03-31": "51.47310", "2016-12-31": "56.04770", "2016-09-30": "52.63830", "2016-06-30": "52.03140", "2016-03-31": "48.73370", "2015-12-31": "55.35170", "2015-09-30": "51.91820", "2015-06-30": "51.64520", "2015-03-31": "51.26780", "2014-12-31": "51.01540", "2014-09-30": "55.08590", "2014-06-30": "53.01560", "2014-03-31": "50.54490", "2013-12-31": "51.17060", "2013-09-30": "54.37980", "2013-06-30": "52.11490", "2013-03-31": "50.66200", "2012-12-31": "52.37660", "2012-09-30": "55.49410", "2012-06-30": "54.69710", "2012-03-31": "52.41310", "2011-12-31": "51.60000", "2011-09-30": "54.95050", "2011-06-30": "51.46790", "2011-03-31": "51.05040", "2010-12-31": "48.66600", "2010-09-30": "54.08450", "2010-06-30": "51.71340", "2010-03-31": "50.22570", "2009-12-31": "51.80720", "2009-09-30": "53.24800", "2009-06-30": "50.10870", "2009-03-31": "50.16650", "2008-12-31": "53.23820", "2008-09-30": "54.40460", "2008-06-30": "51.85510", "2008-03-31": "50.49410", "2007-12-31": "51.55040", "2007-09-30": "53.12500", "2007-06-30": "49.90910", "2007-03-31": "50.88930", "2006-12-31": "51.64950", "2006-09-30": "54.72780", "2006-06-30": "52.98430", "2006-03-31": "54.13790", "2005-12-31": "", "2005-09-30": "57.70040", "2005-06-30": "55.82470"}, "Operating Margin": {"2020-09-30": "10.42350", "2020-06-30": "-33.23620", "2020-03-31": "-25.26880", "2019-12-31": "26.50360", "2019-09-30": "19.36650", "2019-06-30": "19.05680", "2019-03-31": "15.25050", "2018-12-31": "16.54450", "2018-09-30": "18.54990", "2018-06-30": "6.45480", "2018-03-31": "11.35610", "2017-12-31": "3.79360", "2017-09-30": "18.12810", "2017-06-30": "4.60120", "2017-03-31": "16.03120", "2016-12-31": "24.53150", "2016-09-30": "21.36050", "2016-06-30": "19.31580", "2016-03-31": "14.96550", "2015-12-31": "19.57190", "2015-09-30": "20.46040", "2015-06-30": "19.38480", "2015-03-31": "17.11570", "2014-12-31": "12.42890", "2014-09-30": "23.18360", "2014-06-30": "19.80640", "2014-03-31": "14.33360", "2013-12-31": "13.79600", "2013-09-30": "22.63490", "2013-06-30": "19.23380", "2013-03-31": "15.97530", "2012-12-31": "14.16820", "2012-09-30": "22.76680", "2012-06-30": "20.28100", "2012-03-31": "17.18150", "2011-12-31": "10.10000", "2011-09-30": "23.43230", "2011-06-30": "21.10090", "2011-03-31": "15.96640", "2010-12-31": "14.62110", "2010-09-30": "26.19720", "2010-06-30": "17.86090", "2010-03-31": "14.67270", "2009-12-31": "16.21030", "2009-09-30": "20.27560", "2009-06-30": "16.41300", "2009-03-31": "9.87790", "2008-12-31": "-145.77390", "2008-09-30": "19.73900", "2008-06-30": "15.10600", "2008-03-31": "8.39920", "2007-12-31": "18.31400", "2007-09-30": "16.20070", "2007-06-30": "15.45460", "2007-03-31": "15.21740", "2006-12-31": "16.49480", "2006-09-30": "13.27600", "2006-06-30": "13.61260", "2006-03-31": "17.01150", "2005-12-31": "", "2005-09-30": "21.09710", "2005-06-30": "17.18570"}, "EBIT Margin": {"2020-09-30": "10.42350", "2020-06-30": "-33.23620", "2020-03-31": "-25.26880", "2019-12-31": "26.50360", "2019-09-30": "19.36650", "2019-06-30": "19.05680", "2019-03-31": "15.25050", "2018-12-31": "16.54450", "2018-09-30": "18.54990", "2018-06-30": "6.45480", "2018-03-31": "11.35610", "2017-12-31": "3.79360", "2017-09-30": "18.12810", "2017-06-30": "4.60120", "2017-03-31": "16.03120", "2016-12-31": "24.53150", "2016-09-30": "21.36050", "2016-06-30": "19.31580", "2016-03-31": "14.96550", "2015-12-31": "19.57190", "2015-09-30": "20.46040", "2015-06-30": "19.38480", "2015-03-31": "17.11570", "2014-12-31": "12.42890", "2014-09-30": "23.18360", "2014-06-30": "19.80640", "2014-03-31": "14.33360", "2013-12-31": "13.79600", "2013-09-30": "22.63490", "2013-06-30": "19.23380", "2013-03-31": "15.97530", "2012-12-31": "14.16820", "2012-09-30": "22.76680", "2012-06-30": "20.28100", "2012-03-31": "17.18150", "2011-12-31": "10.10000", "2011-09-30": "23.43230", "2011-06-30": "21.10090", "2011-03-31": "15.96640", "2010-12-31": "14.62110", "2010-09-30": "26.19720", "2010-06-30": "17.86090", "2010-03-31": "14.67270", "2009-12-31": "16.21030", "2009-09-30": "20.27560", "2009-06-30": "16.41300", "2009-03-31": "9.87790", "2008-12-31": "-145.77390", "2008-09-30": "19.73900", "2008-06-30": "15.10600", "2008-03-31": "8.39920", "2007-12-31": "18.31400", "2007-09-30": "16.20070", "2007-06-30": "15.45460", "2007-03-31": "15.21740", "2006-12-31": "16.49480", "2006-09-30": "13.27600", "2006-06-30": "13.61260", "2006-03-31": "17.01150", "2005-12-31": "", "2005-09-30": "21.09710", "2005-06-30": "17.18570"}, "EBITDA Margin": {"2020-09-30": "", "2020-06-30": "", "2020-03-31": "", "2019-12-31": "", "2019-09-30": "", "2019-06-30": "", "2019-03-31": "", "2018-12-31": "", "2018-09-30": "", "2018-06-30": "", "2018-03-31": "", "2017-12-31": "", "2017-09-30": "", "2017-06-30": "", "2017-03-31": "", "2016-12-31": "", "2016-09-30": "", "2016-06-30": "", "2016-03-31": "", "2015-12-31": "", "2015-09-30": "", "2015-06-30": "", "2015-03-31": "", "2014-12-31": "", "2014-09-30": "", "2014-06-30": "", "2014-03-31": "", "2013-12-31": "", "2013-09-30": "", "2013-06-30": "", "2013-03-31": "", "2012-12-31": "", "2012-09-30": "", "2012-06-30": "", "2012-03-31": "", "2011-12-31": "", "2011-09-30": "", "2011-06-30": "", "2011-03-31": "", "2010-12-31": "", "2010-09-30": "", "2010-06-30": "", "2010-03-31": "", "2009-12-31": "", "2009-09-30": "", "2009-06-30": "", "2009-03-31": "", "2008-12-31": "", "2008-09-30": "", "2008-06-30": "", "2008-03-31": "", "2007-12-31": "", "2007-09-30": "", "2007-06-30": "", "2007-03-31": "", "2006-12-31": "", "2006-09-30": "", "2006-06-30": "", "2006-03-31": "", "2005-12-31": "", "2005-09-30": "", "2005-06-30": ""}, "Pre-Tax Profit Margin": {"2020-09-30": "3.09450", "2020-06-30": "-44.60640", "2020-03-31": "-31.89960", "2019-12-31": "22.93580", "2019-09-30": "16.38010", "2019-06-30": "15.59190", "2019-03-31": "12.20040", "2018-12-31": "12.87960", "2018-09-30": "17.13750", "2018-06-30": "2.58190", "2018-03-31": "7.16650", "2017-12-31": "-1.36570", "2017-09-30": "16.15760", "2017-06-30": "1.02250", "2017-03-31": "13.25820", "2016-12-31": "29.47190", "2016-09-30": "19.51690", "2016-06-30": "17.46260", "2016-03-31": "12.50960", "2015-12-31": "15.44340", "2015-09-30": "18.67010", "2015-06-30": "17.59660", "2015-03-31": "15.68940", "2014-12-31": "10.56050", "2014-09-30": "21.46630", "2014-06-30": "17.94490", "2014-03-31": "12.48950", "2013-12-31": "11.28760", "2013-09-30": "20.74280", "2013-06-30": "16.83960", "2013-03-31": "3.61870", "2012-12-31": "11.15170", "2012-09-30": "20.23720", "2012-06-30": "18.08600", "2012-03-31": "4.24710", "2011-12-31": "6.70000", "2011-09-30": "22.35970", "2011-06-30": "17.98170", "2011-03-31": "12.18490", "2010-12-31": "11.20600", "2010-09-30": "22.06570", "2010-06-30": "14.64170", "2010-03-31": "9.25510", "2009-12-31": "12.81490", "2009-09-30": "17.22440", "2009-06-30": "13.80440", "2009-03-31": "8.21310", "2008-12-31": "-147.64000", "2008-09-30": "18.59710", "2008-06-30": "14.13430", "2008-03-31": "6.91700", "2007-12-31": "16.76360", "2007-09-30": "15.54280", "2007-06-30": "14.00000", "2007-03-31": "13.73520", "2006-12-31": "15.05160", "2006-09-30": "12.12990", "2006-06-30": "12.46070", "2006-03-31": "17.24140", "2005-12-31": "", "2005-09-30": "21.20250", "2005-06-30": "17.07040"}, "Net Profit Margin": {"2020-09-30": "6.51470", "2020-06-30": "-47.81340", "2020-03-31": "-24.01430", "2019-12-31": "17.12540", "2019-09-30": "12.21720", "2019-06-30": "11.93460", "2019-03-31": "8.71460", "2018-12-31": "11.72780", "2018-09-30": "13.93600", "2018-06-30": "37.53720", "2018-03-31": "3.74860", "2017-12-31": "62.97420", "2017-09-30": "26.00990", "2017-06-30": "8.69120", "2017-03-31": "7.79900", "2016-12-31": "-27.76830", "2016-09-30": "12.46030", "2016-06-30": "11.11900", "2016-03-31": "7.36760", "2015-12-31": "21.55960", "2015-09-30": "12.14830", "2015-06-30": "11.37340", "2015-03-31": "9.66720", "2014-12-31": "6.49880", "2014-09-30": "13.60630", "2014-06-30": "11.39240", "2014-03-31": "7.54400", "2013-12-31": "7.10700", "2013-09-30": "13.10440", "2013-06-30": "10.61450", "2013-03-31": "2.38310", "2012-12-31": "7.40400", "2012-09-30": "12.56920", "2012-06-30": "11.23790", "2012-03-31": "3.08880", "2011-12-31": "5.60000", "2011-09-30": "14.43890", "2011-06-30": "10.45870", "2011-03-31": "7.56300", "2010-12-31": "8.32440", "2010-09-30": "14.64790", "2010-06-30": "9.86500", "2010-03-31": "5.64330", "2009-12-31": "7.99560", "2009-09-30": "10.23620", "2009-06-30": "7.71740", "2009-03-31": "4.99450", "2008-12-31": "-148.84740", "2008-09-30": "11.58240", "2008-06-30": "8.65720", "2008-03-31": "4.15020", "2007-12-31": "10.07750", "2007-09-30": "9.62170", "2007-06-30": "8.72730", "2007-03-31": "8.49800", "2006-12-31": "9.48450", "2006-09-30": "8.78700", "2006-06-30": "7.85340", "2006-03-31": "3.21840", "2005-12-31": "", "2005-09-30": "12.76370", "2005-06-30": "10.26530"}, "Asset Turnover": {"2020-09-30": "0.07850", "2020-06-30": "0.04510", "2020-03-31": "0.07180", "2019-12-31": "0.13160", "2019-09-30": "0.14610", "2019-06-30": "0.13920", "2019-03-31": "0.12460", "2018-12-31": "0.13340", "2018-09-30": "0.14890", "2018-06-30": "0.14230", "2018-03-31": "0.08170", "2017-12-31": "0.06310", "2017-09-30": "0.09890", "2017-06-30": "0.09450", "2017-03-31": "0.11160", "2016-12-31": "-0.05980", "2016-09-30": "0.16140", "2016-06-30": "0.14110", "2016-03-31": "0.12820", "2015-12-31": "0.06820", "2015-09-30": "0.16110", "2015-06-30": "0.13950", "2015-03-31": "0.12750", "2014-12-31": "0.12720", "2014-09-30": "0.15840", "2014-06-30": "0.13620", "2014-03-31": "0.11900", "2013-12-31": "0.12280", "2013-09-30": "0.14760", "2013-06-30": "0.12720", "2013-03-31": "0.11450", "2012-12-31": "0.11560", "2012-09-30": "0.13520", "2012-06-30": "0.12500", "2012-03-31": "0.11050", "2011-12-31": "0.11080", "2011-09-30": "0.13430", "2011-06-30": "0.11680", "2011-03-31": "0.10070", "2010-12-31": "0.09950", "2010-09-30": "0.11560", "2010-06-30": "0.10450", "2010-03-31": "0.09240", "2009-12-31": "0.09760", "2009-09-30": "0.10880", "2009-06-30": "0.09810", "2009-03-31": "0.09540", "2008-12-31": "0.09520", "2008-09-30": "0.11150", "2008-06-30": "0.10350", "2008-03-31": "0.09350", "2007-12-31": "0.09870", "2007-09-30": "0.11920", "2007-06-30": "0.11010", "2007-03-31": "0.10350", "2006-12-31": "0.10190", "2006-09-30": "0.11480", "2006-06-30": "0.09700", "2006-03-31": "", "2005-12-31": "", "2005-09-30": "", "2005-06-30": ""}, "Inventory Turnover Ratio": {"2020-09-30": "0.23370", "2020-06-30": "0.16280", "2020-03-31": "0.32180", "2019-12-31": "0.37860", "2019-09-30": "0.44330", "2019-06-30": "0.40870", "2019-03-31": "0.37350", "2018-12-31": "0.38240", "2018-09-30": "0.42360", "2018-06-30": "0.39020", "2018-03-31": "1.34420", "2017-12-31": "0.27300", "2017-09-30": "1.53630", "2017-06-30": "1.49840", "2017-03-31": "1.72840", "2016-12-31": "-0.83230", "2016-09-30": "2.59580", "2016-06-30": "2.35310", "2016-03-31": "2.27990", "2015-12-31": "0.98980", "2015-09-30": "2.75460", "2015-06-30": "2.37190", "2015-03-31": "2.10620", "2014-12-31": "1.99670", "2014-09-30": "2.22220", "2014-06-30": "1.95960", "2014-03-31": "1.75600", "2013-12-31": "1.68790", "2013-09-30": "1.99080", "2013-06-30": "1.81820", "2013-03-31": "1.53150", "2012-12-31": "1.37470", "2012-09-30": "1.51340", "2012-06-30": "1.42150", "2012-03-31": "1.36190", "2011-12-31": "1.37890", "2011-09-30": "1.62020", "2011-06-30": "1.53780", "2011-03-31": "1.35070", "2010-12-31": "1.38220", "2010-09-30": "1.45540", "2010-06-30": "1.35570", "2010-03-31": "1.33640", "2009-12-31": "1.24290", "2009-09-30": "1.31940", "2009-06-30": "1.17390", "2009-03-31": "1.14540", "2008-12-31": "1.02900", "2008-09-30": "1.12930", "2008-06-30": "0.88190", "2008-03-31": "0.85200", "2007-12-31": "0.85320", "2007-09-30": "1.02890", "2007-06-30": "0.89740", "2007-03-31": "0.91530", "2006-12-31": "0.90190", "2006-09-30": "0.86180", "2006-06-30": "0.89260", "2006-03-31": "", "2005-12-31": "", "2005-09-30": "", "2005-06-30": ""}, "Receiveable Turnover": {"2020-09-30": "0.23230", "2020-06-30": "0.12500", "2020-03-31": "0.19050", "2019-12-31": "0.30060", "2019-09-30": "0.33950", "2019-06-30": "0.32590", "2019-03-31": "0.29080", "2018-12-31": "0.30240", "2018-09-30": "0.33330", "2018-06-30": "0.32380", "2018-03-31": "1.26320", "2017-12-31": "0.21290", "2017-09-30": "1.20400", "2017-06-30": "1.14390", "2017-03-31": "1.04720", "2016-12-31": "-0.92010", "2016-09-30": "1.95160", "2016-06-30": "1.67020", "2016-03-31": "1.20650", "2015-12-31": "0.76220", "2015-09-30": "2.06060", "2015-06-30": "1.76740", "2015-03-31": "1.26450", "2014-12-31": "1.53680", "2014-09-30": "2.01600", "2014-06-30": "1.70220", "2014-03-31": "1.14490", "2013-12-31": "1.47650", "2013-09-30": "1.93620", "2013-06-30": "1.64220", "2013-03-31": "1.21570", "2012-12-31": "1.43950", "2012-09-30": "1.81750", "2012-06-30": "1.65550", "2012-03-31": "1.17860", "2011-12-31": "1.41640", "2011-09-30": "1.83640", "2011-06-30": "1.58660", "2011-03-31": "1.03590", "2010-12-31": "1.30140", "2010-09-30": "1.67980", "2010-06-30": "1.50470", "2010-03-31": "1.05730", "2009-12-31": "1.31750", "2009-09-30": "1.51870", "2009-06-30": "1.33720", "2009-03-31": "1.07130", "2008-12-31": "1.21300", "2008-09-30": "1.73410", "2008-06-30": "1.47010", "2008-03-31": "1.14220", "2007-12-31": "1.37780", "2007-09-30": "1.72480", "2007-06-30": "1.55370", "2007-03-31": "1.23720", "2006-12-31": "1.41400", "2006-09-30": "1.64880", "2006-06-30": "1.50160", "2006-03-31": "", "2005-12-31": "", "2005-09-30": "", "2005-06-30": ""}, "Days Sales In Receivables": {"2020-09-30": "387.41040", "2020-06-30": "720.26240", "2020-03-31": "472.41930", "2019-12-31": "299.44950", "2019-09-30": "265.11310", "2019-06-30": "276.15010", "2019-03-31": "309.50980", "2018-12-31": "297.61260", "2018-09-30": "270.00000", "2018-06-30": "277.95430", "2018-03-31": "71.24590", "2017-12-31": "422.82240", "2017-09-30": "74.74880", "2017-06-30": "78.68100", "2017-03-31": "85.94450", "2016-12-31": "-97.81940", "2016-09-30": "46.11570", "2016-06-30": "53.88450", "2016-03-31": "74.59710", "2015-12-31": "118.07340", "2015-09-30": "43.67650", "2015-06-30": "50.92270", "2015-03-31": "71.17270", "2014-12-31": "58.56220", "2014-09-30": "44.64330", "2014-06-30": "52.87420", "2014-03-31": "78.60850", "2013-12-31": "60.95320", "2013-09-30": "46.48210", "2013-06-30": "54.80450", "2013-03-31": "74.03350", "2012-12-31": "62.52290", "2012-09-30": "49.51780", "2012-06-30": "54.36350", "2012-03-31": "76.36100", "2011-12-31": "63.54000", "2011-09-30": "49.00990", "2011-06-30": "56.72480", "2011-03-31": "86.88030", "2010-12-31": "69.15690", "2010-09-30": "53.57750", "2010-06-30": "59.81310", "2010-03-31": "85.12420", "2009-12-31": "68.31330", "2009-09-30": "59.26180", "2009-06-30": "67.30430", "2009-03-31": "84.00670", "2008-12-31": "74.19320", "2008-09-30": "51.90050", "2008-06-30": "61.21910", "2008-03-31": "78.79450", "2007-12-31": "65.31980", "2007-09-30": "52.17930", "2007-06-30": "57.92730", "2007-03-31": "72.74700", "2006-12-31": "63.64950", "2006-09-30": "54.58450", "2006-06-30": "59.93720", "2006-03-31": "", "2005-12-31": "", "2005-09-30": "", "2005-06-30": ""}, "ROE - Return On Equity": {"2020-09-30": "-4.02820", "2020-06-30": "15.61910", "2020-03-31": "15.03930", "2019-12-31": "-29.58020", "2019-09-30": "-23.68420", "2019-06-30": "-21.07140", "2019-03-31": "-13.86990", "2018-12-31": "-18.62920", "2018-09-30": "-25.73670", "2018-06-30": "2.30770", "2018-03-31": "6.30770", "2017-12-31": "52.06720", "2017-09-30": "16.19050", "2017-06-30": "2.36490", "2017-03-31": "19.06910", "2016-12-31": "-13.50980", "2016-09-30": "24.71770", "2016-06-30": "19.97440", "2016-03-31": "11.42860", "2015-12-31": "8.49950", "2015-09-30": "18.64570", "2015-06-30": "14.87370", "2015-03-31": "11.25460", "2014-12-31": "6.36440", "2014-09-30": "14.59960", "2014-06-30": "10.28920", "2014-03-31": "5.90550", "2013-12-31": "5.29230", "2013-09-30": "11.11770", "2013-06-30": "8.09990", "2013-03-31": "1.54820", "2012-12-31": "4.19470", "2012-09-30": "7.87520", "2012-06-30": "6.41280", "2012-03-31": "1.45950", "2011-12-31": "2.50900", "2011-09-30": "7.23440", "2011-06-30": "4.36110", "2011-03-31": "2.65980", "2010-12-31": "2.67400", "2010-09-30": "5.35900", "2010-06-30": "3.50550", "2010-03-31": "1.85120", "2009-12-31": "2.71580", "2009-09-30": "3.95890", "2009-06-30": "2.82870", "2009-03-31": "1.89160", "2008-12-31": "-57.89920", "2008-09-30": "3.78360", "2008-06-30": "2.68710", "2008-03-31": "1.18740", "2007-12-31": "2.95790", "2007-09-30": "3.43310", "2007-06-30": "2.90910", "2007-03-31": "2.51760", "2006-12-31": "2.58500", "2006-09-30": "2.54710", "2006-06-30": "1.45910", "2006-03-31": "", "2005-12-31": "", "2005-09-30": "", "2005-06-30": ""}, "Return On Tangible Equity": {"2020-09-30": "-1.92030", "2020-06-30": "7.64210", "2020-03-31": "6.74040", "2019-12-31": "-9.46850", "2019-09-30": "-8.04530", "2019-06-30": "-7.43540", "2019-03-31": "-5.01550", "2018-12-31": "-6.62500", "2018-09-30": "-8.23380", "2018-06-30": "0.74720", "2018-03-31": "-2.32290", "2017-12-31": "-143.92860", "2017-09-30": "-4.65120", "2017-06-30": "-0.64550", "2017-03-31": "-6.12930", "2016-12-31": "6.37740", "2016-09-30": "-10.61420", "2016-06-30": "-8.37810", "2016-03-31": "-5.22020", "2015-12-31": "-4.67400", "2015-09-30": "-11.21610", "2015-06-30": "-9.57830", "2015-03-31": "-7.58710", "2014-12-31": "-5.68180", "2014-09-30": "-16.04360", "2014-06-30": "-12.19120", "2014-03-31": "-7.38920", "2013-12-31": "-7.69920", "2013-09-30": "-17.59170", "2013-06-30": "-12.31480", "2013-03-31": "-2.73280", "2012-12-31": "-9.83010", "2012-09-30": "-22.52130", "2012-06-30": "-21.40470", "2012-03-31": "-6.22490", "2011-12-31": "-14.81480", "2011-09-30": "-76.41920", "2011-06-30": "-219.23080", "2011-03-31": "171.42860", "2010-12-31": "29.43400", "2010-09-30": "46.70660", "2010-06-30": "45.45460", "2010-03-31": "23.80950", "2009-12-31": "29.08370", "2009-09-30": "57.77780", "2009-06-30": "110.93750", "2009-03-31": "-155.17240", "2008-12-31": "1540.90900", "2008-09-30": "-131.48150", "2008-06-30": "-101.03090", "2008-03-31": "-21.31980", "2007-12-31": "-42.79840", "2007-09-30": "-32.95780", "2007-06-30": "-21.42860", "2007-03-31": "-26.46150", "2006-12-31": "-51.68540", "2006-09-30": "-79.31040", "2006-06-30": "5.25210", "2006-03-31": "", "2005-12-31": "", "2005-09-30": "", "2005-06-30": ""}, "ROA - Return On Assets": {"2020-09-30": "0.51140", "2020-06-30": "-2.15870", "2020-03-31": "-1.72330", "2019-12-31": "2.07970", "2019-09-30": "1.78500", "2019-06-30": "1.58050", "2019-03-31": "1.09910", "2018-12-31": "1.48090", "2018-09-30": "1.83680", "2018-06-30": "-0.16960", "2018-03-31": "0.36940", "2017-12-31": "3.85650", "2017-09-30": "0.99410", "2017-06-30": "0.13530", "2017-03-31": "1.22790", "2016-12-31": "-0.98790", "2016-09-30": "2.02200", "2016-06-30": "1.56910", "2016-03-31": "0.94440", "2015-12-31": "0.84450", "2015-09-30": "1.95740", "2015-06-30": "1.58620", "2015-03-31": "1.23260", "2014-12-31": "0.82650", "2014-09-30": "2.15550", "2014-06-30": "1.55220", "2014-03-31": "0.89800", "2013-12-31": "0.88290", "2013-09-30": "1.93460", "2013-06-30": "1.35040", "2013-03-31": "0.27290", "2012-12-31": "0.85600", "2012-09-30": "1.69960", "2012-06-30": "1.40440", "2012-03-31": "0.33080", "2011-12-31": "0.62060", "2011-09-30": "1.93970", "2011-06-30": "1.22200", "2011-03-31": "0.76130", "2010-12-31": "0.82840", "2010-09-30": "1.69330", "2010-06-30": "1.03050", "2010-03-31": "0.52160", "2009-12-31": "0.78060", "2009-09-30": "1.11330", "2009-06-30": "0.75700", "2009-03-31": "0.47650", "2008-12-31": "-14.16480", "2008-09-30": "1.29130", "2008-06-30": "0.89590", "2008-03-31": "0.38810", "2007-12-31": "0.99440", "2007-09-30": "1.14710", "2007-06-30": "0.96060", "2007-03-31": "0.87990", "2006-12-31": "0.96640", "2006-09-30": "1.00900", "2006-06-30": "0.76150", "2006-03-31": "", "2005-12-31": "", "2005-09-30": "", "2005-06-30": ""}, "ROI - Return On Investment": {"2020-09-30": "0.70820", "2020-06-30": "-3.05910", "2020-03-31": "-2.43500", "2019-12-31": "3.06870", "2019-09-30": "5.45010", "2019-06-30": "4.72380", "2019-03-31": "3.59520", "2018-12-31": "2.27030", "2018-09-30": "2.81720", "2018-06-30": "-0.26350", "2018-03-31": "0.61910", "2017-12-31": "5.94400", "2017-09-30": "1.61980", "2017-06-30": "0.22850", "2017-03-31": "2.06570", "2016-12-31": "-1.63240", "2016-09-30": "3.27620", "2016-06-30": "2.62490", "2016-03-31": "1.59470", "2015-12-31": "1.37730", "2015-09-30": "3.19440", "2015-06-30": "2.62720", "2015-03-31": "2.02460", "2014-12-31": "1.32250", "2014-09-30": "3.41460", "2014-06-30": "2.56580", "2014-03-31": "1.46460", "2013-12-31": "1.37980", "2013-09-30": "2.98150", "2013-06-30": "2.15840", "2013-03-31": "0.43430", "2012-12-31": "1.36160", "2012-09-30": "2.56450", "2012-06-30": "2.16440", "2012-03-31": "0.50460", "2011-12-31": "0.93260", "2011-09-30": "2.90120", "2011-06-30": "1.86490", "2011-03-31": "1.14940", "2010-12-31": "1.21360", "2010-09-30": "2.47310", "2010-06-30": "1.64620", "2010-03-31": "0.82810", "2009-12-31": "1.25300", "2009-09-30": "1.80780", "2009-06-30": "1.26540", "2009-03-31": "0.81010", "2008-12-31": "-23.90270", "2008-09-30": "2.01130", "2008-06-30": "1.43070", "2008-03-31": "0.62250", "2007-12-31": "1.54970", "2007-09-30": "1.82390", "2007-06-30": "1.51560", "2007-03-31": "1.38840", "2006-12-31": "1.49210", "2006-09-30": "1.59780", "2006-06-30": "1.08510", "2006-03-31": "", "2005-12-31": "", "2005-09-30": "", "2005-06-30": ""}, "Book Value Per Share": {"2020-09-30": "-11.56470", "2020-06-30": "-12.29680", "2020-03-31": "-10.46580", "2019-12-31": "-5.94760", "2019-09-30": "-6.26730", "2019-06-30": "-6.06670", "2019-03-31": "-6.24220", "2018-12-31": "-5.99050", "2018-09-30": "-5.23010", "2018-06-30": "-5.21510", "2018-03-31": "6.51870", "2017-12-31": "7.74700", "2017-09-30": "6.22340", "2017-06-30": "5.76370", "2017-03-31": "6.38900", "2016-12-31": "6.80050", "2016-09-30": "7.40140", "2016-06-30": "7.11290", "2016-03-31": "7.50930", "2015-12-31": "8.37400", "2015-09-30": "8.78500", "2015-06-30": "9.05080", "2015-03-31": "9.03280", "2014-12-31": "10.38360", "2014-09-30": "11.45390", "2014-06-30": "11.89630", "2014-03-31": "11.98370", "2013-12-31": "12.65850", "2013-09-30": "12.93250", "2013-06-30": "12.37430", "2013-03-31": "12.86420", "2012-12-31": "14.06530", "2012-09-30": "14.36430", "2012-06-30": "14.07200", "2012-03-31": "14.58520", "2011-12-31": "15.17770", "2011-09-30": "15.74410", "2011-06-30": "15.95960", "2011-03-31": "15.95330", "2010-12-31": "16.82350", "2010-09-30": "16.66300", "2010-06-30": "15.19100", "2010-03-31": "15.02520", "2009-12-31": "15.04990", "2009-09-30": "14.71990", "2009-06-30": "14.06430", "2009-03-31": "13.37050", "2008-12-31": "13.20470", "2008-09-30": "21.16470", "2008-06-30": "20.56730", "2008-03-31": "20.00200", "2007-12-31": "19.84010", "2007-09-30": "19.14650", "2007-06-30": "18.49960", "2007-03-31": "18.54090", "2006-12-31": "18.69060", "2006-09-30": "18.32080", "2006-06-30": "25.65360", "2006-03-31": "", "2005-12-31": "", "2005-09-30": "", "2005-06-30": ""}, "Operating Cash Flow Per Share": {"2020-09-30": 1.0794, "2020-06-30": 0.8663, "2020-03-31": "0.65590", "2019-12-31": 1.4135, "2019-09-30": 0.638, "2019-06-30": 1.2352, "2019-03-31": "1.60510", "2018-12-31": 0.8878, "2018-09-30": 0.5269, "2018-06-30": 1.7215, "2018-03-31": "1.31940", "2017-12-31": 3.0553, "2017-09-30": 0.1119, "2017-06-30": 4.0957, "2017-03-31": "2.24530", "2016-12-31": 1.5356, "2016-09-30": 0.8397, "2016-06-30": 4.0423, "2016-03-31": "2.28950", "2015-12-31": 1.404, "2015-09-30": 0.782, "2015-06-30": 4.0679, "2015-03-31": "2.07380", "2014-12-31": 0.6131, "2014-09-30": 0.9396, "2014-06-30": 3.7722, "2014-03-31": "2.42310", "2013-12-31": 1.0156, "2013-09-30": 0.8776, "2013-06-30": 3.588, "2013-03-31": "1.98550", "2012-12-31": 1.313, "2012-09-30": 1.2097, "2012-06-30": 2.8712, "2012-03-31": "1.53020", "2011-12-31": 0.7336, "2011-09-30": 1.2145, "2011-06-30": 2.8148, "2011-03-31": "1.27930", "2010-12-31": 0.5628, "2010-09-30": -0.109, "2010-06-30": 1.8764, "2010-03-31": "1.10220", "2009-12-31": 0.6764, "2009-09-30": 0.5873, "2009-06-30": 1.3422, "2009-03-31": "1.17980", "2008-12-31": -0.2078, "2008-09-30": -0.2922, "2008-06-30": 0.6236, "2008-03-31": "0.48880", "2007-12-31": -0.3565, "2007-09-30": -0.0807, "2007-06-30": 0.5707, "2007-03-31": "-0.07890", "2006-12-31": -0.0773, "2006-09-30": -0.0986, "2006-06-30": 0.675, "2006-03-31": "0.33000", "2005-12-31": -0.67, "2005-09-30": -0.1534, "2005-06-30": 0.8234}, "Free Cash Flow Per Share": {"2020-09-30": 0.8856, "2020-06-30": 0.6513, "2020-03-31": "0.41430", "2019-12-31": 1.0599, "2019-09-30": 0.3586, "2019-06-30": 0.9105, "2019-03-31": "1.39390", "2018-12-31": 0.523, "2018-09-30": 0.3026, "2018-06-30": 1.4515, "2018-03-31": "1.18060", "2017-12-31": 2.7621, "2017-09-30": -0.1382, "2017-06-30": 3.8714, "2017-03-31": "1.98110", "2016-12-31": 1.7185, "2016-09-30": 0.406, "2016-06-30": 3.6124, "2016-03-31": "1.91230", "2015-12-31": 1.1463, "2015-09-30": 0.3849, "2015-06-30": 3.5935, "2015-03-31": "1.61480", "2014-12-31": -0.0548, "2014-09-30": 0.5227, "2014-06-30": 3.3605, "2014-03-31": "2.06920", "2013-12-31": 0.4029, "2013-09-30": 0.492, "2013-06-30": 3.1204, "2013-03-31": "1.68840", "2012-12-31": 0.7328, "2012-09-30": 0.8862, "2012-06-30": 2.562, "2012-03-31": "1.30870", "2011-12-31": 0.2382, "2011-09-30": 0.8348, "2011-06-30": 2.4791, "2011-03-31": "1.05030", "2010-12-31": 0.2036, "2010-09-30": -0.3156, "2010-06-30": 1.7331, "2010-03-31": "0.90860", "2009-12-31": 0.5303, "2009-09-30": 0.4697, "2009-06-30": 1.162, "2009-03-31": "0.88200", "2008-12-31": -0.5112, "2008-09-30": -0.5562, "2008-06-30": 0.3595, "2008-03-31": "0.26970", "2007-12-31": -0.6666, "2007-09-30": -0.3334, "2007-06-30": 0.3103, "2007-03-31": "-0.31580", "2006-12-31": -0.4558, "2006-09-30": -0.3299, "2006-06-30": 0.47, "2006-03-31": "0.18500", "2005-12-31": -0.28, "2005-09-30": -0.2889, "2005-06-30": 0.5689}}, "revenue": {"WYNDHAM DESTINATIONS, INC Annual Revenue (Millions of US $)": {"2019": "$4,043", "2018": "$3,931", "2017": "$3,806", "2016": "$3,692", "2015": "$4,878", "2014": "$5,281", "2013": "$5,009", "2012": "$4,534", "2011": "$4,254", "2010": "$3,851", "2009": "$3,750", "2008": "$4,281", "2007": "$4,360", "2006": "$3,842", "2005": "$3,471"}, "WYNDHAM DESTINATIONS, INC Quarterly Revenue (Millions of US $)": {"2020-09-30": "$614", "2020-06-30": "$343", "2020-03-31": "$558", "2019-12-31": "$981", "2019-09-30": "$1,105", "2019-06-30": "$1,039", "2019-03-31": "$918", "2018-12-31": "$955", "2018-09-30": "$1,062", "2018-06-30": "$1,007", "2018-03-31": "$907", "2017-12-31": "$659", "2017-09-30": "$1,015", "2017-06-30": "$978", "2017-03-31": "$1,154", "2016-12-31": "$-587", "2016-09-30": "$1,573", "2016-06-30": "$1,403", "2016-03-31": "$1,303", "2015-12-31": "$654", "2015-09-30": "$1,564", "2015-06-30": "$1,398", "2015-03-31": "$1,262", "2014-12-31": "$1,231", "2014-09-30": "$1,514", "2014-06-30": "$1,343", "2014-03-31": "$1,193", "2013-12-31": "$1,196", "2013-09-30": "$1,427", "2013-06-30": "$1,253", "2013-03-31": "$1,133", "2012-12-31": "$1,094", "2012-09-30": "$1,265", "2012-06-30": "$1,139", "2012-03-31": "$1,036", "2011-12-31": "$1,000", "2011-09-30": "$1,212", "2011-06-30": "$1,090", "2011-03-31": "$952", "2010-12-31": "$937", "2010-09-30": "$1,065", "2010-06-30": "$963", "2010-03-31": "$886", "2009-12-31": "$913", "2009-09-30": "$1,016", "2009-06-30": "$920", "2009-03-31": "$901", "2008-12-31": "$911", "2008-09-30": "$1,226", "2008-06-30": "$1,132", "2008-03-31": "$1,012", "2007-12-31": "$1,032", "2007-09-30": "$1,216", "2007-06-30": "$1,100", "2007-03-31": "$1,012", "2006-12-31": "$970", "2006-09-30": "$1,047", "2006-06-30": "$955", "2006-03-31": "$870", "2005-12-31": "", "2005-09-30": "$948", "2005-06-30": "$867"}}, "gross-profit": {"WYNDHAM DESTINATIONS, INC Annual Gross Profit (Millions of US $)": {"2019": "$2,103", "2018": "$2,018", "2017": "$1,946", "2016": "$1,864", "2015": "$2,543", "2014": "$2,777", "2013": "$2,615", "2012": "$2,441", "2011": "$2,229", "2010": "$1,975", "2009": "$1,927", "2008": "$2,250", "2007": "$2,242", "2006": "$2,051", "2005": "$1,931"}, "WYNDHAM DESTINATIONS, INC Quarterly Gross Profit (Millions of US $)": {"2020-09-30": "$303", "2020-06-30": "$135", "2020-03-31": "$166", "2019-12-31": "$527", "2019-09-30": "$569", "2019-06-30": "$542", "2019-03-31": "$465", "2018-12-31": "$487", "2018-09-30": "$555", "2018-06-30": "$522", "2018-03-31": "$454", "2017-12-31": "$318", "2017-09-30": "$528", "2017-06-30": "$506", "2017-03-31": "$594", "2016-12-31": "$-329", "2016-09-30": "$828", "2016-06-30": "$730", "2016-03-31": "$635", "2015-12-31": "$362", "2015-09-30": "$812", "2015-06-30": "$722", "2015-03-31": "$647", "2014-12-31": "$628", "2014-09-30": "$834", "2014-06-30": "$712", "2014-03-31": "$603", "2013-12-31": "$612", "2013-09-30": "$776", "2013-06-30": "$653", "2013-03-31": "$574", "2012-12-31": "$573", "2012-09-30": "$702", "2012-06-30": "$623", "2012-03-31": "$543", "2011-12-31": "$516", "2011-09-30": "$666", "2011-06-30": "$561", "2011-03-31": "$486", "2010-12-31": "$456", "2010-09-30": "$576", "2010-06-30": "$498", "2010-03-31": "$445", "2009-12-31": "$473", "2009-09-30": "$541", "2009-06-30": "$461", "2009-03-31": "$452", "2008-12-31": "$485", "2008-09-30": "$667", "2008-06-30": "$587", "2008-03-31": "$511", "2007-12-31": "$532", "2007-09-30": "$646", "2007-06-30": "$549", "2007-03-31": "$515", "2006-12-31": "$501", "2006-09-30": "$573", "2006-06-30": "$506", "2006-03-31": "$471", "2005-12-31": "", "2005-09-30": "$547", "2005-06-30": "$484"}}, "operating-income": {"WYNDHAM DESTINATIONS, INC Annual Operating Income (Millions of US $)": {"2019": "$812", "2018": "$523", "2017": "$439", "2016": "$658", "2015": "$935", "2014": "$941", "2013": "$910", "2012": "$852", "2011": "$767", "2010": "$718", "2009": "$594", "2008": "$-830", "2007": "$710", "2006": "$577", "2005": "$620"}, "WYNDHAM DESTINATIONS, INC Quarterly Operating Income (Millions of US $)": {"2020-09-30": "$64", "2020-06-30": "$-114", "2020-03-31": "$-141", "2019-12-31": "$260", "2019-09-30": "$214", "2019-06-30": "$198", "2019-03-31": "$140", "2018-12-31": "$158", "2018-09-30": "$197", "2018-06-30": "$65", "2018-03-31": "$103", "2017-12-31": "$25", "2017-09-30": "$184", "2017-06-30": "$45", "2017-03-31": "$185", "2016-12-31": "$-144", "2016-09-30": "$336", "2016-06-30": "$271", "2016-03-31": "$195", "2015-12-31": "$128", "2015-09-30": "$320", "2015-06-30": "$271", "2015-03-31": "$216", "2014-12-31": "$153", "2014-09-30": "$351", "2014-06-30": "$266", "2014-03-31": "$171", "2013-12-31": "$165", "2013-09-30": "$323", "2013-06-30": "$241", "2013-03-31": "$181", "2012-12-31": "$155", "2012-09-30": "$288", "2012-06-30": "$231", "2012-03-31": "$178", "2011-12-31": "$101", "2011-09-30": "$284", "2011-06-30": "$230", "2011-03-31": "$152", "2010-12-31": "$137", "2010-09-30": "$279", "2010-06-30": "$172", "2010-03-31": "$130", "2009-12-31": "$148", "2009-09-30": "$206", "2009-06-30": "$151", "2009-03-31": "$89", "2008-12-31": "$-1,328", "2008-09-30": "$242", "2008-06-30": "$171", "2008-03-31": "$85", "2007-12-31": "$189", "2007-09-30": "$197", "2007-06-30": "$170", "2007-03-31": "$154", "2006-12-31": "$160", "2006-09-30": "$139", "2006-06-30": "$130", "2006-03-31": "$148", "2005-12-31": "", "2005-09-30": "$200", "2005-06-30": "$149"}}, "ebitda": {"WYNDHAM DESTINATIONS, INC Annual EBITDA (Millions of US $)": {"2019": "$933", "2018": "$661", "2017": "$575", "2016": "$785", "2015": "$1,122", "2014": "$1,174", "2013": "$1,126", "2012": "$1,037", "2011": "$945", "2010": "$891", "2009": "$772", "2008": "$-646", "2007": "$876", "2006": "$725", "2005": "$751"}, "WYNDHAM DESTINATIONS, INC Quarterly EBITDA (Millions of US $)": {"2020-09-30": "$96", "2020-06-30": "$-83", "2020-03-31": "$-110", "2019-12-31": "$291", "2019-09-30": "$245", "2019-06-30": "$226", "2019-03-31": "$171", "2018-12-31": "$191", "2018-09-30": "$229", "2018-06-30": "$101", "2018-03-31": "$140", "2017-12-31": "$61", "2017-09-30": "$219", "2017-06-30": "$59", "2017-03-31": "$236", "2016-12-31": "$-204", "2016-09-30": "$398", "2016-06-30": "$334", "2016-03-31": "$257", "2015-12-31": "$142", "2015-09-30": "$379", "2015-06-30": "$329", "2015-03-31": "$272", "2014-12-31": "$211", "2014-09-30": "$411", "2014-06-30": "$325", "2014-03-31": "$227", "2013-12-31": "$221", "2013-09-30": "$377", "2013-06-30": "$295", "2013-03-31": "$233", "2012-12-31": "$204", "2012-09-30": "$333", "2012-06-30": "$277", "2012-03-31": "$223", "2011-12-31": "$146", "2011-09-30": "$327", "2011-06-30": "$275", "2011-03-31": "$197", "2010-12-31": "$182", "2010-09-30": "$322", "2010-06-30": "$213", "2010-03-31": "$174", "2009-12-31": "$192", "2009-09-30": "$252", "2009-06-30": "$196", "2009-03-31": "$132", "2008-12-31": "$-1,281", "2008-09-30": "$289", "2008-06-30": "$217", "2008-03-31": "$129", "2007-12-31": "$233", "2007-09-30": "$240", "2007-06-30": "$211", "2007-03-31": "$192", "2006-12-31": "$201", "2006-09-30": "$176", "2006-06-30": "$166", "2006-03-31": "$182", "2005-12-31": "", "2005-09-30": "$232", "2005-06-30": "$149"}}, "net-income": {"WYNDHAM DESTINATIONS, INC Annual Net Income (Millions of US $)": {"2019": "$507", "2018": "$672", "2017": "$854", "2016": "$611", "2015": "$612", "2014": "$529", "2013": "$432", "2012": "$400", "2011": "$417", "2010": "$379", "2009": "$293", "2008": "$-1,074", "2007": "$403", "2006": "$287", "2005": "$431"}, "WYNDHAM DESTINATIONS, INC Quarterly Net Income (Millions of US $)": {"2020-09-30": "$40", "2020-06-30": "$-164", "2020-03-31": "$-134", "2019-12-31": "$168", "2019-09-30": "$135", "2019-06-30": "$124", "2019-03-31": "$80", "2018-12-31": "$112", "2018-09-30": "$148", "2018-06-30": "$378", "2018-03-31": "$34", "2017-12-31": "$415", "2017-09-30": "$264", "2017-06-30": "$85", "2017-03-31": "$90", "2016-12-31": "$163", "2016-09-30": "$196", "2016-06-30": "$156", "2016-03-31": "$96", "2015-12-31": "$141", "2015-09-30": "$190", "2015-06-30": "$159", "2015-03-31": "$122", "2014-12-31": "$80", "2014-09-30": "$206", "2014-06-30": "$153", "2014-03-31": "$90", "2013-12-31": "$85", "2013-09-30": "$187", "2013-06-30": "$133", "2013-03-31": "$27", "2012-12-31": "$81", "2012-09-30": "$159", "2012-06-30": "$128", "2012-03-31": "$32", "2011-12-31": "$56", "2011-09-30": "$175", "2011-06-30": "$114", "2011-03-31": "$72", "2010-12-31": "$78", "2010-09-30": "$156", "2010-06-30": "$95", "2010-03-31": "$50", "2009-12-31": "$73", "2009-09-30": "$104", "2009-06-30": "$71", "2009-03-31": "$45", "2008-12-31": "$-1,356", "2008-09-30": "$142", "2008-06-30": "$98", "2008-03-31": "$42", "2007-12-31": "$104", "2007-09-30": "$117", "2007-06-30": "$96", "2007-03-31": "$86", "2006-12-31": "$92", "2006-09-30": "$92", "2006-06-30": "$75", "2006-03-31": "$28", "2005-12-31": "", "2005-09-30": "$121", "2005-06-30": "$89"}}, "eps-earnings-per-share-diluted": {"WYNDHAM DESTINATIONS, INC Annual EPS": {"2019": "$5.48", "2018": "$6.77", "2017": "$8.24", "2016": "$5.52", "2015": "$5.14", "2014": "$4.18", "2013": "$3.21", "2012": "$2.75", "2011": "$2.51", "2010": "$2.05", "2009": "$1.61", "2008": "$-6.05", "2007": "$2.20", "2006": "$1.44", "2005": "$2.15"}, "WYNDHAM DESTINATIONS, INC Quarterly EPS": {"2020-09-30": "$0.47", "2020-06-30": "$-1.92", "2020-03-31": "$-1.54", "2019-12-31": "$1.84", "2019-09-30": "$1.47", "2019-06-30": "$1.32", "2019-03-31": "$0.85", "2018-12-31": "$1.17", "2018-09-30": "$1.49", "2018-06-30": "$3.77", "2018-03-31": "$0.34", "2017-12-31": "$4.01", "2017-09-30": "$2.57", "2017-06-30": "$0.81", "2017-03-31": "$0.85", "2016-12-31": "$1.51", "2016-09-30": "$1.78", "2016-06-30": "$1.39", "2016-03-31": "$0.84", "2015-12-31": "$1.20", "2015-09-30": "$1.61", "2015-06-30": "$1.33", "2015-03-31": "$1.00", "2014-12-31": "$0.65", "2014-09-30": "$1.64", "2014-06-30": "$1.20", "2014-03-31": "$0.69", "2013-12-31": "$0.64", "2013-09-30": "$1.40", "2013-06-30": "$0.98", "2013-03-31": "$0.19", "2012-12-31": "$0.55", "2012-09-30": "$1.11", "2012-06-30": "$0.88", "2012-03-31": "$0.21", "2011-12-31": "$0.35", "2011-09-30": "$1.08", "2011-06-30": "$0.67", "2011-03-31": "$0.41", "2010-12-31": "$0.43", "2010-09-30": "$0.84", "2010-06-30": "$0.51", "2010-03-31": "$0.27", "2009-12-31": "$0.40", "2009-09-30": "$0.57", "2009-06-30": "$0.39", "2009-03-31": "$0.25", "2008-12-31": "$-7.64", "2008-09-30": "$0.80", "2008-06-30": "$0.55", "2008-03-31": "$0.24", "2007-12-31": "$0.58", "2007-09-30": "$0.65", "2007-06-30": "$0.52", "2007-03-31": "$0.45", "2006-12-31": "$0.48", "2006-09-30": "$0.45", "2006-06-30": "$0.37", "2006-03-31": "$0.14", "2005-12-31": "$0.00", "2005-09-30": "$0.60", "2005-06-30": "$0.44"}}, "shares-outstanding": {"WYNDHAM DESTINATIONS, INC Annual Shares Outstanding (Millions of Shares)": {"2019": "92", "2018": "99", "2017": "104", "2016": "111", "2015": "119", "2014": "127", "2013": "135", "2012": "145", "2011": "166", "2010": "185", "2009": "182", "2008": "178", "2007": "183", "2006": "199", "2005": "200"}, "WYNDHAM DESTINATIONS, INC Quarterly Shares Outstanding (Millions of Shares)": {"2020-09-30": "86", "2020-06-30": "85", "2020-03-31": "87", "2019-12-31": "92", "2019-09-30": "92", "2019-06-30": "93", "2019-03-31": "95", "2018-12-31": "99", "2018-09-30": "100", "2018-06-30": "100", "2018-03-31": "101", "2017-12-31": "104", "2017-09-30": "103", "2017-06-30": "104", "2017-03-31": "106", "2016-12-31": "111", "2016-09-30": "110", "2016-06-30": "112", "2016-03-31": "114", "2015-12-31": "119", "2015-09-30": "118", "2015-06-30": "120", "2015-03-31": "122", "2014-12-31": "127", "2014-09-30": "126", "2014-06-30": "128", "2014-03-31": "130", "2013-12-31": "135", "2013-09-30": "133", "2013-06-30": "136", "2013-03-31": "138", "2012-12-31": "145", "2012-09-30": "144", "2012-06-30": "147", "2012-03-31": "149", "2011-12-31": "166", "2011-09-30": "162", "2011-06-30": "170", "2011-03-31": "179", "2010-12-31": "185", "2010-09-30": "184", "2010-06-30": "187", "2010-03-31": "186", "2009-12-31": "182", "2009-09-30": "183", "2009-06-30": "182", "2009-03-31": "178", "2008-12-31": "178", "2008-09-30": "178", "2008-06-30": "178", "2008-03-31": "178", "2007-12-31": "183", "2007-09-30": "180", "2007-06-30": "183", "2007-03-31": "190", "2006-12-31": "199", "2006-09-30": "203", "2006-06-30": "200", "2006-03-31": "200", "2005-12-31": "", "2005-09-30": "200", "2005-06-30": "200"}}, "total-assets": {"WYNDHAM DESTINATIONS, INC Annual Total Assets (Millions of US $)": {"2019": "$7,453", "2018": "$7,158", "2017": "$10,450", "2016": "$9,819", "2015": "$9,591", "2014": "$9,679", "2013": "$9,741", "2012": "$9,463", "2011": "$9,023", "2010": "$9,416", "2009": "$9,352", "2008": "$9,573", "2007": "$10,459", "2006": "$9,520", "2005": "$9,167"}, "WYNDHAM DESTINATIONS, INC Quarterly Total Assets (Millions of US $)": {"2020-09-30": "$7,822", "2020-06-30": "$7,597", "2020-03-31": "$7,776", "2019-12-31": "$7,453", "2019-09-30": "$7,563", "2019-06-30": "$7,466", "2019-03-31": "$7,370", "2018-12-31": "$7,158", "2018-09-30": "$7,132", "2018-06-30": "$7,075", "2018-03-31": "$11,099", "2017-12-31": "$10,450", "2017-09-30": "$10,261", "2017-06-30": "$10,348", "2017-03-31": "$10,343", "2016-12-31": "$9,819", "2016-09-30": "$9,743", "2016-06-30": "$9,942", "2016-03-31": "$10,165", "2015-12-31": "$9,591", "2015-09-30": "$9,707", "2015-06-30": "$10,024", "2015-03-31": "$9,898", "2014-12-31": "$9,679", "2014-09-30": "$9,557", "2014-06-30": "$9,857", "2014-03-31": "$10,022", "2013-12-31": "$9,741", "2013-09-30": "$9,666", "2013-06-30": "$9,849", "2013-03-31": "$9,892", "2012-12-31": "$9,463", "2012-09-30": "$9,355", "2012-06-30": "$9,114", "2012-03-31": "$9,372", "2011-12-31": "$9,023", "2011-09-30": "$9,022", "2011-06-30": "$9,329", "2011-03-31": "$9,457", "2010-12-31": "$9,416", "2010-09-30": "$9,213", "2010-06-30": "$9,219", "2010-03-31": "$9,585", "2009-12-31": "$9,352", "2009-09-30": "$9,342", "2009-06-30": "$9,379", "2009-03-31": "$9,444", "2008-12-31": "$9,573", "2008-09-30": "$10,997", "2008-06-30": "$10,939", "2008-03-31": "$10,822", "2007-12-31": "$10,459", "2007-09-30": "$10,200", "2007-06-30": "$9,994", "2007-03-31": "$9,774", "2006-12-31": "$9,520", "2006-09-30": "$9,118", "2006-06-30": "$9,849", "2006-03-31": "$0", "2005-12-31": "$0", "2005-09-30": "$0", "2005-06-30": "$0"}}, "cash-on-hand": {"WYNDHAM DESTINATIONS, INC Annual Cash on Hand (Millions of US $)": {"2019": "$502", "2018": "$373", "2017": "$219", "2016": "$113", "2015": "$171", "2014": "$183", "2013": "$194", "2012": "$195", "2011": "$142", "2010": "$156", "2009": "$155", "2008": "$136", "2007": "$210", "2006": "$269", "2005": "$99"}, "WYNDHAM DESTINATIONS, INC Quarterly Cash on Hand (Millions of US $)": {"2020-09-30": "$1,398", "2020-06-30": "$1,186", "2020-03-31": "$1,171", "2019-12-31": "$502", "2019-09-30": "$398", "2019-06-30": "$409", "2019-03-31": "$403", "2018-12-31": "$373", "2018-09-30": "$164", "2018-06-30": "$155", "2018-03-31": "$291", "2017-12-31": "$219", "2017-09-30": "$289", "2017-06-30": "$415", "2017-03-31": "$222", "2016-12-31": "$113", "2016-09-30": "$332", "2016-06-30": "$478", "2016-03-31": "$318", "2015-12-31": "$171", "2015-09-30": "$259", "2015-06-30": "$410", "2015-03-31": "$180", "2014-12-31": "$183", "2014-09-30": "$252", "2014-06-30": "$247", "2014-03-31": "$203", "2013-12-31": "$194", "2013-09-30": "$269", "2013-06-30": "$342", "2013-03-31": "$217", "2012-12-31": "$195", "2012-09-30": "$232", "2012-06-30": "$286", "2012-03-31": "$239", "2011-12-31": "$142", "2011-09-30": "$175", "2011-06-30": "$296", "2011-03-31": "$174", "2010-12-31": "$156", "2010-09-30": "$170", "2010-06-30": "$239", "2010-03-31": "$163", "2009-12-31": "$155", "2009-09-30": "$170", "2009-06-30": "$174", "2009-03-31": "$135", "2008-12-31": "$136", "2008-09-30": "$228", "2008-06-30": "$240", "2008-03-31": "$229", "2007-12-31": "$210", "2007-09-30": "$231", "2007-06-30": "$251", "2007-03-31": "$174", "2006-12-31": "$269", "2006-09-30": "$160", "2006-06-30": "$148", "2006-03-31": "", "2005-12-31": "", "2005-09-30": "", "2005-06-30": ""}}, "long-term-debt": {"WYNDHAM DESTINATIONS, INC Annual Long Term Debt (Millions of US $)": {"2019": "$5,575", "2018": "$5,238", "2017": "$6,006", "2016": "$5,224", "2015": "$4,928", "2014": "$4,792", "2013": "$4,608", "2012": "$4,018", "2011": "$3,773", "2010": "$3,510", "2009": "$3,138", "2008": "$3,331", "2007": "$3,195", "2006": "$2,607", "2005": "$1,687"}, "WYNDHAM DESTINATIONS, INC Quarterly Long Term Debt (Millions of US $)": {"2020-09-30": "$6,641", "2020-06-30": "$6,411", "2020-03-31": "$6,394", "2019-12-31": "$5,575", "2019-09-30": "$3,047", "2019-06-30": "$3,058", "2019-03-31": "$2,837", "2018-12-31": "$5,238", "2018-09-30": "$5,159", "2018-06-30": "$5,074", "2018-03-31": "$5,972", "2017-12-31": "$6,006", "2017-09-30": "$5,667", "2017-06-30": "$5,534", "2017-03-31": "$5,482", "2016-12-31": "$5,224", "2016-09-30": "$5,216", "2016-06-30": "$5,162", "2016-03-31": "$5,180", "2015-12-31": "$4,928", "2015-09-30": "$4,929", "2015-06-30": "$4,983", "2015-03-31": "$4,942", "2014-12-31": "$4,792", "2014-09-30": "$4,622", "2014-06-30": "$4,476", "2014-03-31": "$4,621", "2013-12-31": "$4,608", "2013-09-30": "$4,590", "2013-06-30": "$4,520", "2013-03-31": "$4,473", "2012-12-31": "$4,018", "2012-09-30": "$4,181", "2012-06-30": "$3,918", "2012-03-31": "$4,020", "2011-12-31": "$3,773", "2011-09-30": "$3,613", "2011-06-30": "$3,499", "2011-03-31": "$3,557", "2010-12-31": "$3,510", "2010-09-30": "$3,397", "2010-06-30": "$3,061", "2010-03-31": "$3,337", "2009-12-31": "$3,138", "2009-09-30": "$3,126", "2009-06-30": "$3,101", "2009-03-31": "$3,176", "2008-12-31": "$3,331", "2008-09-30": "$3,307", "2008-06-30": "$3,203", "2008-03-31": "$3,210", "2007-12-31": "$3,195", "2007-09-30": "$3,007", "2007-06-30": "$3,034", "2007-03-31": "$2,778", "2006-12-31": "$2,607", "2006-09-30": "$2,146", "2006-06-30": "$1,772", "2006-03-31": "", "2005-12-31": "", "2005-09-30": "", "2005-06-30": ""}}, "total-liabilities": {"WYNDHAM DESTINATIONS, INC Annual Total Liabilities (Millions of US $)": {"2019": "$7,977", "2018": "$7,727", "2017": "$9,676", "2016": "$9,101", "2015": "$8,638", "2014": "$8,422", "2013": "$8,116", "2012": "$7,532", "2011": "$6,791", "2010": "$6,499", "2009": "$6,664", "2008": "$7,231", "2007": "$6,943", "2006": "$5,961", "2005": "$4,134"}, "WYNDHAM DESTINATIONS, INC Quarterly Total Liabilities (Millions of US $)": {"2020-09-30": "$8,815", "2020-06-30": "$8,647", "2020-03-31": "$8,667", "2019-12-31": "$7,977", "2019-09-30": "$8,133", "2019-06-30": "$8,026", "2019-03-31": "$7,954", "2018-12-31": "$7,727", "2018-09-30": "$7,641", "2018-06-30": "$7,595", "2018-03-31": "$10,449", "2017-12-31": "$9,676", "2017-09-30": "$9,631", "2017-06-30": "$9,756", "2017-03-31": "$9,677", "2016-12-31": "$9,101", "2016-09-30": "$8,946", "2016-06-30": "$9,161", "2016-03-31": "$9,325", "2015-12-31": "$8,638", "2015-09-30": "$8,688", "2015-06-30": "$8,955", "2015-03-31": "$8,814", "2014-12-31": "$8,422", "2014-09-30": "$8,146", "2014-06-30": "$8,370", "2014-03-31": "$8,498", "2013-12-31": "$8,116", "2013-09-30": "$7,984", "2013-06-30": "$8,207", "2013-03-31": "$8,148", "2012-12-31": "$7,532", "2012-09-30": "$7,336", "2012-06-30": "$7,118", "2012-03-31": "$7,248", "2011-12-31": "$6,791", "2011-09-30": "$6,603", "2011-06-30": "$6,715", "2011-03-31": "$6,750", "2010-12-31": "$6,499", "2010-09-30": "$6,302", "2010-06-30": "$6,509", "2010-03-31": "$6,884", "2009-12-31": "$6,664", "2009-09-30": "$6,715", "2009-06-30": "$6,869", "2009-03-31": "$7,065", "2008-12-31": "$7,231", "2008-09-30": "$7,244", "2008-06-30": "$7,292", "2008-03-31": "$7,285", "2007-12-31": "$6,943", "2007-09-30": "$6,792", "2007-06-30": "$6,694", "2007-03-31": "$6,358", "2006-12-31": "$5,961", "2006-09-30": "$5,506", "2006-06-30": "$4,709", "2006-03-31": "", "2005-12-31": "", "2005-09-30": "", "2005-06-30": ""}}, "total-share-holder-equity": {"WYNDHAM DESTINATIONS, INC Annual Share Holder Equity (Millions of US $)": {"2019": "$-524", "2018": "$-569", "2017": "$774", "2016": "$718", "2015": "$953", "2014": "$1,257", "2013": "$1,625", "2012": "$1,931", "2011": "$2,232", "2010": "$2,917", "2009": "$2,688", "2008": "$2,342", "2007": "$3,516", "2006": "$3,559", "2005": "$5,033"}, "WYNDHAM DESTINATIONS, INC Quarterly Share Holder Equity (Millions of US $)": {"2020-09-30": "$-993", "2020-06-30": "$-1,050", "2020-03-31": "$-891", "2019-12-31": "$-524", "2019-09-30": "$-570", "2019-06-30": "$-560", "2019-03-31": "$-584", "2018-12-31": "$-569", "2018-09-30": "$-509", "2018-06-30": "$-520", "2018-03-31": "$650", "2017-12-31": "$774", "2017-09-30": "$630", "2017-06-30": "$592", "2017-03-31": "$666", "2016-12-31": "$718", "2016-09-30": "$797", "2016-06-30": "$781", "2016-03-31": "$840", "2015-12-31": "$953", "2015-09-30": "$1,019", "2015-06-30": "$1,069", "2015-03-31": "$1,084", "2014-12-31": "$1,257", "2014-09-30": "$1,411", "2014-06-30": "$1,487", "2014-03-31": "$1,524", "2013-12-31": "$1,625", "2013-09-30": "$1,682", "2013-06-30": "$1,642", "2013-03-31": "$1,744", "2012-12-31": "$1,931", "2012-09-30": "$2,019", "2012-06-30": "$1,996", "2012-03-31": "$2,124", "2011-12-31": "$2,232", "2011-09-30": "$2,419", "2011-06-30": "$2,614", "2011-03-31": "$2,707", "2010-12-31": "$2,917", "2010-09-30": "$2,911", "2010-06-30": "$2,710", "2010-03-31": "$2,701", "2009-12-31": "$2,688", "2009-09-30": "$2,627", "2009-06-30": "$2,510", "2009-03-31": "$2,379", "2008-12-31": "$2,342", "2008-09-30": "$3,753", "2008-06-30": "$3,647", "2008-03-31": "$3,537", "2007-12-31": "$3,516", "2007-09-30": "$3,408", "2007-06-30": "$3,300", "2007-03-31": "$3,416", "2006-12-31": "$3,559", "2006-09-30": "$3,612", "2006-06-30": "$5,140", "2006-03-31": "", "2005-12-31": "", "2005-09-30": "", "2005-06-30": ""}}, "profit-margins": {"current": "-3.65%"}, "gross margin": {"2020-09-30": "45.31%", "2020-06-30": "46.77%", "2020-03-31": "48.98%", "2019-12-31": "52.02%", "2019-09-30": "51.36%", "2019-06-30": "51.56%", "2019-03-31": "51.47%", "2018-12-31": "51.34%", "2018-09-30": "50.87%", "2018-06-30": "50.78%", "2018-03-31": "50.74%", "2017-12-31": "51.13%", "2017-09-30": "50.74%", "2017-06-30": "51.28%", "2017-03-31": "51.45%", "2016-12-31": "50.49%", "2016-09-30": "51.79%", "2016-06-30": "51.56%", "2016-03-31": "51.45%", "2015-12-31": "52.13%", "2015-09-30": "51.49%", "2015-06-30": "52.38%", "2015-03-31": "52.73%", "2014-12-31": "52.58%", "2014-09-30": "52.63%", "2014-06-30": "52.39%", "2014-03-31": "52.16%", "2013-12-31": "52.21%", "2013-09-30": "52.50%", "2013-06-30": "52.73%", "2013-03-31": "53.38%", "2012-12-31": "53.84%", "2012-09-30": "53.69%", "2012-06-30": "53.52%", "2012-03-31": "52.70%", "2011-12-31": "52.40%", "2011-09-30": "51.75%", "2011-06-30": "51.41%", "2011-03-31": "51.47%", "2010-12-31": "51.29%", "2010-09-30": "52.05%", "2010-06-30": "51.80%", "2010-03-31": "51.41%", "2009-12-31": "51.39%", "2009-09-30": "51.73%", "2009-06-30": "52.17%", "2009-03-31": "52.54%", "2008-12-31": "52.56%", "2008-09-30": "52.18%", "2008-06-30": "51.82%", "2008-03-31": "51.33%", "2007-12-31": "51.42%", "2007-09-30": "51.44%", "2007-06-30": "51.78%", "2007-03-31": "52.59%", "2006-12-31": "53.38%", "2006-06-30": "54.96%", "2006-03-31": "55.94%"}, "operating margin": {"2020-09-30": "2.76%", "2020-06-30": "7.33%", "2020-03-31": "14.42%", "2019-12-31": "20.08%", "2019-09-30": "17.67%", "2019-06-30": "17.44%", "2019-03-31": "14.21%", "2018-12-31": "13.30%", "2018-09-30": "10.73%", "2018-06-30": "10.51%", "2018-03-31": "10.03%", "2017-12-31": "11.53%", "2017-09-30": "10.55%", "2017-06-30": "13.53%", "2017-03-31": "18.29%", "2016-12-31": "17.82%", "2016-09-30": "18.85%", "2016-06-30": "18.56%", "2016-03-31": "18.58%", "2015-12-31": "19.17%", "2015-09-30": "17.60%", "2015-06-30": "18.33%", "2015-03-31": "18.43%", "2014-12-31": "17.82%", "2014-09-30": "18.17%", "2014-06-30": "17.93%", "2014-03-31": "17.75%", "2013-12-31": "18.17%", "2013-09-30": "18.34%", "2013-06-30": "18.23%", "2013-03-31": "18.46%", "2012-12-31": "18.79%", "2012-09-30": "17.97%", "2012-06-30": "18.10%", "2012-03-31": "18.28%", "2011-12-31": "18.03%", "2011-09-30": "19.16%", "2011-06-30": "19.73%", "2011-03-31": "18.89%", "2010-12-31": "18.64%", "2010-09-30": "19.05%", "2010-06-30": "17.36%", "2010-03-31": "17.00%", "2009-12-31": "15.84%", "2009-09-30": "-23.53%", "2009-06-30": "-21.37%", "2009-03-31": "-19.81%", "2008-12-31": "-19.39%", "2008-09-30": "15.61%", "2008-06-30": "14.62%", "2008-03-31": "14.70%", "2007-12-31": "16.28%", "2007-09-30": "15.84%", "2007-06-30": "15.09%", "2007-03-31": "14.63%", "2006-12-31": "15.02%", "2006-06-30": "17.24%", "2006-03-31": "18.51%"}, "ebitda margin": {"2020-09-30": "7.77%", "2020-06-30": "11.48%", "2020-03-31": "17.70%", "2019-12-31": "23.08%", "2019-09-30": "20.74%", "2019-06-30": "20.56%", "2019-03-31": "17.55%", "2018-12-31": "16.82%", "2018-09-30": "14.61%", "2018-06-30": "14.52%", "2018-03-31": "13.46%", "2017-12-31": "15.11%", "2017-09-30": "12.11%", "2017-06-30": "15.68%", "2017-03-31": "21.56%", "2016-12-31": "21.26%", "2016-09-30": "22.93%", "2016-06-30": "22.58%", "2016-03-31": "22.50%", "2015-12-31": "23.00%", "2015-09-30": "21.83%", "2015-06-30": "22.63%", "2015-03-31": "22.79%", "2014-12-31": "22.23%", "2014-09-30": "22.57%", "2014-06-30": "22.29%", "2014-03-31": "22.10%", "2013-12-31": "22.48%", "2013-09-30": "22.60%", "2013-06-30": "22.44%", "2013-03-31": "22.61%", "2012-12-31": "22.87%", "2012-09-30": "22.05%", "2012-06-30": "22.18%", "2012-03-31": "22.38%", "2011-12-31": "22.21%", "2011-09-30": "23.41%", "2011-06-30": "24.13%", "2011-03-31": "23.33%", "2010-12-31": "23.14%", "2010-09-30": "23.54%", "2010-06-30": "22.00%", "2010-03-31": "21.79%", "2009-12-31": "20.59%", "2009-09-30": "-18.70%", "2009-06-30": "-16.78%", "2009-03-31": "-15.42%", "2008-12-31": "-15.09%", "2008-09-30": "19.72%", "2008-06-30": "18.65%", "2008-03-31": "18.65%", "2007-12-31": "20.09%", "2007-09-30": "19.64%", "2007-06-30": "18.89%", "2007-03-31": "18.45%", "2006-12-31": "18.87%", "2006-06-30": "20.92%", "2006-03-31": "20.97%"}, "pre tax profit margin": {"2020-09-30": "-3.49%", "2020-06-30": "2.51%", "2020-03-31": "10.59%", "2019-12-31": "16.82%", "2019-09-30": "14.39%", "2019-06-30": "14.57%", "2019-03-31": "11.24%", "2018-12-31": "10.07%", "2018-09-30": "7.26%", "2018-06-30": "6.86%", "2018-03-31": "6.46%", "2017-12-31": "8.36%", "2017-09-30": "6.02%", "2017-06-30": "9.53%", "2017-03-31": "15.02%", "2016-12-31": "14.68%", "2016-09-30": "16.54%", "2016-06-30": "16.27%", "2016-03-31": "16.30%", "2015-12-31": "17.16%", "2015-09-30": "15.88%", "2015-06-30": "16.63%", "2015-03-31": "16.71%", "2014-12-31": "16.00%", "2014-09-30": "16.20%", "2014-06-30": "15.91%", "2014-03-31": "15.60%", "2013-12-31": "13.64%", "2013-09-30": "13.65%", "2013-06-30": "13.28%", "2013-03-31": "13.50%", "2012-12-31": "13.85%", "2012-09-30": "12.91%", "2012-06-30": "13.40%", "2012-03-31": "13.32%", "2011-12-31": "15.28%", "2011-09-30": "16.42%", "2011-06-30": "16.12%", "2011-03-31": "15.24%", "2010-12-31": "14.62%", "2010-09-30": "15.02%", "2010-06-30": "13.63%", "2010-03-31": "13.41%", "2009-12-31": "13.15%", "2009-09-30": "-25.85%", "2009-06-30": "-23.14%", "2009-03-31": "-21.18%", "2008-12-31": "-20.72%", "2008-09-30": "14.33%", "2008-06-30": "13.48%", "2008-03-31": "13.44%", "2007-12-31": "15.02%", "2007-09-30": "14.61%", "2007-06-30": "13.71%", "2007-03-31": "13.33%", "2006-12-31": "14.11%", "2006-06-30": "16.95%", "2006-03-31": "18.58%"}, "net profit margin": {"2020-09-30": "-3.61%", "2020-06-30": "0.17%", "2020-03-31": "7.96%", "2019-12-31": "12.54%", "2019-09-30": "11.23%", "2019-06-30": "11.68%", "2019-03-31": "18.21%", "2018-12-31": "17.09%", "2018-09-30": "26.82%", "2018-06-30": "30.41%", "2018-03-31": "22.42%", "2017-12-31": "22.44%", "2017-09-30": "23.52%", "2017-06-30": "17.13%", "2017-03-31": "17.08%", "2016-12-31": "16.55%", "2016-09-30": "11.94%", "2016-06-30": "11.84%", "2016-03-31": "11.91%", "2015-12-31": "12.55%", "2015-09-30": "10.10%", "2015-06-30": "10.49%", "2015-03-31": "10.49%", "2014-12-31": "10.02%", "2014-09-30": "10.18%", "2014-06-30": "9.98%", "2014-03-31": "9.77%", "2013-12-31": "8.62%", "2013-09-30": "8.72%", "2013-06-30": "8.43%", "2013-03-31": "8.53%", "2012-12-31": "8.82%", "2012-09-30": "8.45%", "2012-06-30": "8.91%", "2012-03-31": "8.69%", "2011-12-31": "9.80%", "2011-09-30": "10.47%", "2011-06-30": "10.39%", "2011-03-31": "10.24%", "2010-12-31": "9.84%", "2010-09-30": "9.77%", "2010-06-30": "8.52%", "2010-03-31": "7.98%", "2009-12-31": "7.81%", "2009-09-30": "-30.31%", "2009-06-30": "-27.74%", "2009-03-31": "-25.68%", "2008-12-31": "-25.09%", "2008-09-30": "8.77%", "2008-06-30": "8.22%", "2008-03-31": "8.23%", "2007-12-31": "9.24%", "2007-09-30": "9.10%", "2007-06-30": "8.86%", "2007-03-31": "8.66%", "2006-12-31": "7.47%", "2006-06-30": "8.08%", "2006-03-31": "8.86%"}, "pe ratio": {"current": "158.44", "2021-02-05": "0.00", "2020-09-30": "0.00", "2020-06-30": "0.00", "2020-03-31": "6.74", "2019-12-31": "8.97", "2019-09-30": "9.09", "2019-06-30": "8.55", "2019-03-31": "5.17", "2018-12-31": "4.86", "2018-09-30": "3.93", "2018-06-30": "3.79", "2018-03-31": "6.16", "2017-12-31": "5.48", "2017-09-30": "7.51", "2017-06-30": "7.37", "2017-03-31": "5.49", "2016-12-31": "5.38", "2016-09-30": "5.00", "2016-06-30": "5.43", "2016-03-31": "5.85", "2015-12-31": "5.35", "2015-09-30": "5.91", "2015-06-30": "6.66", "2015-03-31": "7.53", "2014-12-31": "7.63", "2014-09-30": "7.20", "2014-06-30": "7.09", "2014-03-31": "7.22", "2013-12-31": "8.36", "2013-09-30": "7.03", "2013-06-30": "7.24", "2013-03-31": "8.41", "2012-12-31": "6.86", "2012-09-30": "7.26", "2012-06-30": "7.35", "2012-03-31": "7.03", "2011-12-31": "5.24", "2011-09-30": "3.84", "2011-06-30": "4.97", "2011-03-31": "5.02", "2010-12-31": "5.03", "2010-09-30": "4.66", "2010-06-30": "3.92", "2010-03-31": "5.35", "2009-12-31": "4.22", "2009-09-30": "0.00", "2009-06-30": "0.00", "2009-03-31": "0.00", "2008-12-31": "0.00", "2008-09-30": "2.37", "2008-06-30": "2.90", "2008-03-31": "3.39", "2007-12-31": "3.48", "2007-09-30": "5.07", "2007-06-30": "6.19"}, "price sales": {"2021-02-05": "1.80", "2020-09-30": "1.08", "2020-06-30": "0.84", "2020-03-31": "0.52", "2019-12-31": "1.13", "2019-09-30": "1.02", "2019-06-30": "1.00", "2019-03-31": "0.94", "2018-12-31": "0.84", "2018-09-30": "1.09", "2018-06-30": "1.13", "2018-03-31": "1.33", "2017-12-31": "1.27", "2017-09-30": "1.69", "2017-06-30": "1.35", "2017-03-31": "1.02", "2016-12-31": "0.90", "2016-09-30": "0.60", "2016-06-30": "0.64", "2016-03-31": "0.70", "2015-12-31": "0.68", "2015-09-30": "0.60", "2015-06-30": "0.70", "2015-03-31": "0.79", "2014-12-31": "0.77", "2014-09-30": "0.74", "2014-06-30": "0.71", "2014-03-31": "0.71", "2013-12-31": "0.73", "2013-09-30": "0.62", "2013-06-30": "0.61", "2013-03-31": "0.72", "2012-12-31": "0.61", "2012-09-30": "0.63", "2012-06-30": "0.66", "2012-03-31": "0.61", "2011-12-31": "0.53", "2011-09-30": "0.41", "2011-06-30": "0.52", "2011-03-31": "0.52", "2010-12-31": "0.50", "2010-09-30": "0.45", "2010-06-30": "0.33", "2010-03-31": "0.43", "2009-12-31": "0.33", "2009-09-30": "0.26", "2009-06-30": "0.18", "2009-03-31": "0.06", "2008-12-31": "0.09", "2008-09-30": "0.21", "2008-06-30": "0.24", "2008-03-31": "0.28", "2007-12-31": "0.32", "2007-09-30": "0.46", "2007-06-30": "0.55"}, "price book": {"current": "0.00", "2021-02-05": "0.00", "2020-09-30": "-2.64", "2020-06-30": "-2.26", "2020-03-31": "-2.01", "2019-12-31": "-8.29", "2019-09-30": "-6.94", "2019-06-30": "-6.78", "2019-03-31": "-6.01", "2018-12-31": "-5.49", "2018-09-30": "-7.52", "2018-06-30": "-7.62", "2018-03-31": "7.06", "2017-12-31": "5.98", "2017-09-30": "6.74", "2017-06-30": "6.89", "2017-03-31": "5.19", "2016-12-31": "4.38", "2016-09-30": "3.53", "2016-06-30": "3.86", "2016-03-31": "3.89", "2015-12-31": "3.29", "2015-09-30": "3.09", "2015-06-30": "3.40", "2015-03-31": "3.74", "2014-12-31": "3.07", "2014-09-30": "2.63", "2014-06-30": "2.35", "2014-03-31": "2.24", "2013-12-31": "2.13", "2013-09-30": "1.71", "2013-06-30": "1.67", "2013-03-31": "1.80", "2012-12-31": "1.35", "2012-09-30": "1.30", "2012-06-30": "1.33", "2012-03-31": "1.12", "2011-12-31": "0.87", "2011-09-30": "0.63", "2011-06-30": "0.73", "2011-03-31": "0.69", "2010-12-31": "0.61", "2010-09-30": "0.56", "2010-06-30": "0.45", "2010-03-31": "0.58", "2009-12-31": "0.45", "2009-09-30": "0.37", "2009-06-30": "0.29", "2009-03-31": "0.11", "2008-12-31": "0.16", "2008-09-30": "0.24", "2008-06-30": "0.28", "2008-03-31": "0.34", "2007-12-31": "0.39", "2007-09-30": "0.56", "2007-06-30": "0.64", "2007-03-31": "0.60", "2006-12-31": "0.56", "2006-09-30": "0.50"}, "price fcf": {"2021-02-05": "", "2020-09-30": "$3.01", "2020-06-30": "$2.48", "2020-03-31": "$2.74", "2019-12-31": "$3.72", "2019-09-30": "$3.19", "2019-06-30": "$3.13", "2019-03-31": "$3.67", "2018-12-31": "$3.46", "2018-09-30": "$5.70", "2018-06-30": "$5.26", "2018-03-31": "$7.68", "2017-12-31": "$8.48", "2017-09-30": "$7.43", "2017-06-30": "$7.98", "2017-03-31": "$7.72", "2016-12-31": "$7.65", "2016-09-30": "$7.08", "2016-06-30": "$7.06", "2016-03-31": "$7.04", "2015-12-31": "$6.74", "2015-09-30": "$5.54", "2015-06-30": "$5.68", "2015-03-31": "$5.44", "2014-12-31": "$5.90", "2014-09-30": "$6.36", "2014-06-30": "$6.32", "2014-03-31": "$6.08", "2013-12-31": "$5.70", "2013-09-30": "$6.03", "2013-06-30": "$6.43", "2013-03-31": "$5.87", "2012-12-31": "$5.49", "2012-09-30": "$5.00", "2012-06-30": "$4.94", "2012-03-31": "$4.86", "2011-12-31": "$4.60", "2011-09-30": "$4.57", "2011-06-30": "$3.42", "2011-03-31": "$2.67", "2010-12-31": "$2.53", "2010-09-30": "$2.86", "2010-06-30": "$3.64", "2010-03-31": "$3.07", "2009-12-31": "$3.04", "2009-09-30": "$2.00", "2009-06-30": "$0.98", "2009-03-31": "$0.17", "2008-12-31": "$-0.44", "2008-09-30": "$-0.59", "2008-06-30": "$-0.37", "2008-03-31": "$-0.42", "2007-12-31": "$-1.01", "2007-09-30": "$-0.79", "2007-06-30": "$-0.14"}, "net worth": {"value": "$4.35B"}, "current ratio": {"2020-09-30": "3.74", "2020-06-30": "3.61", "2020-03-31": "3.67", "2019-12-31": "3.27", "2019-09-30": "1.22", "2019-06-30": "1.27", "2019-03-31": "1.20", "2018-12-31": "3.09", "2018-09-30": "2.64", "2018-06-30": "2.56", "2018-03-31": "1.19", "2017-12-31": "2.86", "2017-09-30": "0.96", "2017-06-30": "0.95", "2017-03-31": "0.98", "2016-12-31": "0.89", "2016-09-30": "0.95", "2016-06-30": "0.97", "2016-03-31": "1.04", "2015-12-31": "0.89", "2015-09-30": "0.97", "2015-06-30": "1.00", "2015-03-31": "1.01", "2014-12-31": "1.00", "2014-09-30": "1.02", "2014-06-30": "0.95", "2014-03-31": "1.05", "2013-12-31": "1.08", "2013-09-30": "1.11", "2013-06-30": "1.06", "2013-03-31": "1.03", "2012-12-31": "0.97", "2012-09-30": "1.14", "2012-06-30": "1.14", "2012-03-31": "1.20", "2011-12-31": "1.11", "2011-09-30": "1.09", "2011-06-30": "1.09", "2011-03-31": "1.12", "2010-12-31": "1.11", "2010-09-30": "1.05", "2010-06-30": "0.93", "2010-03-31": "0.98", "2009-12-31": "0.92", "2009-09-30": "0.93", "2009-06-30": "0.89", "2009-03-31": "0.88", "2008-12-31": "0.88", "2008-09-30": "0.86", "2008-06-30": "0.94", "2008-03-31": "0.93", "2007-12-31": "0.94", "2007-09-30": "0.89", "2007-06-30": "0.99", "2007-03-31": "0.97", "2006-12-31": "1.04", "2006-09-30": "0.95", "2006-06-30": "1.63", "2006-03-31": "0.00", "2005-12-31": "0.00", "2005-09-30": "0.00", "2005-06-30": "0.00"}, "quick ratio": {"2020-09-30": "2.85", "2020-06-30": "2.76", "2020-03-31": "2.86", "2019-12-31": "2.51", "2019-09-30": "0.93", "2019-06-30": "0.96", "2019-03-31": "0.91", "2018-12-31": "2.32", "2018-09-30": "1.96", "2018-06-30": "1.88", "2018-03-31": "1.08", "2017-12-31": "2.10", "2017-09-30": "0.81", "2017-06-30": "0.82", "2017-03-31": "0.84", "2016-12-31": "0.74", "2016-09-30": "0.81", "2016-06-30": "0.84", "2016-03-31": "0.91", "2015-12-31": "0.74", "2015-09-30": "0.83", "2015-06-30": "0.87", "2015-03-31": "0.87", "2014-12-31": "0.84", "2014-09-30": "0.85", "2014-06-30": "0.80", "2014-03-31": "0.89", "2013-12-31": "0.89", "2013-09-30": "0.92", "2013-06-30": "0.89", "2013-03-31": "0.85", "2012-12-31": "0.77", "2012-09-30": "0.91", "2012-06-30": "0.92", "2012-03-31": "0.99", "2011-12-31": "0.88", "2011-09-30": "0.87", "2011-06-30": "0.89", "2011-03-31": "0.93", "2010-12-31": "0.89", "2010-09-30": "0.83", "2010-06-30": "0.75", "2010-03-31": "0.81", "2009-12-31": "0.74", "2009-09-30": "0.74", "2009-06-30": "0.70", "2009-03-31": "0.70", "2008-12-31": "0.69", "2008-09-30": "0.65", "2008-06-30": "0.69", "2008-03-31": "0.69", "2007-12-31": "0.67", "2007-09-30": "0.65", "2007-06-30": "0.71", "2007-03-31": "0.71", "2006-12-31": "0.78", "2006-09-30": "0.68", "2006-06-30": "1.35", "2006-03-31": "0.00", "2005-12-31": "0.00", "2005-09-30": "0.00", "2005-06-30": "0.00"}, "debt equity ratio": {"current": "0.00", "2020-09-30": "-8.88", "2020-06-30": "-8.24", "2020-03-31": "-9.73", "2019-12-31": "-15.22", "2019-09-30": "-14.27", "2019-06-30": "-14.33", "2019-03-31": "-13.62", "2018-12-31": "-13.58", "2018-09-30": "-15.01", "2018-06-30": "-14.61", "2018-03-31": "16.08", "2017-12-31": "12.50", "2017-09-30": "15.29", "2017-06-30": "16.48", "2017-03-31": "14.53", "2016-12-31": "12.68", "2016-09-30": "11.23", "2016-06-30": "11.73", "2016-03-31": "11.10", "2015-12-31": "9.06", "2015-09-30": "8.53", "2015-06-30": "8.38", "2015-03-31": "8.13", "2014-12-31": "6.70", "2014-09-30": "5.77", "2014-06-30": "5.63", "2014-03-31": "5.58", "2013-12-31": "4.99", "2013-09-30": "4.75", "2013-06-30": "5.00", "2013-03-31": "4.67", "2012-12-31": "3.90", "2012-09-30": "3.63", "2012-06-30": "3.57", "2012-03-31": "3.41", "2011-12-31": "3.04", "2011-09-30": "2.73", "2011-06-30": "2.57", "2011-03-31": "2.49", "2010-12-31": "2.23", "2010-09-30": "2.17", "2010-06-30": "2.40", "2010-03-31": "2.55", "2009-12-31": "2.48", "2009-09-30": "2.56", "2009-06-30": "2.74", "2009-03-31": "2.97", "2008-12-31": "3.09", "2008-09-30": "1.93", "2008-06-30": "2.00", "2008-03-31": "2.06", "2007-12-31": "1.98", "2007-09-30": "1.99", "2007-06-30": "2.03", "2007-03-31": "1.86", "2006-12-31": "1.68", "2006-09-30": "1.52", "2006-06-30": "0.92", "2006-03-31": "0.00", "2005-12-31": "0.00", "2005-09-30": "0.00", "2005-06-30": "0.00"}, "return on equity": {"2020-09-30": "10.41%", "2020-06-30": "-0.66%", "2020-03-31": "-46.05%", "2019-12-31": "-90.62%", "2019-09-30": "-79.02%", "2019-06-30": "-83.53%", "2019-03-31": "-131.62%", "2018-12-31": "-283.54%", "2018-09-30": "987.34%", "2018-06-30": "284.49%", "2018-03-31": "120.63%", "2017-12-31": "128.32%", "2017-09-30": "92.40%", "2017-06-30": "77.03%", "2017-03-31": "81.70%", "2016-12-31": "77.93%", "2016-09-30": "69.89%", "2016-06-30": "64.90%", "2016-03-31": "60.40%", "2015-12-31": "59.35%", "2015-09-30": "49.76%", "2015-06-30": "47.04%", "2015-03-31": "42.83%", "2014-12-31": "37.26%", "2014-09-30": "35.32%", "2014-06-30": "32.61%", "2014-03-31": "30.59%", "2013-12-31": "25.82%", "2013-09-30": "24.46%", "2013-06-30": "21.81%", "2013-03-31": "20.55%", "2012-12-31": "19.83%", "2012-09-30": "17.92%", "2012-06-30": "17.83%", "2012-03-31": "16.06%", "2011-12-31": "16.73%", "2011-09-30": "16.48%", "2011-06-30": "15.07%", "2011-03-31": "14.26%", "2010-12-31": "13.49%", "2010-09-30": "13.59%", "2010-06-30": "12.01%", "2010-03-31": "11.32%", "2009-12-31": "11.49%", "2009-09-30": "-46.09%", "2009-06-30": "-39.99%", "2009-03-31": "-35.34%", "2008-12-31": "-32.35%", "2008-09-30": "10.68%", "2008-06-30": "10.24%", "2008-03-31": "10.44%", "2007-12-31": "11.82%", "2007-09-30": "11.43%", "2007-06-30": "10.54%", "2007-03-31": "8.77%", "2006-12-31": "9.32%", "2006-06-30": "17.43%", "2006-03-31": "inf%"}, "return on assets": {"2020-09-30": "-1.17%", "2020-06-30": "0.07%", "2020-03-31": "3.87%", "2019-12-31": "6.79%", "2019-09-30": "6.10%", "2019-06-30": "6.37%", "2019-03-31": "9.99%", "2018-12-31": "8.28%", "2018-09-30": "10.91%", "2018-06-30": "11.22%", "2018-03-31": "7.57%", "2017-12-31": "8.25%", "2017-09-30": "5.91%", "2017-06-30": "5.31%", "2017-03-31": "6.07%", "2016-12-31": "6.16%", "2016-09-30": "5.97%", "2016-06-30": "5.92%", "2016-03-31": "5.94%", "2015-12-31": "6.24%", "2015-09-30": "5.61%", "2015-06-30": "5.79%", "2015-03-31": "5.76%", "2014-12-31": "5.41%", "2014-09-30": "5.45%", "2014-06-30": "5.24%", "2014-03-31": "5.04%", "2013-12-31": "4.41%", "2013-09-30": "4.40%", "2013-06-30": "4.15%", "2013-03-31": "4.18%", "2012-12-31": "4.29%", "2012-09-30": "4.07%", "2012-06-30": "4.28%", "2012-03-31": "4.10%", "2011-12-31": "4.53%", "2011-09-30": "4.72%", "2011-06-30": "4.49%", "2011-03-31": "4.30%", "2010-12-31": "4.05%", "2010-09-30": "4.00%", "2010-06-30": "3.43%", "2010-03-31": "3.17%", "2009-12-31": "3.12%", "2009-09-30": "-12.04%", "2009-06-30": "-11.15%", "2009-03-31": "-10.46%", "2008-12-31": "-10.15%", "2008-09-30": "3.57%", "2008-06-30": "3.40%", "2008-03-31": "3.46%", "2007-12-31": "3.99%", "2007-09-30": "3.96%", "2007-06-30": "3.81%", "2007-03-31": "3.61%", "2006-12-31": "4.03%", "2006-06-30": "9.10%", "2006-03-31": "inf%"}, "return on investments": {"2020-09-30": "1.28%", "2020-06-30": "4.76%", "2020-03-31": "13.68%", "2019-12-31": "26.45%", "2019-09-30": "23.87%", "2019-06-30": "19.70%", "2019-03-31": "13.89%", "2018-12-31": "10.21%", "2018-09-30": "6.90%", "2018-06-30": "6.22%", "2018-03-31": "5.53%", "2017-12-31": "6.93%", "2017-09-30": "4.41%", "2017-06-30": "6.97%", "2017-03-31": "10.78%", "2016-12-31": "11.00%", "2016-09-30": "15.59%", "2016-06-30": "15.37%", "2016-03-31": "15.30%", "2015-12-31": "15.64%", "2015-09-30": "15.95%", "2015-06-30": "16.41%", "2015-03-31": "16.38%", "2014-12-31": "15.56%", "2014-09-30": "15.64%", "2014-06-30": "15.03%", "2014-03-31": "14.51%", "2013-12-31": "14.63%", "2013-09-30": "14.63%", "2013-06-30": "14.11%", "2013-03-31": "14.09%", "2012-12-31": "14.08%", "2012-09-30": "13.16%", "2012-06-30": "13.18%", "2012-03-31": "13.06%", "2011-12-31": "12.57%", "2011-09-30": "12.93%", "2011-06-30": "12.71%", "2011-03-31": "11.95%", "2010-12-31": "11.70%", "2010-09-30": "12.18%", "2010-06-30": "11.22%", "2010-03-31": "10.94%", "2009-12-31": "10.45%", "2009-09-30": "-15.62%", "2009-06-30": "-14.16%", "2009-03-31": "-13.14%", "2008-12-31": "-12.61%", "2008-09-30": "10.04%", "2008-06-30": "9.61%", "2008-03-31": "9.78%", "2007-12-31": "11.07%", "2007-09-30": "10.85%", "2007-06-30": "10.19%", "2007-03-31": "9.32%", "2006-12-31": "12.25%", "2006-06-30": "27.66%", "2006-03-31": "inf%"}, "return on tangible equity": {"2020-09-30": "4.58%", "2020-06-30": "-0.27%", "2020-03-31": "-17.01%", "2019-12-31": "-31.12%", "2019-09-30": "-27.84%", "2019-06-30": "-29.03%", "2019-03-31": "-44.79%", "2018-12-31": "-40.96%", "2018-09-30": "-74.40%", "2018-06-30": "-74.67%", "2018-03-31": "-49.82%", "2017-12-31": "-50.88%", "2017-09-30": "-30.27%", "2017-06-30": "-28.04%", "2017-03-31": "-33.10%", "2016-12-31": "-34.53%", "2016-09-30": "-32.32%", "2016-06-30": "-32.72%", "2016-03-31": "-33.84%", "2015-12-31": "-36.56%", "2015-09-30": "-34.60%", "2015-06-30": "-38.05%", "2015-03-31": "-40.40%", "2014-12-31": "-40.97%", "2014-09-30": "-43.82%", "2014-06-30": "-44.27%", "2014-03-31": "-44.22%", "2013-12-31": "-40.68%", "2013-09-30": "-43.29%", "2013-06-30": "-44.47%", "2013-03-31": "-50.71%", "2012-12-31": "-60.93%", "2012-09-30": "-68.81%", "2012-06-30": "-91.84%", "2012-03-31": "-130.34%", "2011-12-31": "-270.34%", "2011-09-30": "6753.85%", "2011-06-30": "285.23%", "2011-03-31": "188.71%", "2010-12-31": "148.92%", "2010-09-30": "149.00%", "2010-06-30": "151.53%", "2010-03-31": "169.08%", "2009-12-31": "251.50%", "2009-09-30": "-3577.95%", "2009-06-30": "2727.95%", "2009-03-31": "1330.43%", "2008-12-31": "876.73%", "2008-09-30": "-239.38%", "2008-06-30": "-161.88%", "2008-03-31": "-115.53%", "2007-12-31": "-117.58%", "2007-09-30": "-119.75%", "2007-06-30": "-137.21%", "2007-03-31": "170.58%", "2006-12-31": "101.23%", "2006-06-30": "62.75%", "2006-03-31": "inf%"}, "dividend yield history": {"last payout": "$1.20", "last yield": "2.37%"}}