{"ticker": "WH", "price": {"title": "Wyndham Hotels & Resorts Historical Annual Stock Price Data", "value": 61.97, "historical": {"2020": {"Average Stock Price": "48.6108", "Year Open": "62.5700", "Year High": "62.5700", "Year Low": "21.5900", "Year Close": "59.4400", "Annual % Change": "-5.37%"}, "2019": {"Average Stock Price": "53.9059", "Year Open": "45.4900", "Year High": "63.2200", "Year Low": "44.2700", "Year Close": "62.8100", "Annual % Change": "38.44%"}, "2018": {"Average Stock Price": "54.1089", "Year Open": "61.4000", "Year High": "66.4300", "Year Low": "43.5000", "Year Close": "45.3700", "Annual % Change": "0.00%"}}}, "market cap": {"value": "$5.77B"}, "income statement": {"Revenue": {"2019-12-31": "2053.00000", "2018-12-31": "1868.00000", "2017-12-31": "1280.00000", "2016-12-31": "1269.00000", "2015-12-31": "1301.00000"}, "Cost Of Goods Sold": {"2019-12-31": "164.00000", "2018-12-31": "182.00000", "2017-12-31": "183.00000", "2016-12-31": "168.00000", "2015-12-31": "191.00000"}, "Gross Profit": {"2019-12-31": "1889.00000", "2018-12-31": "1686.00000", "2017-12-31": "1097.00000", "2016-12-31": "1101.00000", "2015-12-31": "1110.00000"}, "Research And Development Expenses": {"2019-12-31": "", "2018-12-31": "", "2017-12-31": "", "2016-12-31": "", "2015-12-31": ""}, "SG&A Expenses": {"2019-12-31": "693.00000", "2018-12-31": "605.00000", "2017-12-31": "461.00000", "2016-12-31": "459.00000", "2015-12-31": "508.00000"}, "Other Operating Income Or Expenses": {"2019-12-31": "-772.00000", "2018-12-31": "-699.00000", "2017-12-31": "-311.00000", "2016-12-31": "-272.00000", "2015-12-31": "-282.00000"}, "Operating Expenses": {"2019-12-31": "1746.00000", "2018-12-31": "1585.00000", "2017-12-31": "1031.00000", "2016-12-31": "974.00000", "2015-12-31": "1051.00000"}, "Operating Income": {"2019-12-31": "307.00000", "2018-12-31": "283.00000", "2017-12-31": "249.00000", "2016-12-31": "295.00000", "2015-12-31": "250.00000"}, "Total Non-Operating Income/Expense": {"2019-12-31": "-100.00000", "2018-12-31": "-60.00000", "2017-12-31": "-6.00000", "2016-12-31": "-1.00000", "2015-12-31": "-1.00000"}, "Pre-Tax Income": {"2019-12-31": "207.00000", "2018-12-31": "223.00000", "2017-12-31": "243.00000", "2016-12-31": "294.00000", "2015-12-31": "249.00000"}, "Income Taxes": {"2019-12-31": "50.00000", "2018-12-31": "61.00000", "2017-12-31": "13.00000", "2016-12-31": "118.00000", "2015-12-31": "100.00000"}, "Income After Taxes": {"2019-12-31": "157.00000", "2018-12-31": "162.00000", "2017-12-31": "230.00000", "2016-12-31": "176.00000", "2015-12-31": "149.00000"}, "Other Income": {"2019-12-31": "", "2018-12-31": "", "2017-12-31": "", "2016-12-31": "", "2015-12-31": ""}, "Income From Continuous Operations": {"2019-12-31": "157.00000", "2018-12-31": "162.00000", "2017-12-31": "230.00000", "2016-12-31": "176.00000", "2015-12-31": "149.00000"}, "Income From Discontinued Operations": {"2019-12-31": "", "2018-12-31": "", "2017-12-31": "", "2016-12-31": "", "2015-12-31": ""}, "Net Income": {"2019-12-31": "157.00000", "2018-12-31": "162.00000", "2017-12-31": "230.00000", "2016-12-31": "176.00000", "2015-12-31": "149.00000"}, "EBITDA": {"2019-12-31": "416.00000", "2018-12-31": "382.00000", "2017-12-31": "324.00000", "2016-12-31": "368.00000", "2015-12-31": "317.00000"}, "EBIT": {"2019-12-31": "307.00000", "2018-12-31": "283.00000", "2017-12-31": "249.00000", "2016-12-31": "295.00000", "2015-12-31": "250.00000"}, "Basic Shares Outstanding": {"2019-12-31": "96.50000", "2018-12-31": "99.50000", "2017-12-31": "99.80000", "2016-12-31": "99.80000", "2015-12-31": ""}, "Shares Outstanding": {"2019-12-31": "96.60000", "2018-12-31": "99.80000", "2017-12-31": "99.80000", "2016-12-31": "99.80000", "2015-12-31": ""}, "Basic EPS": {"2019-12-31": "1.63000", "2018-12-31": "1.62000", "2017-12-31": "2.31000", "2016-12-31": "1.76000", "2015-12-31": ""}, "EPS - Earnings Per Share": {"2019-12-31": "1.62000", "2018-12-31": "1.62000", "2017-12-31": "2.31000", "2016-12-31": "1.76000", "2015-12-31": "0.00000"}}, "income statement, quarterly": {"Revenue": {"2020-09-30": "337.00000", "2020-06-30": "258.00000", "2020-03-31": "410.00000", "2019-12-31": "492.00000", "2019-09-30": "560.00000", "2019-06-30": "533.00000", "2019-03-31": "468.00000", "2018-12-31": "527.00000", "2018-09-30": "604.00000", "2018-06-30": "435.00000", "2018-03-31": "302.00000", "2017-12-31": "313.00000", "2017-09-30": "347.00000", "2017-06-30": "331.00000", "2017-03-31": "289.00000", "2016-12-31": "", "2015-12-31": ""}, "Cost Of Goods Sold": {"2020-09-30": "25.00000", "2020-06-30": "23.00000", "2020-03-31": "", "2019-12-31": "83.00000", "2019-09-30": "43.00000", "2019-06-30": "38.00000", "2019-03-31": "", "2018-12-31": "43.00000", "2018-09-30": "51.00000", "2018-06-30": "47.00000", "2018-03-31": "41.00000", "2017-12-31": "50.00000", "2017-09-30": "46.00000", "2017-06-30": "43.00000", "2017-03-31": "44.00000", "2016-12-31": "", "2015-12-31": ""}, "Gross Profit": {"2020-09-30": "312.00000", "2020-06-30": "235.00000", "2020-03-31": "410.00000", "2019-12-31": "409.00000", "2019-09-30": "517.00000", "2019-06-30": "495.00000", "2019-03-31": "468.00000", "2018-12-31": "484.00000", "2018-09-30": "553.00000", "2018-06-30": "388.00000", "2018-03-31": "261.00000", "2017-12-31": "263.00000", "2017-09-30": "301.00000", "2017-06-30": "288.00000", "2017-03-31": "245.00000", "2016-12-31": "", "2015-12-31": ""}, "Research And Development Expenses": {"2020-09-30": "", "2020-06-30": "", "2020-03-31": "", "2019-12-31": "", "2019-09-30": "", "2019-06-30": "", "2019-03-31": "", "2018-12-31": "", "2018-09-30": "", "2018-06-30": "", "2018-03-31": "", "2017-12-31": "0.00000", "2017-09-30": "", "2017-06-30": "", "2017-03-31": "", "2016-12-31": "", "2015-12-31": ""}, "SG&A Expenses": {"2020-09-30": "135.00000", "2020-06-30": "111.00000", "2020-03-31": "146.00000", "2019-12-31": "157.00000", "2019-09-30": "193.00000", "2019-06-30": "180.00000", "2019-03-31": "163.00000", "2018-12-31": "174.00000", "2018-09-30": "175.00000", "2018-06-30": "150.00000", "2018-03-31": "106.00000", "2017-12-31": "238.00000", "2017-09-30": "115.00000", "2017-06-30": "116.00000", "2017-03-31": "103.00000", "2016-12-31": "", "2015-12-31": ""}, "Other Operating Income Or Expenses": {"2020-09-30": "-82.00000", "2020-06-30": "-277.00000", "2020-03-31": "-170.00000", "2019-12-31": "-113.00000", "2019-09-30": "-207.00000", "2019-06-30": "-226.00000", "2019-03-31": "-226.00000", "2018-12-31": "-199.00000", "2018-09-30": "-243.00000", "2018-06-30": "-177.00000", "2018-03-31": "-80.00000", "2017-12-31": "-111.00000", "2017-09-30": "-65.00000", "2017-06-30": "-69.00000", "2017-03-31": "-66.00000", "2016-12-31": "", "2015-12-31": ""}, "Operating Expenses": {"2020-09-30": "266.00000", "2020-06-30": "452.00000", "2020-03-31": "354.00000", "2019-12-31": "388.00000", "2019-09-30": "469.00000", "2019-06-30": "471.00000", "2019-03-31": "418.00000", "2018-12-31": "444.00000", "2018-09-30": "499.00000", "2018-06-30": "396.00000", "2018-03-31": "246.00000", "2017-12-31": "307.00000", "2017-09-30": "245.00000", "2017-06-30": "247.00000", "2017-03-31": "232.00000", "2016-12-31": "", "2015-12-31": ""}, "Operating Income": {"2020-09-30": "71.00000", "2020-06-30": "-194.00000", "2020-03-31": "56.00000", "2019-12-31": "104.00000", "2019-09-30": "91.00000", "2019-06-30": "62.00000", "2019-03-31": "50.00000", "2018-12-31": "83.00000", "2018-09-30": "105.00000", "2018-06-30": "39.00000", "2018-03-31": "56.00000", "2017-12-31": "6.00000", "2017-09-30": "102.00000", "2017-06-30": "84.00000", "2017-03-31": "57.00000", "2016-12-31": "", "2015-12-31": ""}, "Total Non-Operating Income/Expense": {"2020-09-30": "-29.00000", "2020-06-30": "-28.00000", "2020-03-31": "-25.00000", "2019-12-31": "-25.00000", "2019-09-30": "-25.00000", "2019-06-30": "-26.00000", "2019-03-31": "-24.00000", "2018-12-31": "-25.00000", "2018-09-30": "-24.00000", "2018-06-30": "-10.00000", "2018-03-31": "-1.00000", "2017-12-31": "", "2017-09-30": "-2.00000", "2017-06-30": "-2.00000", "2017-03-31": "-2.00000", "2016-12-31": "", "2015-12-31": ""}, "Pre-Tax Income": {"2020-09-30": "42.00000", "2020-06-30": "-222.00000", "2020-03-31": "31.00000", "2019-12-31": "79.00000", "2019-09-30": "66.00000", "2019-06-30": "36.00000", "2019-03-31": "26.00000", "2018-12-31": "58.00000", "2018-09-30": "81.00000", "2018-06-30": "29.00000", "2018-03-31": "55.00000", "2017-12-31": "6.00000", "2017-09-30": "100.00000", "2017-06-30": "82.00000", "2017-03-31": "55.00000", "2016-12-31": "", "2015-12-31": ""}, "Income Taxes": {"2020-09-30": "15.00000", "2020-06-30": "-48.00000", "2020-03-31": "9.00000", "2019-12-31": "14.00000", "2019-09-30": "21.00000", "2019-06-30": "10.00000", "2019-03-31": "5.00000", "2018-12-31": "14.00000", "2018-09-30": "23.00000", "2018-06-30": "8.00000", "2018-03-31": "16.00000", "2017-12-31": "-85.00000", "2017-09-30": "42.00000", "2017-06-30": "34.00000", "2017-03-31": "22.00000", "2016-12-31": "", "2015-12-31": ""}, "Income After Taxes": {"2020-09-30": "27.00000", "2020-06-30": "-174.00000", "2020-03-31": "22.00000", "2019-12-31": "65.00000", "2019-09-30": "45.00000", "2019-06-30": "26.00000", "2019-03-31": "21.00000", "2018-12-31": "44.00000", "2018-09-30": "58.00000", "2018-06-30": "21.00000", "2018-03-31": "39.00000", "2017-12-31": "91.00000", "2017-09-30": "58.00000", "2017-06-30": "48.00000", "2017-03-31": "33.00000", "2016-12-31": "", "2015-12-31": ""}, "Other Income": {"2020-09-30": "", "2020-06-30": "", "2020-03-31": "", "2019-12-31": "", "2019-09-30": "", "2019-06-30": "", "2019-03-31": "", "2018-12-31": "", "2018-09-30": "", "2018-06-30": "", "2018-03-31": "", "2017-12-31": "0.00000", "2017-09-30": "", "2017-06-30": "", "2017-03-31": "", "2016-12-31": "", "2015-12-31": ""}, "Income From Continuous Operations": {"2020-09-30": "27.00000", "2020-06-30": "-174.00000", "2020-03-31": "22.00000", "2019-12-31": "65.00000", "2019-09-30": "45.00000", "2019-06-30": "26.00000", "2019-03-31": "21.00000", "2018-12-31": "44.00000", "2018-09-30": "58.00000", "2018-06-30": "21.00000", "2018-03-31": "39.00000", "2017-12-31": "91.00000", "2017-09-30": "58.00000", "2017-06-30": "48.00000", "2017-03-31": "33.00000", "2016-12-31": "", "2015-12-31": ""}, "Income From Discontinued Operations": {"2020-09-30": "", "2020-06-30": "", "2020-03-31": "", "2019-12-31": "", "2019-09-30": "", "2019-06-30": "", "2019-03-31": "", "2018-12-31": "", "2018-09-30": "", "2018-06-30": "", "2018-03-31": "", "2017-12-31": "0.00000", "2017-09-30": "", "2017-06-30": "", "2017-03-31": "", "2016-12-31": "", "2015-12-31": ""}, "Net Income": {"2020-09-30": "27.00000", "2020-06-30": "-174.00000", "2020-03-31": "22.00000", "2019-12-31": "65.00000", "2019-09-30": "45.00000", "2019-06-30": "26.00000", "2019-03-31": "21.00000", "2018-12-31": "44.00000", "2018-09-30": "58.00000", "2018-06-30": "21.00000", "2018-03-31": "39.00000", "2017-12-31": "91.00000", "2017-09-30": "58.00000", "2017-06-30": "48.00000", "2017-03-31": "33.00000", "2016-12-31": "", "2015-12-31": ""}, "EBITDA": {"2020-09-30": "95.00000", "2020-06-30": "-170.00000", "2020-03-31": "81.00000", "2019-12-31": "132.00000", "2019-09-30": "116.00000", "2019-06-30": "89.00000", "2019-03-31": "79.00000", "2018-12-31": "111.00000", "2018-09-30": "135.00000", "2018-06-30": "61.00000", "2018-03-31": "75.00000", "2017-12-31": "25.00000", "2017-09-30": "121.00000", "2017-06-30": "103.00000", "2017-03-31": "75.00000", "2016-12-31": "", "2015-12-31": ""}, "EBIT": {"2020-09-30": "71.00000", "2020-06-30": "-194.00000", "2020-03-31": "56.00000", "2019-12-31": "104.00000", "2019-09-30": "91.00000", "2019-06-30": "62.00000", "2019-03-31": "50.00000", "2018-12-31": "83.00000", "2018-09-30": "105.00000", "2018-06-30": "39.00000", "2018-03-31": "56.00000", "2017-12-31": "6.00000", "2017-09-30": "102.00000", "2017-06-30": "84.00000", "2017-03-31": "57.00000", "2016-12-31": "", "2015-12-31": ""}, "Basic Shares Outstanding": {"2020-09-30": "93.30000", "2020-06-30": "93.30000", "2020-03-31": "93.70000", "2019-12-31": "96.50000", "2019-09-30": "96.20000", "2019-06-30": "97.10000", "2019-03-31": "97.90000", "2018-12-31": "99.50000", "2018-09-30": "99.80000", "2018-06-30": "99.90000", "2018-03-31": "99.80000", "2017-12-31": "99.80000", "2017-09-30": "99.80000", "2017-06-30": "99.80000", "2017-03-31": "", "2016-12-31": "", "2015-12-31": ""}, "Shares Outstanding": {"2020-09-30": "93.40000", "2020-06-30": "93.30000", "2020-03-31": "93.90000", "2019-12-31": "96.60000", "2019-09-30": "96.30000", "2019-06-30": "97.40000", "2019-03-31": "98.20000", "2018-12-31": "99.80000", "2018-09-30": "100.10000", "2018-06-30": "100.00000", "2018-03-31": "99.80000", "2017-12-31": "99.80000", "2017-09-30": "99.80000", "2017-06-30": "99.80000", "2017-03-31": "", "2016-12-31": "", "2015-12-31": ""}, "Basic EPS": {"2020-09-30": "0.29000", "2020-06-30": "-1.86000", "2020-03-31": "0.23000", "2019-12-31": "0.67000", "2019-09-30": "0.47000", "2019-06-30": "0.27000", "2019-03-31": "0.22000", "2018-12-31": "0.43000", "2018-09-30": "0.58000", "2018-06-30": "0.21000", "2018-03-31": "0.40000", "2017-12-31": "1.25000", "2017-09-30": "0.58000", "2017-06-30": "0.48000", "2017-03-31": "", "2016-12-31": "", "2015-12-31": ""}, "EPS - Earnings Per Share": {"2020-09-30": "0.29000", "2020-06-30": "-1.86000", "2020-03-31": "0.23000", "2019-12-31": "0.66000", "2019-09-30": "0.47000", "2019-06-30": "0.27000", "2019-03-31": "0.22000", "2018-12-31": "0.43000", "2018-09-30": "0.58000", "2018-06-30": "0.21000", "2018-03-31": "0.40000", "2017-12-31": "1.25000", "2017-09-30": "0.58000", "2017-06-30": "0.48000", "2017-03-31": "0.00000", "2016-12-31": "0.00000", "2015-12-31": "0.00000"}}, "balance sheet": {"Cash On Hand": {"2019-12-31": "94.00000", "2018-12-31": "366.00000", "2017-12-31": "57.00000", "2016-12-31": "28.00000", "2015-12-31": ""}, "Receivables": {"2019-12-31": "304.00000", "2018-12-31": "293.00000", "2017-12-31": "194.00000", "2016-12-31": "184.00000", "2015-12-31": ""}, "Inventory": {"2019-12-31": "", "2018-12-31": "", "2017-12-31": "", "2016-12-31": "", "2015-12-31": ""}, "Pre-Paid Expenses": {"2019-12-31": "48.00000", "2018-12-31": "40.00000", "2017-12-31": "29.00000", "2016-12-31": "24.00000", "2015-12-31": ""}, "Other Current Assets": {"2019-12-31": "53.00000", "2018-12-31": "152.00000", "2017-12-31": "54.00000", "2016-12-31": "19.00000", "2015-12-31": ""}, "Total Current Assets": {"2019-12-31": "499.00000", "2018-12-31": "851.00000", "2017-12-31": "334.00000", "2016-12-31": "255.00000", "2015-12-31": ""}, "Property, Plant, And Equipment": {"2019-12-31": "307.00000", "2018-12-31": "326.00000", "2017-12-31": "250.00000", "2016-12-31": "277.00000", "2015-12-31": ""}, "Long-Term Investments": {"2019-12-31": "", "2018-12-31": "", "2017-12-31": "", "2016-12-31": "", "2015-12-31": ""}, "Goodwill And Intangible Assets": {"2019-12-31": "3485.00000", "2018-12-31": "3534.00000", "2017-12-31": "1366.00000", "2016-12-31": "1259.00000", "2015-12-31": "0.00000"}, "Other Long-Term Assets": {"2019-12-31": "242.00000", "2018-12-31": "265.00000", "2017-12-31": "187.00000", "2016-12-31": "192.00000", "2015-12-31": ""}, "Total Long-Term Assets": {"2019-12-31": "4034.00000", "2018-12-31": "4125.00000", "2017-12-31": "1803.00000", "2016-12-31": "1728.00000", "2015-12-31": ""}, "Total Assets": {"2019-12-31": "4533.00000", "2018-12-31": "4976.00000", "2017-12-31": "2137.00000", "2016-12-31": "1983.00000", "2015-12-31": "0.00000"}, "Total Current Liabilities": {"2019-12-31": "462.00000", "2018-12-31": "693.00000", "2017-12-31": "411.00000", "2016-12-31": "372.00000", "2015-12-31": ""}, "Long Term Debt": {"2019-12-31": "2101.00000", "2018-12-31": "2120.00000", "2017-12-31": "81.00000", "2016-12-31": "71.00000", "2015-12-31": ""}, "Other Non-Current Liabilities": {"2019-12-31": "220.00000", "2018-12-31": "182.00000", "2017-12-31": "46.00000", "2016-12-31": "75.00000", "2015-12-31": ""}, "Total Long Term Liabilities": {"2019-12-31": "2859.00000", "2018-12-31": "2865.00000", "2017-12-31": "464.00000", "2016-12-31": "500.00000", "2015-12-31": ""}, "Total Liabilities": {"2019-12-31": "3321.00000", "2018-12-31": "3558.00000", "2017-12-31": "875.00000", "2016-12-31": "872.00000", "2015-12-31": "0.00000"}, "Common Stock Net": {"2019-12-31": "1.00000", "2018-12-31": "1.00000", "2017-12-31": "", "2016-12-31": "", "2015-12-31": "0.00000"}, "Retained Earnings (Accumulated Deficit)": {"2019-12-31": "113.00000", "2018-12-31": "69.00000", "2017-12-31": "", "2016-12-31": "", "2015-12-31": ""}, "Comprehensive Income": {"2019-12-31": "-27.00000", "2018-12-31": "-8.00000", "2017-12-31": "5.00000", "2016-12-31": "", "2015-12-31": ""}, "Other Share Holders Equity": {"2019-12-31": "", "2018-12-31": "", "2017-12-31": "1257.00000", "2016-12-31": "1111.00000", "2015-12-31": "0.00000"}, "Share Holder Equity": {"2019-12-31": "1212.00000", "2018-12-31": "1418.00000", "2017-12-31": "1262.00000", "2016-12-31": "1111.00000", "2015-12-31": "0.00000"}, "Total Liabilities And Share Holders Equity": {"2019-12-31": "4533.00000", "2018-12-31": "4976.00000", "2017-12-31": "2137.00000", "2016-12-31": "1983.00000", "2015-12-31": "0.00000"}}, "balance sheet, quarterly": {"Cash On Hand": {"2020-09-30": "735.00000", "2020-06-30": "664.00000", "2020-03-31": "749.00000", "2019-12-31": "94.00000", "2019-09-30": "134.00000", "2019-06-30": "107.00000", "2019-03-31": "284.00000", "2018-12-31": "366.00000", "2018-09-30": "387.00000", "2018-06-30": "416.00000", "2018-03-31": "71.00000", "2017-12-31": "57.00000", "2017-09-30": "", "2017-06-30": "", "2017-03-31": "", "2016-12-31": "28.00000", "2015-12-31": ""}, "Receivables": {"2020-09-30": "324.00000", "2020-06-30": "314.00000", "2020-03-31": "296.00000", "2019-12-31": "304.00000", "2019-09-30": "339.00000", "2019-06-30": "354.00000", "2019-03-31": "301.00000", "2018-12-31": "293.00000", "2018-09-30": "309.00000", "2018-06-30": "251.00000", "2018-03-31": "205.00000", "2017-12-31": "194.00000", "2017-09-30": "", "2017-06-30": "", "2017-03-31": "", "2016-12-31": "184.00000", "2015-12-31": ""}, "Inventory": {"2020-09-30": "", "2020-06-30": "", "2020-03-31": "", "2019-12-31": "", "2019-09-30": "", "2019-06-30": "", "2019-03-31": "", "2018-12-31": "", "2018-09-30": "", "2018-06-30": "", "2018-03-31": "", "2017-12-31": "", "2017-09-30": "", "2017-06-30": "", "2017-03-31": "", "2016-12-31": "", "2015-12-31": ""}, "Pre-Paid Expenses": {"2020-09-30": "42.00000", "2020-06-30": "51.00000", "2020-03-31": "54.00000", "2019-12-31": "48.00000", "2019-09-30": "46.00000", "2019-06-30": "60.00000", "2019-03-31": "54.00000", "2018-12-31": "40.00000", "2018-09-30": "41.00000", "2018-06-30": "43.00000", "2018-03-31": "40.00000", "2017-12-31": "29.00000", "2017-09-30": "", "2017-06-30": "", "2017-03-31": "", "2016-12-31": "", "2015-12-31": ""}, "Other Current Assets": {"2020-09-30": "39.00000", "2020-06-30": "49.00000", "2020-03-31": "48.00000", "2019-12-31": "53.00000", "2019-09-30": "67.00000", "2019-06-30": "75.00000", "2019-03-31": "139.00000", "2018-12-31": "152.00000", "2018-09-30": "113.00000", "2018-06-30": "95.00000", "2018-03-31": "63.00000", "2017-12-31": "54.00000", "2017-09-30": "", "2017-06-30": "", "2017-03-31": "", "2016-12-31": "43.00000", "2015-12-31": ""}, "Total Current Assets": {"2020-09-30": "1140.00000", "2020-06-30": "1078.00000", "2020-03-31": "1147.00000", "2019-12-31": "499.00000", "2019-09-30": "586.00000", "2019-06-30": "596.00000", "2019-03-31": "778.00000", "2018-12-31": "851.00000", "2018-09-30": "850.00000", "2018-06-30": "805.00000", "2018-03-31": "379.00000", "2017-12-31": "334.00000", "2017-09-30": "", "2017-06-30": "", "2017-03-31": "", "2016-12-31": "255.00000", "2015-12-31": ""}, "Property, Plant, And Equipment": {"2020-09-30": "284.00000", "2020-06-30": "294.00000", "2020-03-31": "299.00000", "2019-12-31": "307.00000", "2019-09-30": "310.00000", "2019-06-30": "316.00000", "2019-03-31": "317.00000", "2018-12-31": "326.00000", "2018-09-30": "331.00000", "2018-06-30": "331.00000", "2018-03-31": "251.00000", "2017-12-31": "250.00000", "2017-09-30": "", "2017-06-30": "", "2017-03-31": "", "2016-12-31": "", "2015-12-31": ""}, "Long-Term Investments": {"2020-09-30": "", "2020-06-30": "", "2020-03-31": "", "2019-12-31": "", "2019-09-30": "", "2019-06-30": "", "2019-03-31": "", "2018-12-31": "", "2018-09-30": "", "2018-06-30": "", "2018-03-31": "", "2017-12-31": "", "2017-09-30": "", "2017-06-30": "", "2017-03-31": "", "2016-12-31": "", "2015-12-31": ""}, "Goodwill And Intangible Assets": {"2020-09-30": "3250.00000", "2020-06-30": "3260.00000", "2020-03-31": "3476.00000", "2019-12-31": "3485.00000", "2019-09-30": "3493.00000", "2019-06-30": "3505.00000", "2019-03-31": "3521.00000", "2018-12-31": "3534.00000", "2018-09-30": "3543.00000", "2018-06-30": "3554.00000", "2018-03-31": "1359.00000", "2017-12-31": "1366.00000", "2017-09-30": "0.00000", "2017-06-30": "0.00000", "2017-03-31": "0.00000", "2016-12-31": "1259.00000", "2015-12-31": "0.00000"}, "Other Long-Term Assets": {"2020-09-30": "220.00000", "2020-06-30": "216.00000", "2020-03-31": "236.00000", "2019-12-31": "242.00000", "2019-09-30": "241.00000", "2019-06-30": "239.00000", "2019-03-31": "288.00000", "2018-12-31": "265.00000", "2018-09-30": "267.00000", "2018-06-30": "244.00000", "2018-03-31": "173.00000", "2017-12-31": "187.00000", "2017-09-30": "", "2017-06-30": "", "2017-03-31": "", "2016-12-31": "192.00000", "2015-12-31": ""}, "Total Long-Term Assets": {"2020-09-30": "3754.00000", "2020-06-30": "3770.00000", "2020-03-31": "4011.00000", "2019-12-31": "4034.00000", "2019-09-30": "4044.00000", "2019-06-30": "4060.00000", "2019-03-31": "4126.00000", "2018-12-31": "4125.00000", "2018-09-30": "4141.00000", "2018-06-30": "4129.00000", "2018-03-31": "1783.00000", "2017-12-31": "1803.00000", "2017-09-30": "", "2017-06-30": "", "2017-03-31": "", "2016-12-31": "1451.00000", "2015-12-31": ""}, "Total Assets": {"2020-09-30": "4894.00000", "2020-06-30": "4848.00000", "2020-03-31": "5158.00000", "2019-12-31": "4533.00000", "2019-09-30": "4630.00000", "2019-06-30": "4656.00000", "2019-03-31": "4904.00000", "2018-12-31": "4976.00000", "2018-09-30": "4991.00000", "2018-06-30": "4934.00000", "2018-03-31": "2162.00000", "2017-12-31": "2137.00000", "2017-09-30": "0.00000", "2017-06-30": "0.00000", "2017-03-31": "0.00000", "2016-12-31": "1983.00000", "2015-12-31": "0.00000"}, "Total Current Liabilities": {"2020-09-30": "381.00000", "2020-06-30": "343.00000", "2020-03-31": "415.00000", "2019-12-31": "462.00000", "2019-09-30": "514.00000", "2019-06-30": "481.00000", "2019-03-31": "663.00000", "2018-12-31": "693.00000", "2018-09-30": "702.00000", "2018-06-30": "700.00000", "2018-03-31": "427.00000", "2017-12-31": "411.00000", "2017-09-30": "", "2017-06-30": "", "2017-03-31": "", "2016-12-31": "372.00000", "2015-12-31": ""}, "Long Term Debt": {"2020-09-30": "2814.00000", "2020-06-30": "2826.00000", "2020-03-31": "2831.00000", "2019-12-31": "2101.00000", "2019-09-30": "2106.00000", "2019-06-30": "2110.00000", "2019-03-31": "2115.00000", "2018-12-31": "2120.00000", "2018-09-30": "2124.00000", "2018-06-30": "2129.00000", "2018-03-31": "81.00000", "2017-12-31": "81.00000", "2017-09-30": "", "2017-06-30": "", "2017-03-31": "", "2016-12-31": "71.00000", "2015-12-31": ""}, "Other Non-Current Liabilities": {"2020-09-30": "252.00000", "2020-06-30": "257.00000", "2020-03-31": "265.00000", "2019-12-31": "220.00000", "2019-09-30": "227.00000", "2019-06-30": "226.00000", "2019-03-31": "201.00000", "2018-12-31": "182.00000", "2018-09-30": "150.00000", "2018-06-30": "125.00000", "2018-03-31": "47.00000", "2017-12-31": "46.00000", "2017-09-30": "", "2017-06-30": "", "2017-03-31": "", "2016-12-31": "75.00000", "2015-12-31": ""}, "Total Long Term Liabilities": {"2020-09-30": "3550.00000", "2020-06-30": "3572.00000", "2020-03-31": "3631.00000", "2019-12-31": "2859.00000", "2019-09-30": "2874.00000", "2019-06-30": "2875.00000", "2019-03-31": "2877.00000", "2018-12-31": "2865.00000", "2018-09-30": "2846.00000", "2018-06-30": "2798.00000", "2018-03-31": "462.00000", "2017-12-31": "464.00000", "2017-09-30": "", "2017-06-30": "", "2017-03-31": "", "2016-12-31": "500.00000", "2015-12-31": ""}, "Total Liabilities": {"2020-09-30": "3931.00000", "2020-06-30": "3915.00000", "2020-03-31": "4046.00000", "2019-12-31": "3321.00000", "2019-09-30": "3388.00000", "2019-06-30": "3356.00000", "2019-03-31": "3540.00000", "2018-12-31": "3558.00000", "2018-09-30": "3548.00000", "2018-06-30": "3498.00000", "2018-03-31": "889.00000", "2017-12-31": "875.00000", "2017-09-30": "0.00000", "2017-06-30": "0.00000", "2017-03-31": "0.00000", "2016-12-31": "872.00000", "2015-12-31": "0.00000"}, "Common Stock Net": {"2020-09-30": "1.00000", "2020-06-30": "1.00000", "2020-03-31": "1.00000", "2019-12-31": "1.00000", "2019-09-30": "1.00000", "2019-06-30": "1.00000", "2019-03-31": "1.00000", "2018-12-31": "1.00000", "2018-09-30": "1.00000", "2018-06-30": "1.00000", "2018-03-31": "", "2017-12-31": "", "2017-09-30": "0.00000", "2017-06-30": "0.00000", "2017-03-31": "0.00000", "2016-12-31": "0.00000", "2015-12-31": "0.00000"}, "Retained Earnings (Accumulated Deficit)": {"2020-09-30": "-66.00000", "2020-06-30": "-86.00000", "2020-03-31": "95.00000", "2019-12-31": "113.00000", "2019-09-30": "77.00000", "2019-06-30": "59.00000", "2019-03-31": "61.00000", "2018-12-31": "69.00000", "2018-09-30": "51.00000", "2018-06-30": "18.00000", "2018-03-31": "", "2017-12-31": "", "2017-09-30": "", "2017-06-30": "", "2017-03-31": "", "2016-12-31": "", "2015-12-31": ""}, "Comprehensive Income": {"2020-09-30": "-62.00000", "2020-06-30": "-67.00000", "2020-03-31": "-66.00000", "2019-12-31": "-27.00000", "2019-09-30": "-34.00000", "2019-06-30": "-30.00000", "2019-03-31": "-15.00000", "2018-12-31": "-8.00000", "2018-09-30": "4.00000", "2018-06-30": "3.00000", "2018-03-31": "6.00000", "2017-12-31": "5.00000", "2017-09-30": "", "2017-06-30": "", "2017-03-31": "", "2016-12-31": "", "2015-12-31": ""}, "Other Share Holders Equity": {"2020-09-30": "", "2020-06-30": "", "2020-03-31": "", "2019-12-31": "", "2019-09-30": "", "2019-06-30": "", "2019-03-31": "", "2018-12-31": "", "2018-09-30": "", "2018-06-30": "", "2018-03-31": "1267.00000", "2017-12-31": "1257.00000", "2017-09-30": "0.00000", "2017-06-30": "0.00000", "2017-03-31": "0.00000", "2016-12-31": "1111.00000", "2015-12-31": "0.00000"}, "Share Holder Equity": {"2020-09-30": "963.00000", "2020-06-30": "933.00000", "2020-03-31": "1112.00000", "2019-12-31": "1212.00000", "2019-09-30": "1242.00000", "2019-06-30": "1300.00000", "2019-03-31": "1364.00000", "2018-12-31": "1418.00000", "2018-09-30": "1443.00000", "2018-06-30": "1436.00000", "2018-03-31": "1273.00000", "2017-12-31": "1262.00000", "2017-09-30": "0.00000", "2017-06-30": "0.00000", "2017-03-31": "0.00000", "2016-12-31": "1111.00000", "2015-12-31": "0.00000"}, "Total Liabilities And Share Holders Equity": {"2020-09-30": "4894.00000", "2020-06-30": "4848.00000", "2020-03-31": "5158.00000", "2019-12-31": "4533.00000", "2019-09-30": "4630.00000", "2019-06-30": "4656.00000", "2019-03-31": "4904.00000", "2018-12-31": "4976.00000", "2018-09-30": "4991.00000", "2018-06-30": "4934.00000", "2018-03-31": "2162.00000", "2017-12-31": "2137.00000", "2017-09-30": "0.00000", "2017-06-30": "0.00000", "2017-03-31": "0.00000", "2016-12-31": "1983.00000", "2015-12-31": "0.00000"}}, "cash flow statement": {"Net Income/Loss": {"2019-12-31": "157.00000", "2018-12-31": "162.00000", "2017-12-31": "230.00000", "2016-12-31": "176.00000", "2015-12-31": "149.00000"}, "Total Depreciation And Amortization - Cash Flow": {"2019-12-31": "109.00000", "2018-12-31": "99.00000", "2017-12-31": "75.00000", "2016-12-31": "73.00000", "2015-12-31": "67.00000"}, "Other Non-Cash Items": {"2019-12-31": "53.00000", "2018-12-31": "12.00000", "2017-12-31": "-50.00000", "2016-12-31": "34.00000", "2015-12-31": "27.00000"}, "Total Non-Cash Items": {"2019-12-31": "162.00000", "2018-12-31": "111.00000", "2017-12-31": "25.00000", "2016-12-31": "107.00000", "2015-12-31": "94.00000"}, "Change In Accounts Receivable": {"2019-12-31": "-11.00000", "2018-12-31": "-55.00000", "2017-12-31": "-10.00000", "2016-12-31": "", "2015-12-31": "-17.00000"}, "Change In Inventories": {"2019-12-31": "", "2018-12-31": "", "2017-12-31": "", "2016-12-31": "", "2015-12-31": ""}, "Change In Accounts Payable": {"2019-12-31": "-28.00000", "2018-12-31": "85.00000", "2017-12-31": "24.00000", "2016-12-31": "-13.00000", "2015-12-31": "26.00000"}, "Change In Assets/Liabilities": {"2019-12-31": "-180.00000", "2018-12-31": "-72.00000", "2017-12-31": "9.00000", "2016-12-31": "-6.00000", "2015-12-31": "35.00000"}, "Total Change In Assets/Liabilities": {"2019-12-31": "-219.00000", "2018-12-31": "-42.00000", "2017-12-31": "23.00000", "2016-12-31": "-19.00000", "2015-12-31": "44.00000"}, "Cash Flow From Operating Activities": {"2019-12-31": "100.00000", "2018-12-31": "231.00000", "2017-12-31": "278.00000", "2016-12-31": "264.00000", "2015-12-31": "287.00000"}, "Net Change In Property, Plant, And Equipment": {"2019-12-31": "-50.00000", "2018-12-31": "-73.00000", "2017-12-31": "-46.00000", "2016-12-31": "-42.00000", "2015-12-31": "-108.00000"}, "Net Change In Intangible Assets": {"2019-12-31": "", "2018-12-31": "", "2017-12-31": "", "2016-12-31": "", "2015-12-31": ""}, "Net Acquisitions/Divestitures": {"2019-12-31": "", "2018-12-31": "-1703.00000", "2017-12-31": "-140.00000", "2016-12-31": "-70.00000", "2015-12-31": ""}, "Net Change In Short-term Investments": {"2019-12-31": "", "2018-12-31": "", "2017-12-31": "", "2016-12-31": "", "2015-12-31": ""}, "Net Change In Long-Term Investments": {"2019-12-31": "", "2018-12-31": "", "2017-12-31": "", "2016-12-31": "", "2015-12-31": ""}, "Net Change In Investments - Total": {"2019-12-31": "", "2018-12-31": "", "2017-12-31": "", "2016-12-31": "", "2015-12-31": ""}, "Investing Activities - Other": {"2019-12-31": "-3.00000", "2018-12-31": "48.00000", "2017-12-31": "-11.00000", "2016-12-31": "-2.00000", "2015-12-31": "4.00000"}, "Cash Flow From Investing Activities": {"2019-12-31": "-53.00000", "2018-12-31": "-1728.00000", "2017-12-31": "-197.00000", "2016-12-31": "-114.00000", "2015-12-31": "-104.00000"}, "Net Long-Term Debt": {"2019-12-31": "-16.00000", "2018-12-31": "2071.00000", "2017-12-31": "-50.00000", "2016-12-31": "-162.00000", "2015-12-31": "-168.00000"}, "Net Current Debt": {"2019-12-31": "", "2018-12-31": "", "2017-12-31": "", "2016-12-31": "", "2015-12-31": ""}, "Debt Issuance/Retirement Net - Total": {"2019-12-31": "-16.00000", "2018-12-31": "2071.00000", "2017-12-31": "-50.00000", "2016-12-31": "-162.00000", "2015-12-31": "-168.00000"}, "Net Common Equity Issued/Repurchased": {"2019-12-31": "-247.00000", "2018-12-31": "-151.00000", "2017-12-31": "", "2016-12-31": "", "2015-12-31": ""}, "Net Total Equity Issued/Repurchased": {"2019-12-31": "-247.00000", "2018-12-31": "-151.00000", "2017-12-31": "", "2016-12-31": "", "2015-12-31": ""}, "Total Common And Preferred Stock Dividends Paid": {"2019-12-31": "-112.00000", "2018-12-31": "-186.00000", "2017-12-31": "", "2016-12-31": "", "2015-12-31": ""}, "Financial Activities - Other": {"2019-12-31": "55.00000", "2018-12-31": "74.00000", "2017-12-31": "-1.00000", "2016-12-31": "1.00000", "2015-12-31": "-2.00000"}, "Cash Flow From Financial Activities": {"2019-12-31": "-320.00000", "2018-12-31": "1808.00000", "2017-12-31": "-51.00000", "2016-12-31": "-161.00000", "2015-12-31": "-170.00000"}, "Net Cash Flow": {"2019-12-31": "-272.00000", "2018-12-31": "307.00000", "2017-12-31": "29.00000", "2016-12-31": "-10.00000", "2015-12-31": "13.00000"}, "Stock-Based Compensation": {"2019-12-31": "20.00000", "2018-12-31": "25.00000", "2017-12-31": "", "2016-12-31": "0.00000", "2015-12-31": ""}, "Common Stock Dividends Paid": {"2019-12-31": "-112.00000", "2018-12-31": "-186.00000", "2017-12-31": "0.00000", "2016-12-31": "0.00000", "2015-12-31": ""}}, "cash flow statement, quarterly": {"Net Income/Loss": {"2020-09-30": 27, "2020-06-30": -174, "2020-03-31": "22.00000", "2019-12-31": 64, "2019-09-30": 46, "2019-06-30": 26, "2019-03-31": "21.00000", "2018-12-31": 44, "2018-09-30": 57, "2018-06-30": 22, "2018-03-31": "39.00000", "2017-12-31": 105, "2017-09-30": 57, "2017-06-30": 48, "2017-03-31": "33.00000", "2016-12-31": 23, "2015-12-31": 149}, "Total Depreciation And Amortization - Cash Flow": {"2020-09-30": 24, "2020-06-30": 24, "2020-03-31": "25.00000", "2019-12-31": 28, "2019-09-30": 25, "2019-06-30": 27, "2019-03-31": "29.00000", "2018-12-31": 28, "2018-09-30": 30, "2018-06-30": 22, "2018-03-31": "19.00000", "2017-12-31": 19, "2017-09-30": 19, "2017-06-30": 19, "2017-03-31": "18.00000", "2016-12-31": 6, "2015-12-31": 67}, "Other Non-Cash Items": {"2020-09-30": 7, "2020-06-30": 163, "2020-03-31": "8.00000", "2019-12-31": 10, "2019-09-30": -6, "2019-06-30": 47, "2019-03-31": "2.00000", "2018-12-31": 19, "2018-09-30": 24, "2018-06-30": -25, "2018-03-31": "-6.00000", "2017-12-31": -60, "2017-09-30": -2, "2017-06-30": 2, "2017-03-31": "10.00000", "2016-12-31": 0, "2015-12-31": 0}, "Total Non-Cash Items": {"2020-09-30": 31, "2020-06-30": 187, "2020-03-31": "33.00000", "2019-12-31": 38, "2019-09-30": 19, "2019-06-30": 74, "2019-03-31": "31.00000", "2018-12-31": 47, "2018-09-30": 54, "2018-06-30": -3, "2018-03-31": "13.00000", "2017-12-31": 9, "2017-09-30": 17, "2017-06-30": 21, "2017-03-31": "28.00000", "2016-12-31": 6, "2015-12-31": 67}, "Change In Accounts Receivable": {"2020-09-30": -9, "2020-06-30": -18, "2020-03-31": "-5.00000", "2019-12-31": 35, "2019-09-30": 9, "2019-06-30": -52, "2019-03-31": "-3.00000", "2018-12-31": 14, "2018-09-30": -43, "2018-06-30": -12, "2018-03-31": "-14.00000", "2017-12-31": 17, "2017-09-30": -6, "2017-06-30": -8, "2017-03-31": "-13.00000", "2016-12-31": 0, "2015-12-31": 0}, "Change In Inventories": {"2020-09-30": 0, "2020-06-30": 0, "2020-03-31": "", "2019-12-31": 0, "2019-09-30": 0, "2019-06-30": 0, "2019-03-31": "", "2018-12-31": 0, "2018-09-30": 0, "2018-06-30": 0, "2018-03-31": "", "2017-12-31": 0, "2017-09-30": 0, "2017-06-30": 0, "2017-03-31": "", "2016-12-31": 0, "2015-12-31": 0}, "Change In Accounts Payable": {"2020-09-30": 56, "2020-06-30": -37, "2020-03-31": "-14.00000", "2019-12-31": -85, "2019-09-30": 69, "2019-06-30": 1, "2019-03-31": "-13.00000", "2018-12-31": 3, "2018-09-30": 50, "2018-06-30": 28, "2018-03-31": "4.00000", "2017-12-31": 22, "2017-09-30": 10, "2017-06-30": 4, "2017-03-31": "-12.00000", "2016-12-31": 0, "2015-12-31": 0}, "Change In Assets/Liabilities": {"2020-09-30": -8, "2020-06-30": -15, "2020-03-31": "-19.00000", "2019-12-31": 39, "2019-09-30": 3, "2019-06-30": -193, "2019-03-31": "-29.00000", "2018-12-31": 22, "2018-09-30": -50, "2018-06-30": -18, "2018-03-31": "-26.00000", "2017-12-31": 36, "2017-09-30": -6, "2017-06-30": -8, "2017-03-31": "-13.00000", "2016-12-31": 0, "2015-12-31": 0}, "Total Change In Assets/Liabilities": {"2020-09-30": 39, "2020-06-30": -70, "2020-03-31": "-38.00000", "2019-12-31": -11, "2019-09-30": 81, "2019-06-30": -244, "2019-03-31": "-45.00000", "2018-12-31": 39, "2018-09-30": -43, "2018-06-30": -2, "2018-03-31": "-36.00000", "2017-12-31": 58, "2017-09-30": -2, "2017-06-30": -12, "2017-03-31": "-38.00000", "2016-12-31": -52, "2015-12-31": 44}, "Cash Flow From Operating Activities": {"2020-09-30": 97, "2020-06-30": -57, "2020-03-31": "17.00000", "2019-12-31": 91, "2019-09-30": 146, "2019-06-30": -144, "2019-03-31": "7.00000", "2018-12-31": 130, "2018-09-30": 68, "2018-06-30": 17, "2018-03-31": "16.00000", "2017-12-31": 127, "2017-09-30": 72, "2017-06-30": 57, "2017-03-31": "23.00000", "2016-12-31": -17, "2015-12-31": 287}, "Net Change In Property, Plant, And Equipment": {"2020-09-30": -5, "2020-06-30": -11, "2020-03-31": "-7.00000", "2019-12-31": -15, "2019-09-30": -10, "2019-06-30": -16, "2019-03-31": "-9.00000", "2018-12-31": -18, "2018-09-30": -22, "2018-06-30": -19, "2018-03-31": "-14.00000", "2017-12-31": -159, "2017-09-30": -10, "2017-06-30": -12, "2017-03-31": "-5.00000", "2016-12-31": -4, "2015-12-31": -108}, "Net Change In Intangible Assets": {"2020-09-30": 0, "2020-06-30": 0, "2020-03-31": "", "2019-12-31": 0, "2019-09-30": 0, "2019-06-30": 0, "2019-03-31": "", "2018-12-31": 0, "2018-09-30": 0, "2018-06-30": 0, "2018-03-31": "", "2017-12-31": 0, "2017-09-30": 0, "2017-06-30": 0, "2017-03-31": "", "2016-12-31": 0, "2015-12-31": 0}, "Net Acquisitions/Divestitures": {"2020-09-30": 0, "2020-06-30": 0, "2020-03-31": "", "2019-12-31": 0, "2019-09-30": 0, "2019-06-30": 0, "2019-03-31": "", "2018-12-31": -7, "2018-09-30": -1, "2018-06-30": -1695, "2018-03-31": "", "2017-12-31": 0, "2017-09-30": 0, "2017-06-30": 0, "2017-03-31": "", "2016-12-31": 0, "2015-12-31": 0}, "Net Change In Short-term Investments": {"2020-09-30": 0, "2020-06-30": 0, "2020-03-31": "", "2019-12-31": 0, "2019-09-30": 0, "2019-06-30": 0, "2019-03-31": "", "2018-12-31": 0, "2018-09-30": 0, "2018-06-30": 0, "2018-03-31": "", "2017-12-31": 0, "2017-09-30": 0, "2017-06-30": 0, "2017-03-31": "", "2016-12-31": 0, "2015-12-31": 0}, "Net Change In Long-Term Investments": {"2020-09-30": 0, "2020-06-30": 0, "2020-03-31": "", "2019-12-31": 0, "2019-09-30": 0, "2019-06-30": 0, "2019-03-31": "", "2018-12-31": 0, "2018-09-30": 0, "2018-06-30": 0, "2018-03-31": "", "2017-12-31": 0, "2017-09-30": 0, "2017-06-30": 0, "2017-03-31": "", "2016-12-31": 0, "2015-12-31": 0}, "Net Change In Investments - Total": {"2020-09-30": 0, "2020-06-30": 0, "2020-03-31": "", "2019-12-31": 0, "2019-09-30": 0, "2019-06-30": 0, "2019-03-31": "", "2018-12-31": 0, "2018-09-30": 0, "2018-06-30": 0, "2018-03-31": "", "2017-12-31": 0, "2017-09-30": 0, "2017-06-30": 0, "2017-03-31": "", "2016-12-31": 0, "2015-12-31": 0}, "Investing Activities - Other": {"2020-09-30": 0, "2020-06-30": -1, "2020-03-31": "", "2019-12-31": -1, "2019-09-30": 0, "2019-06-30": 0, "2019-03-31": "-2.00000", "2018-12-31": -6, "2018-09-30": -2, "2018-06-30": 42, "2018-03-31": "14.00000", "2017-12-31": 8, "2017-09-30": -19, "2017-06-30": -1, "2017-03-31": "", "2016-12-31": -12, "2015-12-31": 4}, "Cash Flow From Investing Activities": {"2020-09-30": -5, "2020-06-30": -12, "2020-03-31": "-7.00000", "2019-12-31": -16, "2019-09-30": -10, "2019-06-30": -16, "2019-03-31": "-11.00000", "2018-12-31": -31, "2018-09-30": -25, "2018-06-30": -1672, "2018-03-31": "0.00000", "2017-12-31": -151, "2017-09-30": -29, "2017-06-30": -13, "2017-03-31": "-5.00000", "2016-12-31": -16, "2015-12-31": -104}, "Net Long-Term Debt": {"2020-09-30": -6, "2020-06-30": -5, "2020-03-31": "729.00000", "2019-12-31": 0, "2019-09-30": -6, "2019-06-30": -5, "2019-03-31": "-5.00000", "2018-12-31": -2, "2018-09-30": -1, "2018-06-30": 2075, "2018-03-31": "-1.00000", "2017-12-31": 40, "2017-09-30": -34, "2017-06-30": -42, "2017-03-31": "-14.00000", "2016-12-31": 0, "2015-12-31": 0}, "Net Current Debt": {"2020-09-30": 0, "2020-06-30": 0, "2020-03-31": "", "2019-12-31": 0, "2019-09-30": 0, "2019-06-30": 0, "2019-03-31": "", "2018-12-31": 0, "2018-09-30": 0, "2018-06-30": 0, "2018-03-31": "", "2017-12-31": 0, "2017-09-30": 0, "2017-06-30": 0, "2017-03-31": "", "2016-12-31": 0, "2015-12-31": 0}, "Debt Issuance/Retirement Net - Total": {"2020-09-30": -6, "2020-06-30": -5, "2020-03-31": "729.00000", "2019-12-31": 0, "2019-09-30": -6, "2019-06-30": -5, "2019-03-31": "-5.00000", "2018-12-31": -2, "2018-09-30": -1, "2018-06-30": 2075, "2018-03-31": "-1.00000", "2017-12-31": 39, "2017-09-30": -34, "2017-06-30": -42, "2017-03-31": "-14.00000", "2016-12-31": 6, "2015-12-31": -168}, "Net Common Equity Issued/Repurchased": {"2020-09-30": 0, "2020-06-30": -2, "2020-03-31": "-52.00000", "2019-12-31": -74, "2019-09-30": -74, "2019-06-30": -54, "2019-03-31": "-45.00000", "2018-12-31": -67, "2018-09-30": -46, "2018-06-30": -38, "2018-03-31": "", "2017-12-31": 0, "2017-09-30": 0, "2017-06-30": 0, "2017-03-31": "", "2016-12-31": 0, "2015-12-31": 0}, "Net Total Equity Issued/Repurchased": {"2020-09-30": 0, "2020-06-30": -2, "2020-03-31": "-52.00000", "2019-12-31": -74, "2019-09-30": -74, "2019-06-30": -54, "2019-03-31": "-45.00000", "2018-12-31": -67, "2018-09-30": -46, "2018-06-30": -38, "2018-03-31": "", "2017-12-31": 0, "2017-09-30": 0, "2017-06-30": 0, "2017-03-31": "", "2016-12-31": 0, "2015-12-31": 0}, "Total Common And Preferred Stock Dividends Paid": {"2020-09-30": -7, "2020-06-30": -8, "2020-03-31": "-30.00000", "2019-12-31": -28, "2019-09-30": -28, "2019-06-30": -28, "2019-03-31": "-28.00000", "2018-12-31": -44, "2018-09-30": -25, "2018-06-30": -117, "2018-03-31": "", "2017-12-31": 0, "2017-09-30": 0, "2017-06-30": 0, "2017-03-31": "", "2016-12-31": 0, "2015-12-31": 0}, "Financial Activities - Other": {"2020-09-30": -8, "2020-06-30": -2, "2020-03-31": "", "2019-12-31": -14, "2019-09-30": 0, "2019-06-30": 69, "2019-03-31": "", "2018-12-31": -3, "2018-09-30": 0, "2018-06-30": 77, "2018-03-31": "", "2017-12-31": 0, "2017-09-30": 0, "2017-06-30": 0, "2017-03-31": "", "2016-12-31": 3, "2015-12-31": -2}, "Cash Flow From Financial Activities": {"2020-09-30": -21, "2020-06-30": -17, "2020-03-31": "647.00000", "2019-12-31": -116, "2019-09-30": -108, "2019-06-30": -18, "2019-03-31": "-78.00000", "2018-12-31": -116, "2018-09-30": -72, "2018-06-30": 1997, "2018-03-31": "-1.00000", "2017-12-31": 39, "2017-09-30": -34, "2017-06-30": -42, "2017-03-31": "-14.00000", "2016-12-31": 9, "2015-12-31": -170}, "Net Cash Flow": {"2020-09-30": 71, "2020-06-30": -85, "2020-03-31": "655.00000", "2019-12-31": -40, "2019-09-30": 27, "2019-06-30": -177, "2019-03-31": "-82.00000", "2018-12-31": -21, "2018-09-30": -29, "2018-06-30": 343, "2018-03-31": "14.00000", "2017-12-31": 15, "2017-09-30": 9, "2017-06-30": 1, "2017-03-31": "4.00000", "2016-12-31": -23, "2015-12-31": 13}, "Stock-Based Compensation": {"2020-09-30": 5, "2020-06-30": 6, "2020-03-31": "4.00000", "2019-12-31": 5, "2019-09-30": 4, "2019-06-30": 6, "2019-03-31": "5.00000", "2018-12-31": 8, "2018-09-30": 13, "2018-06-30": 4, "2018-03-31": "0.00000", "2017-12-31": 0, "2017-09-30": 0, "2017-06-30": 0, "2017-03-31": "", "2016-12-31": 0, "2015-12-31": 0}, "Common Stock Dividends Paid": {"2020-09-30": -7, "2020-06-30": -8, "2020-03-31": "-30.00000", "2019-12-31": -28, "2019-09-30": -28, "2019-06-30": -28, "2019-03-31": "-28.00000", "2018-12-31": -44, "2018-09-30": -25, "2018-06-30": -117, "2018-03-31": "0.00000", "2017-12-31": 0, "2017-09-30": 0, "2017-06-30": 0, "2017-03-31": "", "2016-12-31": 0, "2015-12-31": 0}}, "financial ratios": {"Current Ratio": {"2019-12-31": "1.08010", "2018-12-31": "1.22800", "2017-12-31": "0.81270", "2016-12-31": "0.68550", "2015-12-31": ""}, "Long-term Debt / Capital": {"2019-12-31": "0.63420", "2018-12-31": "0.59920", "2017-12-31": "0.06030", "2016-12-31": "0.06010", "2015-12-31": ""}, "Debt/Equity Ratio": {"2019-12-31": "1.75080", "2018-12-31": "1.50990", "2017-12-31": "0.14580", "2016-12-31": "0.15660", "2015-12-31": ""}, "Gross Margin": {"2019-12-31": "92.01170", "2018-12-31": "90.25700", "2017-12-31": "85.70310", "2016-12-31": "86.76120", "2015-12-31": "85.31900"}, "Operating Margin": {"2019-12-31": "14.95370", "2018-12-31": "15.14990", "2017-12-31": "19.45310", "2016-12-31": "23.24670", "2015-12-31": "19.21600"}, "EBIT Margin": {"2019-12-31": "14.95370", "2018-12-31": "15.14990", "2017-12-31": "19.45310", "2016-12-31": "23.24670", "2015-12-31": "19.21600"}, "EBITDA Margin": {"2019-12-31": "20.26300", "2018-12-31": "20.44970", "2017-12-31": "25.31250", "2016-12-31": "28.99920", "2015-12-31": "24.36590"}, "Pre-Tax Profit Margin": {"2019-12-31": "10.08280", "2018-12-31": "11.93790", "2017-12-31": "18.98440", "2016-12-31": "23.16790", "2015-12-31": "19.13910"}, "Net Profit Margin": {"2019-12-31": "7.64730", "2018-12-31": "8.67240", "2017-12-31": "17.96880", "2016-12-31": "13.86920", "2015-12-31": "11.45270"}, "Asset Turnover": {"2019-12-31": "0.45290", "2018-12-31": "0.37540", "2017-12-31": "0.59900", "2016-12-31": "0.63990", "2015-12-31": ""}, "Inventory Turnover Ratio": {"2019-12-31": "", "2018-12-31": "", "2017-12-31": "", "2016-12-31": "", "2015-12-31": ""}, "Receiveable Turnover": {"2019-12-31": "6.75330", "2018-12-31": "6.37540", "2017-12-31": "6.59790", "2016-12-31": "6.89670", "2015-12-31": ""}, "Days Sales In Receivables": {"2019-12-31": "54.04770", "2018-12-31": "57.25110", "2017-12-31": "55.32030", "2016-12-31": "52.92360", "2015-12-31": ""}, "ROE - Return On Equity": {"2019-12-31": "12.95380", "2018-12-31": "11.42450", "2017-12-31": "18.22500", "2016-12-31": "15.84160", "2015-12-31": ""}, "Return On Tangible Equity": {"2019-12-31": "-6.90720", "2018-12-31": "-7.65600", "2017-12-31": "-221.15390", "2016-12-31": "-118.91890", "2015-12-31": ""}, "ROA - Return On Assets": {"2019-12-31": "3.46350", "2018-12-31": "3.25560", "2017-12-31": "10.76280", "2016-12-31": "8.87540", "2015-12-31": ""}, "ROI - Return On Investment": {"2019-12-31": "4.73890", "2018-12-31": "4.57890", "2017-12-31": "17.12580", "2016-12-31": "14.89000", "2015-12-31": ""}, "Book Value Per Share": {"2019-12-31": "12.92110", "2018-12-31": "14.45460", "2017-12-31": "", "2016-12-31": "", "2015-12-31": ""}, "Operating Cash Flow Per Share": {"2019-12-31": -1.2794, "2018-12-31": -0.471, "2017-12-31": 0.1403, "2016-12-31": 2.6453, "2015-12-31": 0}, "Free Cash Flow Per Share": {"2019-12-31": -1.0656, "2018-12-31": -0.7414, "2017-12-31": 0.1002, "2016-12-31": 2.2244, "2015-12-31": 0}}, "financial ratios, quarterly": {"Current Ratio": {"2020-09-30": "2.99210", "2020-06-30": "3.14290", "2020-03-31": "2.76390", "2019-12-31": "1.08010", "2019-09-30": "1.14010", "2019-06-30": "1.23910", "2019-03-31": "1.17350", "2018-12-31": "1.22800", "2018-09-30": "1.21080", "2018-06-30": "1.15000", "2018-03-31": "0.88760", "2017-12-31": "0.81270", "2017-09-30": "", "2017-06-30": "", "2017-03-31": "", "2016-12-31": "", "2015-12-31": ""}, "Long-term Debt / Capital": {"2020-09-30": "0.74500", "2020-06-30": "0.75180", "2020-03-31": "0.71800", "2019-12-31": "0.63420", "2019-09-30": "0.62900", "2019-06-30": "0.61880", "2019-03-31": "0.60790", "2018-12-31": "0.59920", "2018-09-30": "0.59550", "2018-06-30": "0.59720", "2018-03-31": "0.05980", "2017-12-31": "0.06030", "2017-09-30": "", "2017-06-30": "", "2017-03-31": "", "2016-12-31": "", "2015-12-31": ""}, "Debt/Equity Ratio": {"2020-09-30": "2.94390", "2020-06-30": "3.05140", "2020-03-31": "2.56470", "2019-12-31": "1.75080", "2019-09-30": "1.71260", "2019-06-30": "1.63920", "2019-03-31": "1.56600", "2018-12-31": "1.50990", "2018-09-30": "1.48650", "2018-06-30": "1.49370", "2018-03-31": "0.15480", "2017-12-31": "0.14580", "2017-09-30": "", "2017-06-30": "", "2017-03-31": "", "2016-12-31": "", "2015-12-31": ""}, "Gross Margin": {"2020-09-30": "92.58160", "2020-06-30": "91.08530", "2020-03-31": "100.00000", "2019-12-31": "83.13010", "2019-09-30": "92.32140", "2019-06-30": "92.87050", "2019-03-31": "100.00000", "2018-12-31": "91.84060", "2018-09-30": "91.55630", "2018-06-30": "89.19540", "2018-03-31": "86.42380", "2017-12-31": "98.40260", "2017-09-30": "86.74350", "2017-06-30": "87.00910", "2017-03-31": "84.77510", "2016-12-31": "", "2015-12-31": ""}, "Operating Margin": {"2020-09-30": "21.06830", "2020-06-30": "-75.19380", "2020-03-31": "13.65850", "2019-12-31": "21.13820", "2019-09-30": "16.25000", "2019-06-30": "11.63230", "2019-03-31": "10.68380", "2018-12-31": "15.74950", "2018-09-30": "17.38410", "2018-06-30": "8.96550", "2018-03-31": "18.54310", "2017-12-31": "1.91690", "2017-09-30": "29.39480", "2017-06-30": "25.37760", "2017-03-31": "19.72320", "2016-12-31": "", "2015-12-31": ""}, "EBIT Margin": {"2020-09-30": "21.06830", "2020-06-30": "-75.19380", "2020-03-31": "13.65850", "2019-12-31": "21.13820", "2019-09-30": "16.25000", "2019-06-30": "11.63230", "2019-03-31": "10.68380", "2018-12-31": "15.74950", "2018-09-30": "17.38410", "2018-06-30": "8.96550", "2018-03-31": "18.54310", "2017-12-31": "1.91690", "2017-09-30": "29.39480", "2017-06-30": "25.37760", "2017-03-31": "19.72320", "2016-12-31": "", "2015-12-31": ""}, "EBITDA Margin": {"2020-09-30": "", "2020-06-30": "", "2020-03-31": "", "2019-12-31": "", "2019-09-30": "", "2019-06-30": "", "2019-03-31": "", "2018-12-31": "", "2018-09-30": "", "2018-06-30": "", "2018-03-31": "", "2017-12-31": "", "2017-09-30": "", "2017-06-30": "", "2017-03-31": "", "2016-12-31": "", "2015-12-31": ""}, "Pre-Tax Profit Margin": {"2020-09-30": "12.46290", "2020-06-30": "-86.04650", "2020-03-31": "7.56100", "2019-12-31": "16.05690", "2019-09-30": "11.78570", "2019-06-30": "6.75420", "2019-03-31": "5.55560", "2018-12-31": "11.00570", "2018-09-30": "13.41060", "2018-06-30": "6.66670", "2018-03-31": "18.21190", "2017-12-31": "1.91690", "2017-09-30": "28.81840", "2017-06-30": "24.77340", "2017-03-31": "19.03110", "2016-12-31": "", "2015-12-31": ""}, "Net Profit Margin": {"2020-09-30": "8.01190", "2020-06-30": "-67.44190", "2020-03-31": "5.36590", "2019-12-31": "13.21140", "2019-09-30": "8.03570", "2019-06-30": "4.87800", "2019-03-31": "4.48720", "2018-12-31": "8.34910", "2018-09-30": "9.60260", "2018-06-30": "4.82760", "2018-03-31": "12.91390", "2017-12-31": "29.07350", "2017-09-30": "16.71470", "2017-06-30": "14.50150", "2017-03-31": "11.41870", "2016-12-31": "", "2015-12-31": ""}, "Asset Turnover": {"2020-09-30": "0.06890", "2020-06-30": "0.05320", "2020-03-31": "0.07950", "2019-12-31": "0.10850", "2019-09-30": "0.12100", "2019-06-30": "0.11450", "2019-03-31": "0.09540", "2018-12-31": "0.10590", "2018-09-30": "0.12100", "2018-06-30": "0.08820", "2018-03-31": "0.13970", "2017-12-31": "0.14650", "2017-09-30": "", "2017-06-30": "", "2017-03-31": "", "2016-12-31": "", "2015-12-31": ""}, "Inventory Turnover Ratio": {"2020-09-30": "", "2020-06-30": "", "2020-03-31": "", "2019-12-31": "", "2019-09-30": "", "2019-06-30": "", "2019-03-31": "", "2018-12-31": "", "2018-09-30": "", "2018-06-30": "", "2018-03-31": "", "2017-12-31": "", "2017-09-30": "", "2017-06-30": "", "2017-03-31": "", "2016-12-31": "", "2015-12-31": ""}, "Receiveable Turnover": {"2020-09-30": "1.04010", "2020-06-30": "0.82170", "2020-03-31": "1.38510", "2019-12-31": "1.61840", "2019-09-30": "1.65190", "2019-06-30": "1.50570", "2019-03-31": "1.55480", "2018-12-31": "1.79860", "2018-09-30": "1.95470", "2018-06-30": "1.73310", "2018-03-31": "1.47320", "2017-12-31": "1.61340", "2017-09-30": "", "2017-06-30": "", "2017-03-31": "", "2016-12-31": "", "2015-12-31": ""}, "Days Sales In Receivables": {"2020-09-30": "86.52820", "2020-06-30": "109.53490", "2020-03-31": "64.97560", "2019-12-31": "55.60980", "2019-09-30": "54.48210", "2019-06-30": "59.77490", "2019-03-31": "57.88460", "2018-12-31": "50.03800", "2018-09-30": "46.04310", "2018-06-30": "51.93100", "2018-03-31": "61.09270", "2017-12-31": "55.78280", "2017-09-30": "", "2017-06-30": "", "2017-03-31": "", "2016-12-31": "", "2015-12-31": ""}, "ROE - Return On Equity": {"2020-09-30": "2.80370", "2020-06-30": "-18.64950", "2020-03-31": "1.97840", "2019-12-31": "5.36300", "2019-09-30": "3.62320", "2019-06-30": "2.00000", "2019-03-31": "1.53960", "2018-12-31": "3.10300", "2018-09-30": "4.01940", "2018-06-30": "1.46240", "2018-03-31": "3.06360", "2017-12-31": "7.21080", "2017-09-30": "", "2017-06-30": "", "2017-03-31": "", "2016-12-31": "", "2015-12-31": ""}, "Return On Tangible Equity": {"2020-09-30": "-1.18060", "2020-06-30": "7.47740", "2020-03-31": "-0.93060", "2019-12-31": "-2.85970", "2019-09-30": "-1.99910", "2019-06-30": "-1.17910", "2019-03-31": "-0.97360", "2018-12-31": "-2.07940", "2018-09-30": "-2.76190", "2018-06-30": "-0.99150", "2018-03-31": "-45.34880", "2017-12-31": "-87.50000", "2017-09-30": "", "2017-06-30": "", "2017-03-31": "", "2016-12-31": "", "2015-12-31": ""}, "ROA - Return On Assets": {"2020-09-30": "0.55170", "2020-06-30": "-3.58910", "2020-03-31": "0.42650", "2019-12-31": "1.43390", "2019-09-30": "0.97190", "2019-06-30": "0.55840", "2019-03-31": "0.42820", "2018-12-31": "0.88420", "2018-09-30": "1.16210", "2018-06-30": "0.42560", "2018-03-31": "1.80390", "2017-12-31": "4.25830", "2017-09-30": "", "2017-06-30": "", "2017-03-31": "", "2016-12-31": "", "2015-12-31": ""}, "ROI - Return On Investment": {"2020-09-30": "0.71490", "2020-06-30": "-4.62890", "2020-03-31": "0.55800", "2019-12-31": "1.96200", "2019-09-30": "1.34410", "2019-06-30": "0.76250", "2019-03-31": "0.60360", "2018-12-31": "1.24360", "2018-09-30": "1.62600", "2018-06-30": "0.58910", "2018-03-31": "2.88040", "2017-12-31": "6.77590", "2017-09-30": "", "2017-06-30": "", "2017-03-31": "", "2016-12-31": "", "2015-12-31": ""}, "Book Value Per Share": {"2020-09-30": "10.34370", "2020-06-30": "10.02150", "2020-03-31": "11.04270", "2019-12-31": "12.92110", "2019-09-30": "13.06020", "2019-06-30": "13.48590", "2019-03-31": "14.02930", "2018-12-31": "14.45460", "2018-09-30": "14.55720", "2018-06-30": "14.37510", "2018-03-31": "12.79370", "2017-12-31": "", "2017-09-30": "", "2017-06-30": "", "2017-03-31": "", "2016-12-31": "", "2015-12-31": ""}, "Operating Cash Flow Per Share": {"2020-09-30": 1.039, "2020-06-30": -0.6097, "2020-03-31": "0.18100", "2019-12-31": 0.9417, "2019-09-30": 1.5001, "2019-06-30": -1.4779, "2019-03-31": "0.07130", "2018-12-31": 1.3056, "2018-09-30": 0.679, "2018-06-30": 0.1697, "2018-03-31": "0.16030", "2017-12-31": 1.2726, "2017-09-30": 0.7214, "2017-06-30": 0.8016, "2017-03-31": "", "2016-12-31": 0, "2015-12-31": 0}, "Free Cash Flow Per Share": {"2020-09-30": 0.9857, "2020-06-30": -0.7282, "2020-03-31": "0.10650", "2019-12-31": 0.7876, "2019-09-30": 1.3932, "2019-06-30": -1.6428, "2019-03-31": "-0.02040", "2018-12-31": 1.1237, "2018-09-30": 0.4595, "2018-06-30": -0.02, "2018-03-31": "0.02000", "2017-12-31": -0.3206, "2017-09-30": 0.6212, "2017-06-30": 0.6313, "2017-03-31": "", "2016-12-31": 0, "2015-12-31": 0}}, "revenue": {"Wyndham Hotels & Resorts Annual Revenue (Millions of US $)": {"2019": "$2,053", "2018": "$1,868", "2017": "$1,280", "2016": "$1,269", "2015": "$1,301"}, "Wyndham Hotels & Resorts Quarterly Revenue (Millions of US $)": {"2020-09-30": "$337", "2020-06-30": "$258", "2020-03-31": "$410", "2019-12-31": "$492", "2019-09-30": "$560", "2019-06-30": "$533", "2019-03-31": "$468", "2018-12-31": "$527", "2018-09-30": "$604", "2018-06-30": "$435", "2018-03-31": "$302", "2017-12-31": "$313", "2017-09-30": "$347", "2017-06-30": "$331", "2017-03-31": "$289", "2016-12-31": "", "2015-12-31": ""}}, "gross-profit": {"Wyndham Hotels & Resorts Annual Gross Profit (Millions of US $)": {"2019": "$1,889", "2018": "$1,686", "2017": "$1,097", "2016": "$1,101", "2015": "$1,110"}, "Wyndham Hotels & Resorts Quarterly Gross Profit (Millions of US $)": {"2020-09-30": "$312", "2020-06-30": "$235", "2020-03-31": "$410", "2019-12-31": "$409", "2019-09-30": "$517", "2019-06-30": "$495", "2019-03-31": "$468", "2018-12-31": "$484", "2018-09-30": "$553", "2018-06-30": "$388", "2018-03-31": "$261", "2017-12-31": "$263", "2017-09-30": "$301", "2017-06-30": "$288", "2017-03-31": "$245", "2016-12-31": "", "2015-12-31": ""}}, "operating-income": {"Wyndham Hotels & Resorts Annual Operating Income (Millions of US $)": {"2019": "$307", "2018": "$283", "2017": "$249", "2016": "$295", "2015": "$250"}, "Wyndham Hotels & Resorts Quarterly Operating Income (Millions of US $)": {"2020-09-30": "$71", "2020-06-30": "$-194", "2020-03-31": "$56", "2019-12-31": "$104", "2019-09-30": "$91", "2019-06-30": "$62", "2019-03-31": "$50", "2018-12-31": "$83", "2018-09-30": "$105", "2018-06-30": "$39", "2018-03-31": "$56", "2017-12-31": "$6", "2017-09-30": "$102", "2017-06-30": "$84", "2017-03-31": "$57", "2016-12-31": "", "2015-12-31": ""}}, "ebitda": {"Wyndham Hotels & Resorts Annual EBITDA (Millions of US $)": {"2019": "$416", "2018": "$382", "2017": "$324", "2016": "$368", "2015": "$317"}, "Wyndham Hotels & Resorts Quarterly EBITDA (Millions of US $)": {"2020-09-30": "$95", "2020-06-30": "$-170", "2020-03-31": "$81", "2019-12-31": "$132", "2019-09-30": "$116", "2019-06-30": "$89", "2019-03-31": "$79", "2018-12-31": "$111", "2018-09-30": "$135", "2018-06-30": "$61", "2018-03-31": "$75", "2017-12-31": "$25", "2017-09-30": "$121", "2017-06-30": "$103", "2017-03-31": "$75", "2016-12-31": "", "2015-12-31": ""}}, "net-income": {"Wyndham Hotels & Resorts Annual Net Income (Millions of US $)": {"2019": "$157", "2018": "$162", "2017": "$230", "2016": "$176", "2015": "$149"}, "Wyndham Hotels & Resorts Quarterly Net Income (Millions of US $)": {"2020-09-30": "$27", "2020-06-30": "$-174", "2020-03-31": "$22", "2019-12-31": "$65", "2019-09-30": "$45", "2019-06-30": "$26", "2019-03-31": "$21", "2018-12-31": "$44", "2018-09-30": "$58", "2018-06-30": "$21", "2018-03-31": "$39", "2017-12-31": "$91", "2017-09-30": "$58", "2017-06-30": "$48", "2017-03-31": "$33", "2016-12-31": "", "2015-12-31": ""}}, "eps-earnings-per-share-diluted": {"Wyndham Hotels & Resorts Annual EPS": {"2019": "$1.62", "2018": "$1.62", "2017": "$2.31", "2016": "$1.76", "2015": "$0.00"}, "Wyndham Hotels & Resorts Quarterly EPS": {"2020-09-30": "$0.29", "2020-06-30": "$-1.86", "2020-03-31": "$0.23", "2019-12-31": "$0.66", "2019-09-30": "$0.47", "2019-06-30": "$0.27", "2019-03-31": "$0.22", "2018-12-31": "$0.43", "2018-09-30": "$0.58", "2018-06-30": "$0.21", "2018-03-31": "$0.40", "2017-12-31": "$1.25", "2017-09-30": "$0.58", "2017-06-30": "$0.48", "2017-03-31": "$0.00", "2016-12-31": "$0.00", "2015-12-31": "$0.00"}}, "shares-outstanding": {"Wyndham Hotels & Resorts Annual Shares Outstanding (Millions of Shares)": {"2019": "97", "2018": "100", "2017": "100", "2016": "100", "2015": ""}, "Wyndham Hotels & Resorts Quarterly Shares Outstanding (Millions of Shares)": {"2020-09-30": "93", "2020-06-30": "93", "2020-03-31": "94", "2019-12-31": "97", "2019-09-30": "96", "2019-06-30": "97", "2019-03-31": "98", "2018-12-31": "100", "2018-09-30": "100", "2018-06-30": "100", "2018-03-31": "100", "2017-12-31": "100", "2017-09-30": "100", "2017-06-30": "100", "2017-03-31": "", "2016-12-31": "", "2015-12-31": ""}}, "total-assets": {"Wyndham Hotels & Resorts Annual Total Assets (Millions of US $)": {"2019": "$4,533", "2018": "$4,976", "2017": "$2,137", "2016": "$1,983", "2015": "$0"}, "Wyndham Hotels & Resorts Quarterly Total Assets (Millions of US $)": {"2020-09-30": "$4,894", "2020-06-30": "$4,848", "2020-03-31": "$5,158", "2019-12-31": "$4,533", "2019-09-30": "$4,630", "2019-06-30": "$4,656", "2019-03-31": "$4,904", "2018-12-31": "$4,976", "2018-09-30": "$4,991", "2018-06-30": "$4,934", "2018-03-31": "$2,162", "2017-12-31": "$2,137", "2017-09-30": "$0", "2017-06-30": "$0", "2017-03-31": "$0", "2016-12-31": "$1,983", "2015-12-31": "$0"}}, "cash-on-hand": {"Wyndham Hotels & Resorts Annual Cash on Hand (Millions of US $)": {"2019": "$94", "2018": "$366", "2017": "$57", "2016": "$28", "2015": "$"}, "Wyndham Hotels & Resorts Quarterly Cash on Hand (Millions of US $)": {"2020-09-30": "$735", "2020-06-30": "$664", "2020-03-31": "$749", "2019-12-31": "$94", "2019-09-30": "$134", "2019-06-30": "$107", "2019-03-31": "$284", "2018-12-31": "$366", "2018-09-30": "$387", "2018-06-30": "$416", "2018-03-31": "$71", "2017-12-31": "$57", "2017-09-30": "", "2017-06-30": "", "2017-03-31": "", "2016-12-31": "$28", "2015-12-31": ""}}, "long-term-debt": {"Wyndham Hotels & Resorts Annual Long Term Debt (Millions of US $)": {"2019": "$2,101", "2018": "$2,120", "2017": "$81", "2016": "$71", "2015": "$"}, "Wyndham Hotels & Resorts Quarterly Long Term Debt (Millions of US $)": {"2020-09-30": "$2,814", "2020-06-30": "$2,826", "2020-03-31": "$2,831", "2019-12-31": "$2,101", "2019-09-30": "$2,106", "2019-06-30": "$2,110", "2019-03-31": "$2,115", "2018-12-31": "$2,120", "2018-09-30": "$2,124", "2018-06-30": "$2,129", "2018-03-31": "$81", "2017-12-31": "$81", "2017-09-30": "", "2017-06-30": "", "2017-03-31": "", "2016-12-31": "$71", "2015-12-31": ""}}, "total-liabilities": {"Wyndham Hotels & Resorts Annual Total Liabilities (Millions of US $)": {"2019": "$3,321", "2018": "$3,558", "2017": "$875", "2016": "$872", "2015": "$0"}, "Wyndham Hotels & Resorts Quarterly Total Liabilities (Millions of US $)": {"2020-09-30": "$3,931", "2020-06-30": "$3,915", "2020-03-31": "$4,046", "2019-12-31": "$3,321", "2019-09-30": "$3,388", "2019-06-30": "$3,356", "2019-03-31": "$3,540", "2018-12-31": "$3,558", "2018-09-30": "$3,548", "2018-06-30": "$3,498", "2018-03-31": "$889", "2017-12-31": "$875", "2017-09-30": "$0", "2017-06-30": "$0", "2017-03-31": "$0", "2016-12-31": "$872", "2015-12-31": "$0"}}, "total-share-holder-equity": {"Wyndham Hotels & Resorts Annual Share Holder Equity (Millions of US $)": {"2019": "$1,212", "2018": "$1,418", "2017": "$1,262", "2016": "$1,111", "2015": "$0"}, "Wyndham Hotels & Resorts Quarterly Share Holder Equity (Millions of US $)": {"2020-09-30": "$963", "2020-06-30": "$933", "2020-03-31": "$1,112", "2019-12-31": "$1,212", "2019-09-30": "$1,242", "2019-06-30": "$1,300", "2019-03-31": "$1,364", "2018-12-31": "$1,418", "2018-09-30": "$1,443", "2018-06-30": "$1,436", "2018-03-31": "$1,273", "2017-12-31": "$1,262", "2017-09-30": "$0", "2017-06-30": "$0", "2017-03-31": "$0", "2016-12-31": "$1,111", "2015-12-31": "$0"}}, "profit-margins": {"current": "-4.07%"}, "gross margin": {"2020-09-30": "91.25%", "2020-06-30": "91.34%", "2020-03-31": "91.78%", "2019-12-31": "92.01%", "2019-09-30": "94.06%", "2019-06-30": "93.81%", "2019-03-31": "93.07%", "2018-12-31": "90.26%", "2018-09-30": "88.57%", "2018-06-30": "86.83%", "2018-03-31": "86.08%", "2017-12-31": "85.70%"}, "operating margin": {"2020-09-30": "2.47%", "2020-06-30": "3.31%", "2020-03-31": "15.69%", "2019-12-31": "14.95%", "2019-09-30": "13.70%", "2019-06-30": "14.07%", "2019-03-31": "13.62%", "2018-12-31": "15.15%", "2018-09-30": "12.45%", "2018-06-30": "14.53%", "2018-03-31": "19.18%", "2017-12-31": "19.45%"}, "ebitda margin": {"2020-09-30": "9.22%", "2020-06-30": "9.24%", "2020-03-31": "20.95%", "2019-12-31": "20.26%", "2019-09-30": "18.92%", "2019-06-30": "19.42%", "2019-03-31": "18.98%", "2018-12-31": "20.45%", "2018-09-30": "17.90%", "2018-06-30": "20.19%", "2018-03-31": "25.06%", "2017-12-31": "25.31%"}, "pre tax profit margin": {"2020-09-30": "-4.68%", "2020-06-30": "-2.67%", "2020-03-31": "10.63%", "2019-12-31": "10.08%", "2019-09-30": "8.91%", "2019-06-30": "9.43%", "2019-03-31": "9.54%", "2018-12-31": "11.94%", "2018-09-30": "10.34%", "2018-06-30": "13.60%", "2018-03-31": "18.79%", "2017-12-31": "18.98%"}, "net profit margin": {"2020-09-30": "-4.01%", "2020-06-30": "-2.44%", "2020-03-31": "7.92%", "2019-12-31": "7.65%", "2019-09-30": "6.51%", "2019-06-30": "6.99%", "2019-03-31": "7.08%", "2018-12-31": "8.67%", "2018-09-30": "12.64%", "2018-06-30": "14.96%", "2018-03-31": "18.25%", "2017-12-31": "17.97%"}, "pe ratio": {"current": "35.01", "2021-02-05": "0.00", "2020-09-30": "0.00", "2020-06-30": "0.00", "2020-03-31": "19.01", "2019-12-31": "37.78", "2019-09-30": "36.54", "2019-06-30": "36.28", "2019-03-31": "33.72"}, "price sales": {"2021-02-05": "3.91", "2020-09-30": "3.18", "2020-06-30": "2.36", "2020-03-31": "1.51", "2019-12-31": "2.93", "2019-09-30": "2.38", "2019-06-30": "2.53", "2019-03-31": "2.38"}, "price book": {"current": "6.00", "2021-02-05": "5.99", "2020-09-30": "4.88", "2020-06-30": "4.24", "2020-03-31": "2.84", "2019-12-31": "4.80", "2019-09-30": "3.89", "2019-06-30": "4.04", "2019-03-31": "3.46", "2018-12-31": "3.03", "2018-09-30": "3.67", "2018-06-30": "3.92"}, "price fcf": {"2021-02-05": "", "2020-09-30": "$1.15", "2020-06-30": "$1.56", "2020-03-31": "$0.64", "2019-12-31": "$0.52", "2019-09-30": "$0.85", "2019-06-30": "$-0.08", "2019-03-31": "$1.56"}, "net worth": {"value": "$5.77B"}, "current ratio": {"current": "2.99", "2020-09-30": "2.99", "2020-06-30": "3.14", "2020-03-31": "2.76", "2019-12-31": "1.08", "2019-09-30": "1.14", "2019-06-30": "1.24", "2019-03-31": "1.17", "2018-12-31": "1.23", "2018-09-30": "1.21", "2018-06-30": "1.15", "2018-03-31": "0.89", "2017-12-31": "0.81", "2017-09-30": "0.00", "2017-06-30": "0.00", "2017-03-31": "0.00", "2016-12-31": "0.69", "2015-12-31": "0.00"}, "quick ratio": {"2020-09-30": "0.00", "2020-06-30": "0.00", "2020-03-31": "0.00", "2019-12-31": "0.00", "2019-09-30": "0.00", "2019-06-30": "0.00", "2019-03-31": "0.00", "2018-12-31": "0.00", "2018-09-30": "0.00", "2018-06-30": "0.00", "2018-03-31": "0.00", "2017-12-31": "0.00", "2017-09-30": "0.00", "2017-06-30": "0.00", "2017-03-31": "0.00", "2016-12-31": "0.00", "2015-12-31": "0.00"}, "debt equity ratio": {"current": "2.92", "2020-09-30": "4.08", "2020-06-30": "4.20", "2020-03-31": "3.64", "2019-12-31": "2.74", "2019-09-30": "2.73", "2019-06-30": "2.58", "2019-03-31": "2.60", "2018-12-31": "2.51", "2018-09-30": "2.46", "2018-06-30": "2.44", "2018-03-31": "0.70", "2017-12-31": "0.69", "2017-09-30": "0.00", "2017-06-30": "0.00", "2017-03-31": "0.00", "2016-12-31": "0.79", "2015-12-31": "0.00"}, "return on equity": {"2020-09-30": "-5.69%", "2020-06-30": "-3.73%", "2020-03-31": "12.99%", "2019-12-31": "12.27%", "2019-09-30": "10.22%", "2019-06-30": "10.79%", "2019-03-31": "10.17%", "2018-12-31": "11.63%", "2018-09-30": "15.44%", "2018-06-30": "21.05%", "2018-03-31": "37.24%", "2017-12-31": "72.90%"}, "return on assets": {"2020-09-30": "-1.24%", "2020-06-30": "-0.88%", "2020-03-31": "3.33%", "2019-12-31": "3.35%", "2019-09-30": "2.84%", "2019-06-30": "3.05%", "2019-03-31": "2.91%", "2018-12-31": "3.80%", "2018-09-30": "5.88%", "2018-06-30": "9.05%", "2018-03-31": "21.96%", "2017-12-31": "43.05%"}, "return on investments": {"2020-09-30": "1.00%", "2020-06-30": "1.59%", "2020-03-31": "8.93%", "2019-12-31": "9.06%", "2019-09-30": "8.30%", "2019-06-30": "8.58%", "2019-03-31": "7.83%", "2018-12-31": "9.41%", "2018-09-30": "8.38%", "2018-06-30": "12.97%", "2018-03-31": "36.78%", "2017-12-31": "74.16%"}, "return on tangible equity": {"2020-09-30": "2.59%", "2020-06-30": "1.82%", "2020-03-31": "-6.95%", "2019-12-31": "-7.07%", "2019-09-30": "-6.23%", "2019-06-30": "-6.95%", "2019-03-31": "-6.78%", "2018-12-31": "-10.09%", "2018-09-30": "-18.97%", "2018-06-30": "-36.22%", "2018-03-31": "-496.84%", "2017-12-31": "-884.62%"}, "dividend yield history": {"last payout": "$0.32", "last yield": "0.52%"}}