{"ticker": "WYNN", "price": {"title": "Wynn Resorts Historical Annual Stock Price Data", "value": 114.58, "historical": {"2020": {"Average Stock Price": "90.8069", "Year Open": "143.6000", "Year High": "152.2100", "Year Low": "43.0200", "Year Close": "112.8300", "Annual % Change": "-18.75%"}, "2019": {"Average Stock Price": "122.1920", "Year Open": "104.4000", "Year High": "149.3000", "Year Low": "102.5000", "Year Close": "138.8700", "Annual % Change": "40.40%"}, "2018": {"Average Stock Price": "153.4076", "Year Open": "164.3000", "Year High": "201.5100", "Year Low": "92.0100", "Year Close": "98.9100", "Annual % Change": "-41.33%"}, "2017": {"Average Stock Price": "129.1540", "Year Open": "87.4600", "Year High": "170.2100", "Year Low": "87.4600", "Year Close": "168.5900", "Annual % Change": "94.88%"}, "2016": {"Average Stock Price": "90.2012", "Year Open": "68.7700", "Year High": "108.6800", "Year Low": "51.5000", "Year Close": "86.5100", "Annual % Change": "25.03%"}, "2015": {"Average Stock Price": "101.7882", "Year Open": "146.8900", "Year High": "159.3400", "Year Low": "51.7100", "Year Close": "69.1900", "Annual % Change": "-53.49%"}, "2014": {"Average Stock Price": "198.8854", "Year Open": "197.9400", "Year High": "247.9500", "Year Low": "138.9700", "Year Close": "148.7600", "Annual % Change": "-23.40%"}, "2013": {"Average Stock Price": "141.5855", "Year Open": "118.0700", "Year High": "194.2100", "Year Low": "115.5000", "Year Close": "194.2100", "Annual % Change": "72.65%"}, "2012": {"Average Stock Price": "111.7073", "Year Open": "113.9700", "Year High": "135.0400", "Year Low": "92.7900", "Year Close": "112.4900", "Annual % Change": "1.81%"}, "2011": {"Average Stock Price": "132.6166", "Year Open": "108.9900", "Year High": "165.2500", "Year Low": "102.2000", "Year Close": "110.4900", "Annual % Change": "6.40%"}, "2010": {"Average Stock Price": "85.4767", "Year Open": "63.9600", "Year High": "116.5450", "Year Low": "60.7600", "Year Close": "103.8400", "Annual % Change": "78.33%"}, "2009": {"Average Stock Price": "45.5663", "Year Open": "47.4200", "Year High": "73.2500", "Year Low": "15.4000", "Year Close": "58.2300", "Annual % Change": "37.79%"}, "2008": {"Average Stock Price": "85.5082", "Year Open": "109.3800", "Year High": "120.5900", "Year Low": "31.2500", "Year Close": "42.2600", "Annual % Change": "-62.31%"}, "2007": {"Average Stock Price": "113.5523", "Year Open": "96.2700", "Year High": "172.9000", "Year Low": "87.3400", "Year Close": "112.1300", "Annual % Change": "19.48%"}, "2006": {"Average Stock Price": "73.1779", "Year Open": "53.9500", "Year High": "97.5700", "Year Low": "53.5300", "Year Close": "93.8500", "Annual % Change": "71.10%"}, "2005": {"Average Stock Price": "55.8306", "Year Open": "65.5500", "Year High": "74.4500", "Year Low": "42.1800", "Year Close": "54.8500", "Annual % Change": "-18.04%"}, "2004": {"Average Stock Price": "42.6872", "Year Open": "28.3600", "Year High": "70.3800", "Year Low": "27.5900", "Year Close": "66.9200", "Annual % Change": "138.91%"}, "2003": {"Average Stock Price": "17.7141", "Year Open": "13.5000", "Year High": "28.1800", "Year Low": "13.0000", "Year Close": "28.0100", "Annual % Change": "113.65%"}, "2002": {"Average Stock Price": "12.8165", "Year Open": "13.0100", "Year High": "13.7400", "Year Low": "11.0900", "Year Close": "13.1100", "Annual % Change": "0.00%"}}}, "market cap": {"value": "$12.23B"}, "income statement": {"Revenue": {"2020-12-31": "2095.86100", "2019-12-31": "6611.09900", "2018-12-31": "6717.66000", "2017-12-31": "6070.16000", "2016-12-31": "4345.79700", "2015-12-31": "4075.88300", "2014-12-31": "5433.66100", "2013-12-31": "5620.93600", "2012-12-31": "5154.28400", "2011-12-31": "5269.79200", "2010-12-31": "4184.69800", "2009-12-31": "3045.61100", "2008-12-31": "2987.32400", "2007-12-31": "2687.51900", "2006-12-31": "1432.25700", "2005-12-31": "721.98100"}, "Cost Of Goods Sold": {"2020-12-31": "1743.21900", "2019-12-31": "4067.05300", "2018-12-31": "4086.27500", "2017-12-31": "3727.18500", "2016-12-31": "2653.52000", "2015-12-31": "2530.37400", "2014-12-31": "3316.31100", "2013-12-31": "3478.82200", "2012-12-31": "3251.57500", "2011-12-31": "3310.03300", "2010-12-31": "2699.61500", "2009-12-31": "1991.04900", "2008-12-31": "1938.30800", "2007-12-31": "1625.06500", "2006-12-31": "842.71310", "2005-12-31": "398.10100"}, "Gross Profit": {"2020-12-31": "352.64210", "2019-12-31": "2544.04600", "2018-12-31": "2631.38500", "2017-12-31": "2342.97500", "2016-12-31": "1692.27700", "2015-12-31": "1545.50900", "2014-12-31": "2117.35000", "2013-12-31": "2142.11400", "2012-12-31": "1902.70900", "2011-12-31": "1959.75900", "2010-12-31": "1485.08300", "2009-12-31": "1054.56200", "2008-12-31": "1049.01600", "2007-12-31": "1062.45400", "2006-12-31": "589.54390", "2005-12-31": "323.88000"}, "Research And Development Expenses": {"2020-12-31": "", "2019-12-31": "", "2018-12-31": "", "2017-12-31": "", "2016-12-31": "", "2015-12-31": "", "2014-12-31": "", "2013-12-31": "", "2012-12-31": "", "2011-12-31": "", "2010-12-31": "", "2009-12-31": "", "2008-12-31": "", "2007-12-31": "", "2006-12-31": "", "2005-12-31": ""}, "SG&A Expenses": {"2020-12-31": "720.84900", "2019-12-31": "896.67000", "2018-12-31": "761.41500", "2017-12-31": "685.48500", "2016-12-31": "548.14300", "2015-12-31": "464.79300", "2014-12-31": "492.46400", "2013-12-31": "448.78800", "2012-12-31": "441.69900", "2011-12-31": "389.05300", "2010-12-31": "391.25400", "2009-12-31": "365.07000", "2008-12-31": "319.30300", "2007-12-31": "310.82000", "2006-12-31": "231.51500", "2005-12-31": "118.98000"}, "Other Operating Income Or Expenses": {"2020-12-31": "-138.33600", "2019-12-31": "-144.19300", "2018-12-31": "-583.83000", "2017-12-31": "-49.55700", "2016-12-31": "-217.74200", "2015-12-31": "-99.27300", "2014-12-31": "-44.48900", "2013-12-31": "-32.18400", "2012-12-31": "-58.53500", "2011-12-31": "-164.42700", "2010-12-31": "-63.01900", "2009-12-31": "-43.98200", "2008-12-31": "-154.36400", "2007-12-31": "-104.02900", "2006-12-31": "-111.66600", "2005-12-31": "-126.11200"}, "Operating Expenses": {"2020-12-31": "3327.90600", "2019-12-31": "5732.79400", "2018-12-31": "5982.11600", "2017-12-31": "5014.59500", "2016-12-31": "3824.13500", "2015-12-31": "3417.06900", "2014-12-31": "4167.38200", "2013-12-31": "4330.84500", "2012-12-31": "4125.00800", "2011-12-31": "4261.55200", "2010-12-31": "3559.44600", "2009-12-31": "2810.64800", "2008-12-31": "2675.18800", "2007-12-31": "2260.16400", "2006-12-31": "1361.35800", "2005-12-31": "746.53700"}, "Operating Income": {"2020-12-31": "-1232.04500", "2019-12-31": "878.30520", "2018-12-31": "735.54390", "2017-12-31": "1055.56500", "2016-12-31": "521.66210", "2015-12-31": "658.81420", "2014-12-31": "1266.27900", "2013-12-31": "1290.09100", "2012-12-31": "1029.27600", "2011-12-31": "1008.24000", "2010-12-31": "625.25200", "2009-12-31": "234.96310", "2008-12-31": "312.13600", "2007-12-31": "427.35500", "2006-12-31": "70.89890", "2005-12-31": "-24.55600"}, "Total Non-Operating Income/Expense": {"2020-12-31": "-530.23000", "2019-12-31": "-390.08700", "2018-12-31": "-429.80400", "2017-12-31": "-495.29600", "2016-12-31": "-211.06500", "2015-12-31": "-369.56700", "2014-12-31": "-307.41600", "2013-12-31": "-303.56800", "2012-12-31": "-296.27800", "2011-12-31": "-202.67300", "2010-12-31": "-288.20900", "2009-12-31": "-192.85700", "2008-12-31": "-163.21800", "2007-12-31": "-195.21800", "2006-12-31": "728.33000", "2005-12-31": "-66.28000"}, "Pre-Tax Income": {"2020-12-31": "-1762.27500", "2019-12-31": "488.21800", "2018-12-31": "305.74000", "2017-12-31": "560.26900", "2016-12-31": "310.59700", "2015-12-31": "289.24700", "2014-12-31": "958.86200", "2013-12-31": "986.52300", "2012-12-31": "732.99800", "2011-12-31": "805.56700", "2010-12-31": "337.04300", "2009-12-31": "42.10600", "2008-12-31": "148.91800", "2007-12-31": "232.13700", "2006-12-31": "799.22900", "2005-12-31": "-90.83600"}, "Income Taxes": {"2020-12-31": "564.67100", "2019-12-31": "176.84000", "2018-12-31": "-497.34400", "2017-12-31": "-328.98500", "2016-12-31": "8.12800", "2015-12-31": "7.72300", "2014-12-31": "-3.78200", "2013-12-31": "-17.63400", "2012-12-31": "4.29900", "2011-12-31": "-19.54600", "2010-12-31": "20.44700", "2009-12-31": "2.99900", "2008-12-31": "-61.56100", "2007-12-31": "35.80100", "2006-12-31": "170.50100", "2005-12-31": ""}, "Income After Taxes": {"2020-12-31": "-2326.94600", "2019-12-31": "311.37800", "2018-12-31": "803.08400", "2017-12-31": "889.25400", "2016-12-31": "302.46900", "2015-12-31": "281.52400", "2014-12-31": "962.64400", "2013-12-31": "1004.15700", "2012-12-31": "728.69900", "2011-12-31": "825.11300", "2010-12-31": "316.59600", "2009-12-31": "39.10700", "2008-12-31": "210.47900", "2007-12-31": "196.33600", "2006-12-31": "628.72800", "2005-12-31": "-90.83600"}, "Other Income": {"2020-12-31": "", "2019-12-31": "", "2018-12-31": "", "2017-12-31": "", "2016-12-31": "", "2015-12-31": "", "2014-12-31": "", "2013-12-31": "", "2012-12-31": "", "2011-12-31": "", "2010-12-31": "", "2009-12-31": "", "2008-12-31": "", "2007-12-31": "", "2006-12-31": "", "2005-12-31": ""}, "Income From Continuous Operations": {"2020-12-31": "-2326.94600", "2019-12-31": "311.37800", "2018-12-31": "803.08400", "2017-12-31": "889.25400", "2016-12-31": "302.46900", "2015-12-31": "281.52400", "2014-12-31": "962.64400", "2013-12-31": "1004.15700", "2012-12-31": "728.69900", "2011-12-31": "825.11300", "2010-12-31": "316.59600", "2009-12-31": "39.10700", "2008-12-31": "210.47900", "2007-12-31": "196.33600", "2006-12-31": "628.72800", "2005-12-31": "-90.83600"}, "Income From Discontinued Operations": {"2020-12-31": "", "2019-12-31": "", "2018-12-31": "", "2017-12-31": "", "2016-12-31": "", "2015-12-31": "", "2014-12-31": "", "2013-12-31": "", "2012-12-31": "", "2011-12-31": "", "2010-12-31": "", "2009-12-31": "", "2008-12-31": "", "2007-12-31": "", "2006-12-31": "", "2005-12-31": ""}, "Net Income": {"2020-12-31": "-2067.24500", "2019-12-31": "122.98500", "2018-12-31": "572.43000", "2017-12-31": "747.18100", "2016-12-31": "241.97500", "2015-12-31": "195.29000", "2014-12-31": "731.55400", "2013-12-31": "728.65200", "2012-12-31": "502.03600", "2011-12-31": "613.37100", "2010-12-31": "160.12700", "2009-12-31": "20.65400", "2008-12-31": "210.47900", "2007-12-31": "196.33600", "2006-12-31": "628.72800", "2005-12-31": "-90.83600"}, "EBITDA": {"2020-12-31": "-1232.04500", "2019-12-31": "1532.13700", "2018-12-31": "1323.05700", "2017-12-31": "1632.94600", "2016-12-31": "950.71810", "2015-12-31": "1001.22800", "2014-12-31": "1617.04700", "2013-12-31": "1682.59500", "2012-12-31": "1426.44000", "2011-12-31": "1425.96200", "2010-12-31": "1055.15200", "2009-12-31": "671.67020", "2008-12-31": "597.30000", "2007-12-31": "669.72500", "2006-12-31": "269.78190", "2005-12-31": "92.83300"}, "EBIT": {"2020-12-31": "-1232.04500", "2019-12-31": "878.30520", "2018-12-31": "735.54390", "2017-12-31": "1055.56500", "2016-12-31": "521.66210", "2015-12-31": "658.81420", "2014-12-31": "1266.27900", "2013-12-31": "1290.09100", "2012-12-31": "1029.27600", "2011-12-31": "1008.24000", "2010-12-31": "625.25200", "2009-12-31": "234.96310", "2008-12-31": "312.13600", "2007-12-31": "427.35500", "2006-12-31": "70.89890", "2005-12-31": "-24.55600"}, "Basic Shares Outstanding": {"2020-12-31": "106.74500", "2019-12-31": "106.74500", "2018-12-31": "106.52900", "2017-12-31": "102.07100", "2016-12-31": "101.44500", "2015-12-31": "101.16300", "2014-12-31": "100.92700", "2013-12-31": "100.54000", "2012-12-31": "103.09200", "2011-12-31": "124.03900", "2010-12-31": "122.78700", "2009-12-31": "119.84000", "2008-12-31": "108.40800", "2007-12-31": "106.03000", "2006-12-31": "99.99800", "2005-12-31": "98.30800"}, "Shares Outstanding": {"2020-12-31": "106.74500", "2019-12-31": "106.98500", "2018-12-31": "107.03200", "2017-12-31": "102.59800", "2016-12-31": "101.85500", "2015-12-31": "101.67100", "2014-12-31": "101.93100", "2013-12-31": "101.64100", "2012-12-31": "104.24900", "2011-12-31": "125.66700", "2010-12-31": "123.93900", "2009-12-31": "120.18500", "2008-12-31": "109.44100", "2007-12-31": "112.68500", "2006-12-31": "111.62700", "2005-12-31": "98.30800"}, "Basic EPS": {"2020-12-31": "-19.37000", "2019-12-31": "1.15000", "2018-12-31": "5.37000", "2017-12-31": "7.32000", "2016-12-31": "2.39000", "2015-12-31": "1.93000", "2014-12-31": "7.25000", "2013-12-31": "7.25000", "2012-12-31": "4.87000", "2011-12-31": "4.94000", "2010-12-31": "1.30000", "2009-12-31": "0.17000", "2008-12-31": "1.94000", "2007-12-31": "1.85000", "2006-12-31": "6.29000", "2005-12-31": "-0.92000"}, "EPS - Earnings Per Share": {"2020-12-31": "-19.37000", "2019-12-31": "1.15000", "2018-12-31": "5.35000", "2017-12-31": "7.28000", "2016-12-31": "2.38000", "2015-12-31": "1.92000", "2014-12-31": "7.18000", "2013-12-31": "7.17000", "2012-12-31": "4.82000", "2011-12-31": "4.88000", "2010-12-31": "1.29000", "2009-12-31": "0.17000", "2008-12-31": "1.92000", "2007-12-31": "1.80000", "2006-12-31": "6.24000", "2005-12-31": "-0.92000"}}, "income statement, quarterly": {"Revenue": {"2020-12-31": "685.99500", "2020-09-30": "370.45200", "2020-06-30": "85.69800", "2020-03-31": "953.71600", "2019-12-31": "1653.45900", "2019-09-30": "1647.76200", "2019-06-30": "1658.33200", "2019-03-31": "1651.54600", "2018-12-31": "1687.58600", "2018-09-30": "1709.07200", "2018-06-30": "1605.42400", "2018-03-31": "1715.57800", "2017-12-31": "1622.16400", "2017-09-30": "1551.34700", "2017-06-30": "1472.89200", "2017-03-31": "1423.75700", "2016-12-31": "1179.93300", "2016-09-30": "1109.82200", "2016-06-30": "1058.36400", "2016-03-31": "997.67800", "2015-12-31": "946.90210", "2015-09-30": "996.28500", "2015-06-30": "1040.45800", "2015-03-31": "1092.23800", "2014-12-31": "1137.97500", "2014-09-30": "1370.01000", "2014-06-30": "1412.06300", "2014-03-31": "1513.61300", "2013-12-31": "1519.89700", "2013-09-30": "1390.11200", "2013-06-30": "1332.27300", "2013-03-31": "1378.65400", "2012-12-31": "1289.08400", "2012-09-30": "1298.49500", "2012-06-30": "1253.20700", "2012-03-31": "1313.49800", "2011-12-31": "1343.86300", "2011-09-30": "1298.30400", "2011-06-30": "1367.35300", "2011-03-31": "1260.27200", "2010-12-31": "1237.18800", "2010-09-30": "1005.94900", "2010-06-30": "1032.64300", "2010-03-31": "908.91800", "2009-12-31": "809.32900", "2009-09-30": "773.07100", "2009-06-30": "723.25600", "2009-03-31": "739.95500", "2008-12-31": "614.27500", "2008-09-30": "769.18600", "2008-06-30": "825.15700", "2008-03-31": "778.70600", "2007-12-31": "711.27500", "2007-09-30": "653.38600", "2007-06-30": "687.54100", "2007-03-31": "635.31700", "2006-12-31": "563.56990", "2006-09-30": "318.09200", "2006-06-30": "273.37000", "2006-03-31": "277.22500", "2005-12-31": "269.42000", "2005-09-30": "251.44100", "2005-06-30": "201.12000", "2005-03-31": ""}, "Cost Of Goods Sold": {"2020-12-31": "478.58500", "2020-09-30": "286.70700", "2020-06-30": "240.26700", "2020-03-31": "737.66000", "2019-12-31": "1007.12300", "2019-09-30": "1036.61900", "2019-06-30": "1016.72900", "2019-03-31": "1006.58200", "2018-12-31": "1034.76000", "2018-09-30": "1052.47500", "2018-06-30": "985.75400", "2018-03-31": "1013.28600", "2017-12-31": "1004.80400", "2017-09-30": "940.67700", "2017-06-30": "912.30800", "2017-03-31": "869.39610", "2016-12-31": "698.44480", "2016-09-30": "695.29400", "2016-06-30": "651.81300", "2016-03-31": "607.96800", "2015-12-31": "575.98290", "2015-09-30": "622.88400", "2015-06-30": "654.06810", "2015-03-31": "677.43900", "2014-12-31": "699.76390", "2014-09-30": "818.52100", "2014-06-30": "859.45900", "2014-03-31": "938.56700", "2013-12-31": "933.07710", "2013-09-30": "863.13900", "2013-06-30": "837.82900", "2013-03-31": "844.77700", "2012-12-31": "801.95830", "2012-09-30": "813.33990", "2012-06-30": "809.58290", "2012-03-31": "826.69400", "2011-12-31": "851.30610", "2011-09-30": "836.01600", "2011-06-30": "845.51200", "2011-03-31": "777.19900", "2010-12-31": "784.18020", "2010-09-30": "653.15800", "2010-06-30": "670.98300", "2010-03-31": "591.29410", "2009-12-31": "538.76890", "2009-09-30": "496.47300", "2009-06-30": "457.76000", "2009-03-31": "498.04700", "2008-12-31": "425.88820", "2008-09-30": "488.68200", "2008-06-30": "518.74100", "2008-03-31": "504.99700", "2007-12-31": "441.25500", "2007-09-30": "401.32100", "2007-06-30": "407.43200", "2007-03-31": "375.05700", "2006-12-31": "334.43510", "2006-09-30": "191.18900", "2006-06-30": "159.59500", "2006-03-31": "157.49400", "2005-12-31": "149.38500", "2005-09-30": "140.68400", "2005-06-30": "108.02800", "2005-03-31": "0.00400"}, "Gross Profit": {"2020-12-31": "207.41000", "2020-09-30": "83.74500", "2020-06-30": "-154.56900", "2020-03-31": "216.05600", "2019-12-31": "646.33580", "2019-09-30": "611.14290", "2019-06-30": "641.60300", "2019-03-31": "644.96410", "2018-12-31": "652.82580", "2018-09-30": "656.59700", "2018-06-30": "619.67000", "2018-03-31": "702.29190", "2017-12-31": "617.36000", "2017-09-30": "610.67000", "2017-06-30": "560.58390", "2017-03-31": "554.36090", "2016-12-31": "481.48800", "2016-09-30": "414.52800", "2016-06-30": "406.55100", "2016-03-31": "389.71000", "2015-12-31": "370.91920", "2015-09-30": "373.40100", "2015-06-30": "386.39000", "2015-03-31": "414.79910", "2014-12-31": "438.21120", "2014-09-30": "551.48900", "2014-06-30": "552.60400", "2014-03-31": "575.04610", "2013-12-31": "586.82010", "2013-09-30": "526.97310", "2013-06-30": "494.44400", "2013-03-31": "533.87710", "2012-12-31": "487.12570", "2012-09-30": "485.15510", "2012-06-30": "443.62410", "2012-03-31": "486.80400", "2011-12-31": "492.55690", "2011-09-30": "462.28800", "2011-06-30": "521.84100", "2011-03-31": "483.07290", "2010-12-31": "453.00830", "2010-09-30": "352.79100", "2010-06-30": "361.65990", "2010-03-31": "317.62400", "2009-12-31": "270.56010", "2009-09-30": "276.59800", "2009-06-30": "265.49600", "2009-03-31": "241.90800", "2008-12-31": "188.38680", "2008-09-30": "280.50400", "2008-06-30": "306.41600", "2008-03-31": "273.70900", "2007-12-31": "270.02010", "2007-09-30": "252.06500", "2007-06-30": "280.10900", "2007-03-31": "260.26000", "2006-12-31": "229.13490", "2006-09-30": "126.90300", "2006-06-30": "113.77500", "2006-03-31": "119.73100", "2005-12-31": "120.03500", "2005-09-30": "110.75700", "2005-06-30": "93.09200", "2005-03-31": "-0.00400"}, "Research And Development Expenses": {"2020-12-31": "", "2020-09-30": "", "2020-06-30": "", "2020-03-31": "", "2019-12-31": "", "2019-09-30": "", "2019-06-30": "", "2019-03-31": "", "2018-12-31": "", "2018-09-30": "", "2018-06-30": "", "2018-03-31": "", "2017-12-31": "", "2017-09-30": "", "2017-06-30": "", "2017-03-31": "", "2016-12-31": "", "2016-09-30": "", "2016-06-30": "", "2016-03-31": "", "2015-12-31": "", "2015-09-30": "", "2015-06-30": "", "2015-03-31": "", "2014-12-31": "", "2014-09-30": "", "2014-06-30": "", "2014-03-31": "", "2013-12-31": "", "2013-09-30": "", "2013-06-30": "", "2013-03-31": "", "2012-12-31": "", "2012-09-30": "", "2012-06-30": "", "2012-03-31": "", "2011-12-31": "", "2011-09-30": "", "2011-06-30": "", "2011-03-31": "", "2010-12-31": "", "2010-09-30": "", "2010-06-30": "", "2010-03-31": "", "2009-12-31": "", "2009-09-30": "", "2009-06-30": "", "2009-03-31": "", "2008-12-31": "", "2008-09-30": "", "2008-06-30": "", "2008-03-31": "", "2007-12-31": "", "2007-09-30": "", "2007-06-30": "", "2007-03-31": "", "2006-12-31": "", "2006-09-30": "", "2006-06-30": "", "2006-03-31": "", "2005-12-31": "", "2005-09-30": "", "2005-06-30": "", "2005-03-31": ""}, "SG&A Expenses": {"2020-12-31": "173.54400", "2020-09-30": "160.89600", "2020-06-30": "152.08100", "2020-03-31": "234.32800", "2019-12-31": "230.68200", "2019-09-30": "246.44200", "2019-06-30": "202.22400", "2019-03-31": "217.32200", "2018-12-31": "215.87200", "2018-09-30": "192.32700", "2018-06-30": "183.63100", "2018-03-31": "169.58500", "2017-12-31": "182.85000", "2017-09-30": "178.50400", "2017-06-30": "164.16900", "2017-03-31": "159.96200", "2016-12-31": "166.98700", "2016-09-30": "144.20600", "2016-06-30": "119.50500", "2016-03-31": "117.44500", "2015-12-31": "112.24700", "2015-09-30": "116.63900", "2015-06-30": "113.70700", "2015-03-31": "122.20000", "2014-12-31": "125.83300", "2014-09-30": "126.83400", "2014-06-30": "128.52000", "2014-03-31": "111.27700", "2013-12-31": "116.47200", "2013-09-30": "105.02600", "2013-06-30": "132.38100", "2013-03-31": "94.90900", "2012-12-31": "120.18700", "2012-09-30": "115.78500", "2012-06-30": "99.77700", "2012-03-31": "105.95000", "2011-12-31": "101.54500", "2011-09-30": "107.93500", "2011-06-30": "91.91200", "2011-03-31": "87.66100", "2010-12-31": "105.55500", "2010-09-30": "103.03000", "2010-06-30": "95.66800", "2010-03-31": "87.00100", "2009-12-31": "101.24100", "2009-09-30": "88.98700", "2009-06-30": "81.93000", "2009-03-31": "92.91200", "2008-12-31": "69.69700", "2008-09-30": "85.37100", "2008-06-30": "84.97300", "2008-03-31": "79.26200", "2007-12-31": "80.45600", "2007-09-30": "77.90400", "2007-06-30": "74.29400", "2007-03-31": "78.16600", "2006-12-31": "79.34400", "2006-09-30": "56.19500", "2006-06-30": "49.01100", "2006-03-31": "46.96500", "2005-12-31": "43.15100", "2005-09-30": "44.81400", "2005-06-30": "31.01000", "2005-03-31": "0.00500"}, "Other Operating Income Or Expenses": {"2020-12-31": "-28.47300", "2020-09-30": "-22.37000", "2020-06-30": "-37.10000", "2020-03-31": "-50.39300", "2019-12-31": "-14.02200", "2019-09-30": "-13.86800", "2019-06-30": "-80.39400", "2019-03-31": "-35.90900", "2018-12-31": "-51.76000", "2018-09-30": "-35.82900", "2018-06-30": "-18.59700", "2018-03-31": "-477.64400", "2017-12-31": "3.78900", "2017-09-30": "-36.85700", "2017-06-30": "-11.84000", "2017-03-31": "-4.64900", "2016-12-31": "-35.06400", "2016-09-30": "-86.92400", "2016-06-30": "-59.75800", "2016-03-31": "-35.99600", "2015-12-31": "-29.61100", "2015-09-30": "-23.33900", "2015-06-30": "-21.64900", "2015-03-31": "-24.67400", "2014-12-31": "-16.76600", "2014-09-30": "-13.05300", "2014-06-30": "-4.39100", "2014-03-31": "-10.27900", "2013-12-31": "-9.91700", "2013-09-30": "-14.64400", "2013-06-30": "5.17900", "2013-03-31": "-12.80200", "2012-12-31": "-15.92000", "2012-09-30": "-28.00400", "2012-06-30": "13.73900", "2012-03-31": "-28.35000", "2011-12-31": "-22.08800", "2011-09-30": "-13.98600", "2011-06-30": "-114.84400", "2011-03-31": "-13.50900", "2010-12-31": "-16.84500", "2010-09-30": "-18.47100", "2010-06-30": "-16.49300", "2010-03-31": "-11.21000", "2009-12-31": "-19.36100", "2009-09-30": "-6.20500", "2009-06-30": "1.96300", "2009-03-31": "-20.37900", "2008-12-31": "-48.91700", "2008-09-30": "-51.83000", "2008-06-30": "-13.31300", "2008-03-31": "-40.30400", "2007-12-31": "-22.01400", "2007-09-30": "-31.86400", "2007-06-30": "-27.76000", "2007-03-31": "-22.39100", "2006-12-31": "-20.93100", "2006-09-30": "-46.94700", "2006-06-30": "-22.53900", "2006-03-31": "-21.24900", "2005-12-31": "-31.34300", "2005-09-30": "-13.19900", "2005-06-30": "-43.41300", "2005-03-31": "-38.15700"}, "Operating Expenses": {"2020-12-31": "864.60600", "2020-09-30": "653.45900", "2020-06-30": "608.71400", "2020-03-31": "1201.12700", "2019-12-31": "1426.88000", "2019-09-30": "1469.92700", "2019-06-30": "1439.61600", "2019-03-31": "1396.37000", "2018-12-31": "1441.30300", "2018-09-30": "1418.08900", "2018-06-30": "1325.85200", "2018-03-31": "1796.87200", "2017-12-31": "1320.74500", "2017-09-30": "1294.02000", "2017-06-30": "1226.00300", "2017-03-31": "1173.82700", "2016-12-31": "1041.03900", "2016-09-30": "1032.89100", "2016-06-30": "910.82510", "2016-03-31": "839.38000", "2015-12-31": "795.04170", "2015-09-30": "843.51090", "2015-06-30": "871.33710", "2015-03-31": "907.17900", "2014-12-31": "922.44430", "2014-09-30": "1037.43500", "2014-06-30": "1070.72100", "2014-03-31": "1136.78200", "2013-12-31": "1151.45600", "2013-09-30": "1076.13400", "2013-06-30": "1058.24900", "2013-03-31": "1045.00600", "2012-12-31": "1031.12300", "2012-09-30": "1051.40300", "2012-06-30": "989.08390", "2012-03-31": "1053.39900", "2011-12-31": "1069.05700", "2011-09-30": "1058.45900", "2011-06-30": "1154.32000", "2011-03-31": "979.71600", "2010-12-31": "1006.87900", "2010-09-30": "874.00010", "2010-06-30": "884.49700", "2010-03-31": "794.07010", "2009-12-31": "763.81190", "2009-09-30": "693.57200", "2009-06-30": "640.45800", "2009-03-31": "712.80600", "2008-12-31": "615.38680", "2008-09-30": "691.51800", "2008-06-30": "680.98800", "2008-03-31": "687.29500", "2007-12-31": "604.54800", "2007-09-30": "567.09000", "2007-06-30": "561.38800", "2007-03-31": "527.13800", "2006-12-31": "485.37700", "2006-09-30": "336.80100", "2006-06-30": "271.68700", "2006-03-31": "267.49300", "2005-12-31": "259.71800", "2005-09-30": "236.58300", "2005-06-30": "208.57600", "2005-03-31": "41.66000"}, "Operating Income": {"2020-12-31": "-178.61100", "2020-09-30": "-283.00700", "2020-06-30": "-523.01600", "2020-03-31": "-247.41090", "2019-12-31": "226.57840", "2019-09-30": "177.83480", "2019-06-30": "218.71590", "2019-03-31": "255.17600", "2018-12-31": "246.28280", "2018-09-30": "290.98300", "2018-06-30": "279.57190", "2018-03-31": "-81.29410", "2017-12-31": "301.41880", "2017-09-30": "257.32700", "2017-06-30": "246.88890", "2017-03-31": "249.92980", "2016-12-31": "138.89430", "2016-09-30": "76.93100", "2016-06-30": "147.53890", "2016-03-31": "158.29800", "2015-12-31": "151.86040", "2015-09-30": "152.77400", "2015-06-30": "169.12090", "2015-03-31": "185.05910", "2014-12-31": "215.53080", "2014-09-30": "332.57510", "2014-06-30": "341.34200", "2014-03-31": "376.83110", "2013-12-31": "368.44100", "2013-09-30": "313.97800", "2013-06-30": "274.02390", "2013-03-31": "333.64810", "2012-12-31": "257.96140", "2012-09-30": "247.09200", "2012-06-30": "264.12310", "2012-03-31": "260.09910", "2011-12-31": "274.80640", "2011-09-30": "239.84510", "2011-06-30": "213.03300", "2011-03-31": "280.55600", "2010-12-31": "230.30930", "2010-09-30": "131.94890", "2010-06-30": "148.14590", "2010-03-31": "114.84800", "2009-12-31": "45.51720", "2009-09-30": "79.49900", "2009-06-30": "82.79800", "2009-03-31": "27.14900", "2008-12-31": "-1.11190", "2008-09-30": "77.66800", "2008-06-30": "144.16900", "2008-03-31": "91.41100", "2007-12-31": "106.72700", "2007-09-30": "86.29600", "2007-06-30": "126.15300", "2007-03-31": "108.17900", "2006-12-31": "78.19300", "2006-09-30": "-18.70900", "2006-06-30": "1.68300", "2006-03-31": "9.73200", "2005-12-31": "9.70210", "2005-09-30": "14.85800", "2005-06-30": "-7.45600", "2005-03-31": "-41.66000"}, "Total Non-Operating Income/Expense": {"2020-12-31": "-131.11200", "2020-09-30": "-141.16100", "2020-06-30": "-130.91500", "2020-03-31": "-127.04200", "2019-12-31": "-86.62900", "2019-09-30": "-131.22500", "2019-06-30": "-78.47300", "2019-03-31": "-93.76000", "2018-12-31": "-103.48600", "2018-09-30": "-75.09500", "2018-06-30": "-83.99400", "2018-03-31": "-167.22900", "2017-12-31": "-91.48000", "2017-09-30": "-151.81500", "2017-06-30": "-137.48600", "2017-03-31": "-114.51500", "2016-12-31": "-5.34500", "2016-09-30": "-96.14200", "2016-06-30": "-60.99000", "2016-03-31": "-48.58800", "2015-12-31": "-63.25600", "2015-09-30": "-31.92700", "2015-06-30": "-78.62000", "2015-03-31": "-195.76400", "2014-12-31": "-79.38000", "2014-09-30": "-74.68100", "2014-06-30": "-82.17600", "2014-03-31": "-71.17900", "2013-12-31": "-84.29000", "2013-09-30": "-72.44800", "2013-06-30": "-80.18400", "2013-03-31": "-66.64600", "2012-12-31": "-75.35400", "2012-09-30": "-89.54700", "2012-06-30": "-69.57000", "2012-03-31": "-61.80700", "2011-12-31": "-47.69700", "2011-09-30": "-50.39000", "2011-06-30": "-52.47100", "2011-03-31": "-52.11500", "2010-12-31": "-53.99700", "2010-09-30": "-124.98400", "2010-06-30": "-57.30800", "2010-03-31": "-51.92000", "2009-12-31": "-54.89800", "2009-09-30": "-55.11800", "2009-06-30": "-37.77200", "2009-03-31": "-45.06900", "2008-12-31": "-59.83800", "2008-09-30": "-43.49500", "2008-06-30": "-10.47900", "2008-03-31": "-49.40600", "2007-12-31": "-114.12200", "2007-09-30": "-32.17300", "2007-06-30": "-22.71800", "2007-03-31": "-26.20500", "2006-12-31": "-83.82200", "2006-09-30": "854.76200", "2006-06-30": "-21.44400", "2006-03-31": "-21.16600", "2005-12-31": "-19.58600", "2005-09-30": "-24.10500", "2005-06-30": "-34.32200", "2005-03-31": "11.73300"}, "Pre-Tax Income": {"2020-12-31": "-309.72300", "2020-09-30": "-424.16800", "2020-06-30": "-653.93100", "2020-03-31": "-374.45300", "2019-12-31": "139.94900", "2019-09-30": "46.61000", "2019-06-30": "140.24300", "2019-03-31": "161.41600", "2018-12-31": "142.79700", "2018-09-30": "215.88800", "2018-06-30": "195.57800", "2018-03-31": "-248.52300", "2017-12-31": "209.93900", "2017-09-30": "105.51200", "2017-06-30": "109.40300", "2017-03-31": "135.41500", "2016-12-31": "133.54900", "2016-09-30": "-19.21100", "2016-06-30": "86.54900", "2016-03-31": "109.71000", "2015-12-31": "88.60400", "2015-09-30": "120.84700", "2015-06-30": "90.50100", "2015-03-31": "-10.70500", "2014-12-31": "136.15000", "2014-09-30": "257.89400", "2014-06-30": "259.16600", "2014-03-31": "305.65200", "2013-12-31": "284.15110", "2013-09-30": "241.53000", "2013-06-30": "193.84000", "2013-03-31": "267.00200", "2012-12-31": "182.60800", "2012-09-30": "157.54500", "2012-06-30": "194.55300", "2012-03-31": "198.29200", "2011-12-31": "227.10900", "2011-09-30": "189.45500", "2011-06-30": "160.56200", "2011-03-31": "228.44100", "2010-12-31": "176.31200", "2010-09-30": "6.96500", "2010-06-30": "90.83800", "2010-03-31": "62.92800", "2009-12-31": "-9.38100", "2009-09-30": "24.38100", "2009-06-30": "45.02600", "2009-03-31": "-17.92000", "2008-12-31": "-60.95000", "2008-09-30": "34.17300", "2008-06-30": "133.69000", "2008-03-31": "42.00500", "2007-12-31": "-7.39500", "2007-09-30": "54.12300", "2007-06-30": "103.43500", "2007-03-31": "81.97400", "2006-12-31": "-5.62900", "2006-09-30": "836.05300", "2006-06-30": "-19.76100", "2006-03-31": "-11.43400", "2005-12-31": "-9.88400", "2005-09-30": "-9.24700", "2005-06-30": "-41.77800", "2005-03-31": "-29.92700"}, "Income Taxes": {"2020-12-31": "0.56800", "2020-09-30": "407.36500", "2020-06-30": "80.93800", "2020-03-31": "75.80000", "2019-12-31": "157.41900", "2019-09-30": "19.72700", "2019-06-30": "-1.99100", "2019-03-31": "1.68500", "2018-12-31": "-372.71300", "2018-09-30": "-3.88400", "2018-06-30": "-9.70200", "2018-03-31": "-111.04500", "2017-12-31": "-334.02500", "2017-09-30": "-0.45700", "2017-06-30": "2.60700", "2017-03-31": "2.89000", "2016-12-31": "6.98300", "2016-09-30": "0.12000", "2016-06-30": "-2.89300", "2016-03-31": "3.91800", "2015-12-31": "-16.19000", "2015-09-30": "7.41800", "2015-06-30": "13.29800", "2015-03-31": "3.19700", "2014-12-31": "-12.04300", "2014-09-30": "4.88800", "2014-06-30": "0.76400", "2014-03-31": "2.60900", "2013-12-31": "-6.33500", "2013-09-30": "-7.28100", "2013-06-30": "1.12400", "2013-03-31": "-5.14200", "2012-12-31": "16.78200", "2012-09-30": "-7.62600", "2012-06-30": "-4.74000", "2012-03-31": "-0.11700", "2011-12-31": "-31.15300", "2011-09-30": "4.27000", "2011-06-30": "5.23100", "2011-03-31": "2.10600", "2010-12-31": "4.43800", "2010-09-30": "9.01900", "2010-06-30": "1.92100", "2010-03-31": "5.06900", "2009-12-31": "-22.61300", "2009-09-30": "-9.82900", "2009-06-30": "19.54700", "2009-03-31": "15.89400", "2008-12-31": "98.45700", "2008-09-30": "-17.02600", "2008-06-30": "-138.28000", "2008-03-31": "-4.71200", "2007-12-31": "-11.03600", "2007-09-30": "9.38300", "2007-06-30": "13.88500", "2007-03-31": "23.56900", "2006-12-31": "49.79500", "2006-09-30": "120.39700", "2006-06-30": "0.30900", "2006-03-31": "", "2005-12-31": "", "2005-09-30": "", "2005-06-30": "", "2005-03-31": ""}, "Income After Taxes": {"2020-12-31": "-310.29100", "2020-09-30": "-831.53300", "2020-06-30": "-734.86900", "2020-03-31": "-450.25300", "2019-12-31": "-17.47000", "2019-09-30": "26.88300", "2019-06-30": "142.23400", "2019-03-31": "159.73100", "2018-12-31": "515.51000", "2018-09-30": "219.77200", "2018-06-30": "205.28000", "2018-03-31": "-137.47800", "2017-12-31": "543.96400", "2017-09-30": "105.96900", "2017-06-30": "106.79600", "2017-03-31": "132.52500", "2016-12-31": "126.56600", "2016-09-30": "-19.33100", "2016-06-30": "89.44200", "2016-03-31": "105.79200", "2015-12-31": "104.79400", "2015-09-30": "113.42900", "2015-06-30": "77.20300", "2015-03-31": "-13.90200", "2014-12-31": "148.19300", "2014-09-30": "253.00600", "2014-06-30": "258.40200", "2014-03-31": "303.04300", "2013-12-31": "290.48590", "2013-09-30": "248.81100", "2013-06-30": "192.71600", "2013-03-31": "272.14400", "2012-12-31": "165.82590", "2012-09-30": "165.17100", "2012-06-30": "199.29300", "2012-03-31": "198.40900", "2011-12-31": "258.26210", "2011-09-30": "185.18500", "2011-06-30": "155.33100", "2011-03-31": "226.33500", "2010-12-31": "171.87400", "2010-09-30": "-2.05400", "2010-06-30": "88.91700", "2010-03-31": "57.85900", "2009-12-31": "13.23200", "2009-09-30": "34.21000", "2009-06-30": "25.47900", "2009-03-31": "-33.81400", "2008-12-31": "-159.40700", "2008-09-30": "51.19900", "2008-06-30": "271.97000", "2008-03-31": "46.71700", "2007-12-31": "3.64100", "2007-09-30": "44.74000", "2007-06-30": "89.55000", "2007-03-31": "58.40500", "2006-12-31": "-55.42400", "2006-09-30": "715.65600", "2006-06-30": "-20.07000", "2006-03-31": "-11.43400", "2005-12-31": "-9.88400", "2005-09-30": "-9.24700", "2005-06-30": "-41.77800", "2005-03-31": "-29.92700"}, "Other Income": {"2020-12-31": "", "2020-09-30": "", "2020-06-30": "", "2020-03-31": "", "2019-12-31": "", "2019-09-30": "", "2019-06-30": "", "2019-03-31": "", "2018-12-31": "", "2018-09-30": "", "2018-06-30": "", "2018-03-31": "", "2017-12-31": "", "2017-09-30": "", "2017-06-30": "", "2017-03-31": "", "2016-12-31": "", "2016-09-30": "", "2016-06-30": "", "2016-03-31": "", "2015-12-31": "", "2015-09-30": "", "2015-06-30": "", "2015-03-31": "", "2014-12-31": "", "2014-09-30": "", "2014-06-30": "", "2014-03-31": "", "2013-12-31": "", "2013-09-30": "", "2013-06-30": "", "2013-03-31": "", "2012-12-31": "", "2012-09-30": "", "2012-06-30": "", "2012-03-31": "", "2011-12-31": "", "2011-09-30": "", "2011-06-30": "", "2011-03-31": "", "2010-12-31": "", "2010-09-30": "", "2010-06-30": "", "2010-03-31": "", "2009-12-31": "", "2009-09-30": "", "2009-06-30": "", "2009-03-31": "", "2008-12-31": "", "2008-09-30": "", "2008-06-30": "", "2008-03-31": "", "2007-12-31": "", "2007-09-30": "", "2007-06-30": "", "2007-03-31": "", "2006-12-31": "", "2006-09-30": "", "2006-06-30": "", "2006-03-31": "", "2005-12-31": "", "2005-09-30": "", "2005-06-30": "", "2005-03-31": ""}, "Income From Continuous Operations": {"2020-12-31": "-310.29100", "2020-09-30": "-831.53300", "2020-06-30": "-734.86900", "2020-03-31": "-450.25300", "2019-12-31": "-17.47000", "2019-09-30": "26.88300", "2019-06-30": "142.23400", "2019-03-31": "159.73100", "2018-12-31": "515.51000", "2018-09-30": "219.77200", "2018-06-30": "205.28000", "2018-03-31": "-137.47800", "2017-12-31": "543.96400", "2017-09-30": "105.96900", "2017-06-30": "106.79600", "2017-03-31": "132.52500", "2016-12-31": "126.56600", "2016-09-30": "-19.33100", "2016-06-30": "89.44200", "2016-03-31": "105.79200", "2015-12-31": "104.79400", "2015-09-30": "113.42900", "2015-06-30": "77.20300", "2015-03-31": "-13.90200", "2014-12-31": "148.19300", "2014-09-30": "253.00600", "2014-06-30": "258.40200", "2014-03-31": "303.04300", "2013-12-31": "290.48590", "2013-09-30": "248.81100", "2013-06-30": "192.71600", "2013-03-31": "272.14400", "2012-12-31": "165.82590", "2012-09-30": "165.17100", "2012-06-30": "199.29300", "2012-03-31": "198.40900", "2011-12-31": "258.26210", "2011-09-30": "185.18500", "2011-06-30": "155.33100", "2011-03-31": "226.33500", "2010-12-31": "171.87400", "2010-09-30": "-2.05400", "2010-06-30": "88.91700", "2010-03-31": "57.85900", "2009-12-31": "13.23200", "2009-09-30": "34.21000", "2009-06-30": "25.47900", "2009-03-31": "-33.81400", "2008-12-31": "-159.40700", "2008-09-30": "51.19900", "2008-06-30": "271.97000", "2008-03-31": "46.71700", "2007-12-31": "3.64100", "2007-09-30": "44.74000", "2007-06-30": "89.55000", "2007-03-31": "58.40500", "2006-12-31": "-55.42400", "2006-09-30": "715.65600", "2006-06-30": "-20.07000", "2006-03-31": "-11.43400", "2005-12-31": "-9.88400", "2005-09-30": "-9.24700", "2005-06-30": "-41.77800", "2005-03-31": "-29.92700"}, "Income From Discontinued Operations": {"2020-12-31": "", "2020-09-30": "", "2020-06-30": "", "2020-03-31": "", "2019-12-31": "", "2019-09-30": "", "2019-06-30": "", "2019-03-31": "", "2018-12-31": "", "2018-09-30": "", "2018-06-30": "", "2018-03-31": "", "2017-12-31": "", "2017-09-30": "", "2017-06-30": "", "2017-03-31": "", "2016-12-31": "", "2016-09-30": "", "2016-06-30": "", "2016-03-31": "", "2015-12-31": "", "2015-09-30": "", "2015-06-30": "", "2015-03-31": "", "2014-12-31": "", "2014-09-30": "", "2014-06-30": "", "2014-03-31": "", "2013-12-31": "", "2013-09-30": "", "2013-06-30": "", "2013-03-31": "", "2012-12-31": "", "2012-09-30": "", "2012-06-30": "", "2012-03-31": "", "2011-12-31": "", "2011-09-30": "", "2011-06-30": "", "2011-03-31": "", "2010-12-31": "", "2010-09-30": "", "2010-06-30": "", "2010-03-31": "", "2009-12-31": "", "2009-09-30": "", "2009-06-30": "", "2009-03-31": "", "2008-12-31": "", "2008-09-30": "", "2008-06-30": "", "2008-03-31": "", "2007-12-31": "", "2007-09-30": "", "2007-06-30": "", "2007-03-31": "", "2006-12-31": "", "2006-09-30": "", "2006-06-30": "", "2006-03-31": "", "2005-12-31": "", "2005-09-30": "", "2005-06-30": "", "2005-03-31": ""}, "Net Income": {"2020-12-31": "-269.50200", "2020-09-30": "-758.14200", "2020-06-30": "-637.56400", "2020-03-31": "-402.03700", "2019-12-31": "-72.94200", "2019-09-30": "-3.49600", "2019-06-30": "94.55100", "2019-03-31": "104.87200", "2018-12-31": "464.86600", "2018-09-30": "156.11500", "2018-06-30": "155.75600", "2018-03-31": "-204.30700", "2017-12-31": "491.68200", "2017-09-30": "79.76700", "2017-06-30": "74.91600", "2017-03-31": "100.81600", "2016-12-31": "113.80000", "2016-09-30": "-17.43700", "2016-06-30": "70.39100", "2016-03-31": "75.22100", "2015-12-31": "87.22100", "2015-09-30": "96.21000", "2015-06-30": "56.46000", "2015-03-31": "-44.60100", "2014-12-31": "109.34600", "2014-09-30": "191.40600", "2014-06-30": "203.90600", "2014-03-31": "226.89600", "2013-12-31": "213.88400", "2013-09-30": "182.02000", "2013-06-30": "129.78500", "2013-03-31": "202.96300", "2012-12-31": "111.37300", "2012-09-30": "112.03500", "2012-06-30": "138.06400", "2012-03-31": "140.56400", "2011-12-31": "190.47300", "2011-09-30": "127.06300", "2011-06-30": "122.03100", "2011-03-31": "173.80400", "2010-12-31": "114.24200", "2010-09-30": "-33.50800", "2010-06-30": "52.40500", "2010-03-31": "26.98800", "2009-12-31": "-5.22100", "2009-09-30": "34.21000", "2009-06-30": "25.47900", "2009-03-31": "-33.81400", "2008-12-31": "-159.40700", "2008-09-30": "51.19900", "2008-06-30": "271.97000", "2008-03-31": "46.71700", "2007-12-31": "3.64100", "2007-09-30": "44.74000", "2007-06-30": "89.55000", "2007-03-31": "58.40500", "2006-12-31": "-55.42400", "2006-09-30": "715.65600", "2006-06-30": "-20.07000", "2006-03-31": "-11.43400", "2005-12-31": "-9.88400", "2005-09-30": "-9.24700", "2005-06-30": "-41.77800", "2005-03-31": "-29.92700"}, "EBITDA": {"2020-12-31": "", "2020-09-30": "-91.90600", "2020-06-30": "-336.53900", "2020-03-31": "-61.72100", "2019-12-31": "408.41530", "2019-09-30": "358.14180", "2019-06-30": "366.25290", "2019-03-31": "399.32700", "2018-12-31": "396.86980", "2018-09-30": "436.07300", "2018-06-30": "425.68990", "2018-03-31": "64.42390", "2017-12-31": "444.76980", "2017-09-30": "401.50600", "2017-06-30": "390.71990", "2017-03-31": "395.94980", "2016-12-31": "285.64730", "2016-09-30": "189.63100", "2016-06-30": "233.06290", "2016-03-31": "242.37700", "2015-12-31": "236.26930", "2015-09-30": "234.75200", "2015-06-30": "255.76690", "2015-03-31": "274.44010", "2014-12-31": "311.83670", "2014-09-30": "420.21810", "2014-06-30": "425.05400", "2014-03-31": "459.93800", "2013-12-31": "468.57200", "2013-09-30": "412.50900", "2013-06-30": "370.72790", "2013-03-31": "430.78610", "2012-12-31": "356.14940", "2012-09-30": "347.49010", "2012-06-30": "363.40910", "2012-03-31": "359.39110", "2011-12-31": "373.59140", "2011-09-30": "345.88210", "2011-06-30": "321.24100", "2011-03-31": "385.24800", "2010-12-31": "335.65440", "2010-09-30": "238.59490", "2010-06-30": "255.78090", "2010-03-31": "225.12200", "2009-12-31": "155.44420", "2009-09-30": "186.87500", "2009-06-30": "192.58100", "2009-03-31": "136.77000", "2008-12-31": "76.30210", "2008-09-30": "147.95100", "2008-06-30": "213.42200", "2008-03-31": "159.62490", "2007-12-31": "174.16200", "2007-09-30": "147.62190", "2007-06-30": "184.18800", "2007-03-31": "163.75300", "2006-12-31": "136.13200", "2006-09-30": "32.44200", "2006-06-30": "45.85900", "2006-03-31": "55.34900", "2005-12-31": "53.24910", "2005-09-30": "52.48400", "2005-06-30": "23.22300", "2005-03-31": "-36.12300"}, "EBIT": {"2020-12-31": "-178.61100", "2020-09-30": "-283.00700", "2020-06-30": "-523.01600", "2020-03-31": "-247.41090", "2019-12-31": "226.57840", "2019-09-30": "177.83480", "2019-06-30": "218.71590", "2019-03-31": "255.17600", "2018-12-31": "246.28310", "2018-09-30": "290.98300", "2018-06-30": "279.57190", "2018-03-31": "-81.29410", "2017-12-31": "301.41920", "2017-09-30": "257.32700", "2017-06-30": "246.88890", "2017-03-31": "249.92980", "2016-12-31": "138.89420", "2016-09-30": "76.93100", "2016-06-30": "147.53890", "2016-03-31": "158.29800", "2015-12-31": "151.86020", "2015-09-30": "152.77400", "2015-06-30": "169.12090", "2015-03-31": "185.05910", "2014-12-31": "215.53060", "2014-09-30": "332.57510", "2014-06-30": "341.34200", "2014-03-31": "376.83110", "2013-12-31": "368.44080", "2013-09-30": "313.97800", "2013-06-30": "274.02390", "2013-03-31": "333.64810", "2012-12-31": "257.96160", "2012-09-30": "247.09200", "2012-06-30": "264.12310", "2012-03-31": "260.09910", "2011-12-31": "274.80620", "2011-09-30": "239.84510", "2011-06-30": "213.03300", "2011-03-31": "280.55600", "2010-12-31": "230.30910", "2010-09-30": "131.94890", "2010-06-30": "148.14590", "2010-03-31": "114.84800", "2009-12-31": "45.51720", "2009-09-30": "79.49900", "2009-06-30": "82.79800", "2009-03-31": "27.14900", "2008-12-31": "-1.11190", "2008-09-30": "77.66800", "2008-06-30": "144.16900", "2008-03-31": "91.41100", "2007-12-31": "106.72700", "2007-09-30": "86.29600", "2007-06-30": "126.15300", "2007-03-31": "108.17900", "2006-12-31": "78.19290", "2006-09-30": "-18.70900", "2006-06-30": "1.68300", "2006-03-31": "9.73200", "2005-12-31": "9.70200", "2005-09-30": "14.85800", "2005-06-30": "-7.45600", "2005-03-31": "-41.66000"}, "Basic Shares Outstanding": {"2020-12-31": "106.81800", "2020-09-30": "106.78300", "2020-06-30": "106.71300", "2020-03-31": "106.66300", "2019-12-31": "106.74500", "2019-09-30": "106.70700", "2019-06-30": "106.87600", "2019-03-31": "106.79200", "2018-12-31": "106.52900", "2018-09-30": "108.06400", "2018-06-30": "107.79200", "2018-03-31": "102.57000", "2017-12-31": "102.07100", "2017-09-30": "102.17300", "2017-06-30": "101.94400", "2017-03-31": "101.75300", "2016-12-31": "101.44500", "2016-09-30": "101.43900", "2016-06-30": "101.43800", "2016-03-31": "101.39200", "2015-12-31": "101.16300", "2015-09-30": "101.16100", "2015-06-30": "101.15700", "2015-03-31": "101.13500", "2014-12-31": "100.92700", "2014-09-30": "100.95900", "2014-06-30": "100.91500", "2014-03-31": "100.82200", "2013-12-31": "100.54000", "2013-09-30": "100.68500", "2013-06-30": "100.48400", "2013-03-31": "100.23700", "2012-12-31": "103.09200", "2012-09-30": "99.87100", "2012-06-30": "99.78200", "2012-03-31": "112.70400", "2011-12-31": "124.03900", "2011-09-30": "124.17600", "2011-06-30": "123.97000", "2011-03-31": "123.75700", "2010-12-31": "122.78700", "2010-09-30": "122.77100", "2010-06-30": "122.52100", "2010-03-31": "122.41100", "2009-12-31": "119.84000", "2009-09-30": "122.20000", "2009-06-30": "122.16100", "2009-03-31": "112.56800", "2008-12-31": "108.40800", "2008-09-30": "103.26600", "2008-06-30": "111.12800", "2008-03-31": "112.41300", "2007-12-31": "106.03000", "2007-09-30": "107.63200", "2007-06-30": "101.21400", "2007-03-31": "101.40200", "2006-12-31": "99.99800", "2006-09-30": "100.48000", "2006-06-30": "99.83000", "2006-03-31": "98.73600", "2005-12-31": "98.30800", "2005-09-30": "98.47200", "2005-06-30": "98.20300", "2005-03-31": "98.22900"}, "Shares Outstanding": {"2020-12-31": "106.81800", "2020-09-30": "106.78300", "2020-06-30": "106.71300", "2020-03-31": "106.66300", "2019-12-31": "106.98500", "2019-09-30": "106.70700", "2019-06-30": "107.14100", "2019-03-31": "107.07300", "2018-12-31": "107.03200", "2018-09-30": "108.53300", "2018-06-30": "108.40500", "2018-03-31": "102.57000", "2017-12-31": "102.59800", "2017-09-30": "102.79400", "2017-06-30": "102.49400", "2017-03-31": "102.06900", "2016-12-31": "101.85500", "2016-09-30": "101.43900", "2016-06-30": "101.88100", "2016-03-31": "101.68600", "2015-12-31": "101.67100", "2015-09-30": "101.58100", "2015-06-30": "101.71000", "2015-03-31": "101.13500", "2014-12-31": "101.93100", "2014-09-30": "101.99900", "2014-06-30": "102.01800", "2014-03-31": "102.00900", "2013-12-31": "101.64100", "2013-09-30": "101.54700", "2013-06-30": "101.54900", "2013-03-31": "101.37300", "2012-12-31": "104.24900", "2012-09-30": "100.89200", "2012-06-30": "101.01000", "2012-03-31": "114.00800", "2011-12-31": "125.66700", "2011-09-30": "125.86000", "2011-06-30": "125.72900", "2011-03-31": "125.37100", "2010-12-31": "123.93900", "2010-09-30": "122.77100", "2010-06-30": "123.81600", "2010-03-31": "122.98200", "2009-12-31": "120.18500", "2009-09-30": "122.61000", "2009-06-30": "122.38600", "2009-03-31": "112.56800", "2008-12-31": "109.44100", "2008-09-30": "104.27000", "2008-06-30": "112.36500", "2008-03-31": "113.64800", "2007-12-31": "112.68500", "2007-09-30": "110.88100", "2007-06-30": "112.11100", "2007-03-31": "112.34800", "2006-12-31": "111.62700", "2006-09-30": "111.70200", "2006-06-30": "99.83000", "2006-03-31": "98.73600", "2005-12-31": "98.30800", "2005-09-30": "98.47200", "2005-06-30": "98.20300", "2005-03-31": "98.22900"}, "Basic EPS": {"2020-12-31": "-2.53000", "2020-09-30": "-7.10000", "2020-06-30": "-5.97000", "2020-03-31": "-3.77000", "2019-12-31": "-0.68000", "2019-09-30": "-0.03000", "2019-06-30": "0.88000", "2019-03-31": "0.98000", "2018-12-31": "4.48000", "2018-09-30": "1.44000", "2018-06-30": "1.44000", "2018-03-31": "-1.99000", "2017-12-31": "4.82000", "2017-09-30": "0.78000", "2017-06-30": "0.73000", "2017-03-31": "0.99000", "2016-12-31": "1.13000", "2016-09-30": "-0.17000", "2016-06-30": "0.69000", "2016-03-31": "0.74000", "2015-12-31": "0.86000", "2015-09-30": "0.95000", "2015-06-30": "0.56000", "2015-03-31": "-0.44000", "2014-12-31": "1.08000", "2014-09-30": "1.90000", "2014-06-30": "2.02000", "2014-03-31": "2.25000", "2013-12-31": "2.13000", "2013-09-30": "1.81000", "2013-06-30": "1.29000", "2013-03-31": "2.02000", "2012-12-31": "1.12000", "2012-09-30": "1.12000", "2012-06-30": "1.38000", "2012-03-31": "1.25000", "2011-12-31": "1.54000", "2011-09-30": "1.02000", "2011-06-30": "0.98000", "2011-03-31": "1.40000", "2010-12-31": "0.92000", "2010-09-30": "-0.27000", "2010-06-30": "0.43000", "2010-03-31": "0.22000", "2009-12-31": "-0.02000", "2009-09-30": "0.28000", "2009-06-30": "0.21000", "2009-03-31": "-0.30000", "2008-12-31": "-1.43000", "2008-09-30": "0.50000", "2008-06-30": "2.45000", "2008-03-31": "0.42000", "2007-12-31": "-0.03000", "2007-09-30": "0.42000", "2007-06-30": "0.88000", "2007-03-31": "0.58000", "2006-12-31": "-0.51000", "2006-09-30": "7.12000", "2006-06-30": "-0.20000", "2006-03-31": "-0.12000", "2005-12-31": "-0.10000", "2005-09-30": "-0.09000", "2005-06-30": "-0.43000", "2005-03-31": "-0.30000"}, "EPS - Earnings Per Share": {"2020-12-31": "-2.53000", "2020-09-30": "-7.10000", "2020-06-30": "-5.97000", "2020-03-31": "-3.77000", "2019-12-31": "-0.68000", "2019-09-30": "-0.03000", "2019-06-30": "0.88000", "2019-03-31": "0.98000", "2018-12-31": "4.46000", "2018-09-30": "1.44000", "2018-06-30": "1.44000", "2018-03-31": "-1.99000", "2017-12-31": "4.78000", "2017-09-30": "0.78000", "2017-06-30": "0.73000", "2017-03-31": "0.99000", "2016-12-31": "1.12000", "2016-09-30": "-0.17000", "2016-06-30": "0.69000", "2016-03-31": "0.74000", "2015-12-31": "0.85000", "2015-09-30": "0.95000", "2015-06-30": "0.56000", "2015-03-31": "-0.44000", "2014-12-31": "1.08000", "2014-09-30": "1.88000", "2014-06-30": "2.00000", "2014-03-31": "2.22000", "2013-12-31": "2.10000", "2013-09-30": "1.79000", "2013-06-30": "1.28000", "2013-03-31": "2.00000", "2012-12-31": "1.11000", "2012-09-30": "1.11000", "2012-06-30": "1.37000", "2012-03-31": "1.23000", "2011-12-31": "1.51000", "2011-09-30": "1.01000", "2011-06-30": "0.97000", "2011-03-31": "1.39000", "2010-12-31": "0.92000", "2010-09-30": "-0.27000", "2010-06-30": "0.42000", "2010-03-31": "0.22000", "2009-12-31": "-0.02000", "2009-09-30": "0.28000", "2009-06-30": "0.21000", "2009-03-31": "-0.30000", "2008-12-31": "-1.40000", "2008-09-30": "0.49000", "2008-06-30": "2.42000", "2008-03-31": "0.41000", "2007-12-31": "0.03000", "2007-09-30": "0.41000", "2007-06-30": "0.82000", "2007-03-31": "0.54000", "2006-12-31": "0.13000", "2006-09-30": "6.43000", "2006-06-30": "-0.20000", "2006-03-31": "-0.12000", "2005-12-31": "-0.10000", "2005-09-30": "-0.09000", "2005-06-30": "-0.43000", "2005-03-31": "-0.30000"}}, "balance sheet": {"Cash On Hand": {"2020-12-31": "", "2019-12-31": "2351.90400", "2018-12-31": "2215.00100", "2017-12-31": "2971.24700", "2016-12-31": "2626.55900", "2015-12-31": "2195.38600", "2014-12-31": "2422.30400", "2013-12-31": "2609.44000", "2012-12-31": "1864.10600", "2011-12-31": "1384.65300", "2010-12-31": "1258.49900", "2009-12-31": "1991.83000", "2008-12-31": "1133.90400", "2007-12-31": "1275.12000", "2006-12-31": "848.00500", "2005-12-31": "532.56000"}, "Receivables": {"2020-12-31": "", "2019-12-31": "346.42900", "2018-12-31": "276.64400", "2017-12-31": "224.12800", "2016-12-31": "218.96800", "2015-12-31": "187.88700", "2014-12-31": "237.95700", "2013-12-31": "241.93200", "2012-12-31": "238.57300", "2011-12-31": "238.49000", "2010-12-31": "187.46400", "2009-12-31": "152.87900", "2008-12-31": "125.19600", "2007-12-31": "179.05900", "2006-12-31": "140.23200", "2005-12-31": "88.46800"}, "Inventory": {"2020-12-31": "", "2019-12-31": "88.51900", "2018-12-31": "66.62700", "2017-12-31": "71.63600", "2016-12-31": "91.54100", "2015-12-31": "74.49300", "2014-12-31": "72.22300", "2013-12-31": "74.73900", "2012-12-31": "63.79900", "2011-12-31": "72.06100", "2010-12-31": "86.84700", "2009-12-31": "107.00500", "2008-12-31": "120.94400", "2007-12-31": "73.29100", "2006-12-31": "64.36800", "2005-12-31": "39.88400"}, "Pre-Paid Expenses": {"2020-12-31": "", "2019-12-31": "69.48500", "2018-12-31": "83.10400", "2017-12-31": "156.77300", "2016-12-31": "53.29900", "2015-12-31": "48.01200", "2014-12-31": "49.84700", "2013-12-31": "42.70300", "2012-12-31": "35.90000", "2011-12-31": "31.24800", "2010-12-31": "28.32600", "2009-12-31": "31.24200", "2008-12-31": "31.04700", "2007-12-31": "29.77500", "2006-12-31": "30.65900", "2005-12-31": "23.63000"}, "Other Current Assets": {"2020-12-31": "", "2019-12-31": "", "2018-12-31": "", "2017-12-31": "", "2016-12-31": "", "2015-12-31": "", "2014-12-31": "", "2013-12-31": "", "2012-12-31": "", "2011-12-31": "", "2010-12-31": "", "2009-12-31": "", "2008-12-31": "", "2007-12-31": "", "2006-12-31": "", "2005-12-31": ""}, "Total Current Assets": {"2020-12-31": "", "2019-12-31": "2856.33700", "2018-12-31": "2641.37600", "2017-12-31": "3423.78400", "2016-12-31": "2990.36700", "2015-12-31": "2505.77800", "2014-12-31": "2782.33100", "2013-12-31": "2968.81400", "2012-12-31": "2202.37800", "2011-12-31": "1726.45200", "2010-12-31": "1561.13600", "2009-12-31": "2282.95600", "2008-12-31": "1411.09100", "2007-12-31": "1581.99100", "2006-12-31": "1096.99100", "2005-12-31": "684.54200"}, "Property, Plant, And Equipment": {"2020-12-31": "", "2019-12-31": "9623.83200", "2018-12-31": "9385.92000", "2017-12-31": "8498.75600", "2016-12-31": "8259.63100", "2015-12-31": "7477.47800", "2014-12-31": "5855.84200", "2013-12-31": "4934.44900", "2012-12-31": "4727.89900", "2011-12-31": "4865.33200", "2010-12-31": "4921.25900", "2009-12-31": "5062.05900", "2008-12-31": "5118.64600", "2007-12-31": "3939.97900", "2006-12-31": "3157.62200", "2005-12-31": "2663.87000"}, "Long-Term Investments": {"2020-12-31": "", "2019-12-31": "", "2018-12-31": "", "2017-12-31": "160.68200", "2016-12-31": "128.02300", "2015-12-31": "136.98300", "2014-12-31": "14.41600", "2013-12-31": "84.13700", "2012-12-31": "4.27000", "2011-12-31": "4.37600", "2010-12-31": "4.23200", "2009-12-31": "4.10200", "2008-12-31": "4.69600", "2007-12-31": "5.50000", "2006-12-31": "5.98100", "2005-12-31": "5.07000"}, "Goodwill And Intangible Assets": {"2020-12-31": "", "2019-12-31": "146.41400", "2018-12-31": "222.50600", "2017-12-31": "123.70500", "2016-12-31": "113.58800", "2015-12-31": "110.97200", "2014-12-31": "112.36700", "2013-12-31": "30.76700", "2012-12-31": "31.29700", "2011-12-31": "35.75100", "2010-12-31": "40.20500", "2009-12-31": "44.65900", "2008-12-31": "49.04900", "2007-12-31": "60.07400", "2006-12-31": "65.13500", "2005-12-31": "60.48000"}, "Other Long-Term Assets": {"2020-12-31": "", "2019-12-31": "229.51700", "2018-12-31": "230.01500", "2017-12-31": "234.27900", "2016-12-31": "461.94800", "2015-12-31": "227.94800", "2014-12-31": "213.49200", "2013-12-31": "290.93700", "2012-12-31": "239.56100", "2011-12-31": "217.21300", "2010-12-31": "85.80200", "2009-12-31": "99.38000", "2008-12-31": "106.42900", "2007-12-31": "628.65100", "2006-12-31": "259.58000", "2005-12-31": "435.70200"}, "Total Long-Term Assets": {"2020-12-31": "", "2019-12-31": "11014.94000", "2018-12-31": "10574.89000", "2017-12-31": "9257.95500", "2016-12-31": "8963.19000", "2015-12-31": "7953.38100", "2014-12-31": "6280.53000", "2013-12-31": "5408.21600", "2012-12-31": "5074.21600", "2011-12-31": "5173.04400", "2010-12-31": "5113.36000", "2009-12-31": "5298.81300", "2008-12-31": "5344.69700", "2007-12-31": "4717.29100", "2006-12-31": "3563.18900", "2005-12-31": "3260.74100"}, "Total Assets": {"2020-12-31": "0.00000", "2019-12-31": "13871.28000", "2018-12-31": "13216.27000", "2017-12-31": "12681.74000", "2016-12-31": "11953.56000", "2015-12-31": "10459.16000", "2014-12-31": "9062.86100", "2013-12-31": "8377.03000", "2012-12-31": "7276.59400", "2011-12-31": "6899.49600", "2010-12-31": "6674.49700", "2009-12-31": "7581.76900", "2008-12-31": "6755.78800", "2007-12-31": "6299.28200", "2006-12-31": "4660.18000", "2005-12-31": "3945.28300"}, "Total Current Liabilities": {"2020-12-31": "", "2019-12-31": "1982.88400", "2018-12-31": "1882.06300", "2017-12-31": "1930.29000", "2016-12-31": "1416.30100", "2015-12-31": "1110.17100", "2014-12-31": "1308.31800", "2013-12-31": "1455.53400", "2012-12-31": "1131.37700", "2011-12-31": "1579.89300", "2010-12-31": "887.92900", "2009-12-31": "725.58500", "2008-12-31": "723.75700", "2007-12-31": "585.18300", "2006-12-31": "511.08700", "2005-12-31": "269.77900"}, "Long Term Debt": {"2020-12-31": "", "2019-12-31": "10079.98000", "2018-12-31": "9411.14000", "2017-12-31": "9565.93600", "2016-12-31": "10125.35000", "2015-12-31": "9149.66500", "2014-12-31": "7361.24900", "2013-12-31": "6633.33700", "2012-12-31": "5857.95600", "2011-12-31": "2913.63900", "2010-12-31": "3264.85400", "2009-12-31": "3566.42800", "2008-12-31": "4290.42400", "2007-12-31": "3539.36800", "2006-12-31": "2392.34600", "2005-12-31": "2110.06400"}, "Other Non-Current Liabilities": {"2020-12-31": "", "2019-12-31": "107.76000", "2018-12-31": "108.27700", "2017-12-31": "107.16300", "2016-12-31": "87.46200", "2015-12-31": "141.12100", "2014-12-31": "152.13100", "2013-12-31": "141.46500", "2012-12-31": "137.83000", "2011-12-31": "128.21600", "2010-12-31": "64.24800", "2009-12-31": "129.39300", "2008-12-31": "131.46100", "2007-12-31": "73.61900", "2006-12-31": "14.09800", "2005-12-31": "2.54500"}, "Total Long Term Liabilities": {"2020-12-31": "", "2019-12-31": "10346.92000", "2018-12-31": "9519.41700", "2017-12-31": "9673.09900", "2016-12-31": "10279.37000", "2015-12-31": "9327.14400", "2014-12-31": "7543.45200", "2013-12-31": "6789.14500", "2012-12-31": "6041.28500", "2011-12-31": "3096.14900", "2010-12-31": "3405.98300", "2009-12-31": "3695.82100", "2008-12-31": "4430.43600", "2007-12-31": "3765.94000", "2006-12-31": "2503.50800", "2005-12-31": "2112.60900"}, "Total Liabilities": {"2020-12-31": "", "2019-12-31": "12329.81000", "2018-12-31": "11401.48000", "2017-12-31": "11603.39000", "2016-12-31": "11695.68000", "2015-12-31": "10437.31000", "2014-12-31": "8851.77000", "2013-12-31": "8244.67900", "2012-12-31": "7172.66200", "2011-12-31": "4676.04200", "2010-12-31": "4293.91200", "2009-12-31": "4421.40600", "2008-12-31": "5154.19300", "2007-12-31": "4351.12300", "2006-12-31": "3014.59500", "2005-12-31": "2382.38800"}, "Common Stock Net": {"2020-12-31": "", "2019-12-31": "1.22800", "2018-12-31": "1.22100", "2017-12-31": "1.16400", "2016-12-31": "1.15000", "2015-12-31": "1.14600", "2014-12-31": "1.14400", "2013-12-31": "1.14200", "2012-12-31": "1.13700", "2011-12-31": "1.37900", "2010-12-31": "1.37400", "2009-12-31": "1.36100", "2008-12-31": "1.24800", "2007-12-31": "1.16200", "2006-12-31": "1.01800", "2005-12-31": "0.99300"}, "Retained Earnings (Accumulated Deficit)": {"2020-12-31": "", "2019-12-31": "641.81800", "2018-12-31": "921.78500", "2017-12-31": "635.06700", "2016-12-31": "95.09700", "2015-12-31": "55.33200", "2014-12-31": "164.48700", "2013-12-31": "66.13000", "2012-12-31": "44.77500", "2011-12-31": "36.36800", "2010-12-31": "9.04200", "2009-12-31": "-89.55900", "2008-12-31": "-17.13600", "2007-12-31": "-143.89900", "2006-12-31": "-377.74700", "2005-12-31": "-395.16100"}, "Comprehensive Income": {"2020-12-31": "", "2019-12-31": "-1.67900", "2018-12-31": "-1.95000", "2017-12-31": "-1.84500", "2016-12-31": "1.48400", "2015-12-31": "1.09200", "2014-12-31": "2.50500", "2013-12-31": "2.91300", "2012-12-31": "4.17700", "2011-12-31": "0.84000", "2010-12-31": "0.88900", "2009-12-31": "2.44600", "2008-12-31": "2.61400", "2007-12-31": "-2.90500", "2006-12-31": "-0.09400", "2005-12-31": ""}, "Other Share Holders Equity": {"2020-12-31": "", "2019-12-31": "", "2018-12-31": "", "2017-12-31": "", "2016-12-31": "", "2015-12-31": "", "2014-12-31": "", "2013-12-31": "", "2012-12-31": "", "2011-12-31": "", "2010-12-31": "", "2009-12-31": "", "2008-12-31": "", "2007-12-31": "", "2006-12-31": "", "2005-12-31": ""}, "Share Holder Equity": {"2020-12-31": "", "2019-12-31": "1541.47200", "2018-12-31": "1814.78900", "2017-12-31": "1078.35000", "2016-12-31": "257.88100", "2015-12-31": "21.84500", "2014-12-31": "211.09100", "2013-12-31": "132.35100", "2012-12-31": "103.93200", "2011-12-31": "2223.45400", "2010-12-31": "2380.58500", "2009-12-31": "3160.36300", "2008-12-31": "1601.59500", "2007-12-31": "1948.15900", "2006-12-31": "1645.58500", "2005-12-31": "1562.89500"}, "Total Liabilities And Share Holders Equity": {"2020-12-31": "", "2019-12-31": "13871.28000", "2018-12-31": "13216.27000", "2017-12-31": "12681.74000", "2016-12-31": "11953.56000", "2015-12-31": "10459.16000", "2014-12-31": "9062.86100", "2013-12-31": "8377.03000", "2012-12-31": "7276.59400", "2011-12-31": "6899.49600", "2010-12-31": "6674.49700", "2009-12-31": "7581.76900", "2008-12-31": "6755.78800", "2007-12-31": "6299.28200", "2006-12-31": "4660.18000", "2005-12-31": "3945.28300"}}, "balance sheet, quarterly": {"Cash On Hand": {"2020-12-31": "", "2020-09-30": "3554.89500", "2020-06-30": "3797.74000", "2020-03-31": "2880.97100", "2019-12-31": "2351.90400", "2019-09-30": "1676.11000", "2019-06-30": "1501.88600", "2019-03-31": "1822.89100", "2018-12-31": "2215.00100", "2018-09-30": "1949.25300", "2018-06-30": "1504.83300", "2018-03-31": "2060.87000", "2017-12-31": "2971.24700", "2017-09-30": "3092.85100", "2017-06-30": "2622.62500", "2017-03-31": "2676.84000", "2016-12-31": "2626.55900", "2016-09-30": "1736.80400", "2016-06-30": "2112.79300", "2016-03-31": "2285.79300", "2015-12-31": "2195.38600", "2015-09-30": "2025.24000", "2015-06-30": "1702.96800", "2015-03-31": "1968.92200", "2014-12-31": "2422.30400", "2014-09-30": "3141.61000", "2014-06-30": "3277.25900", "2014-03-31": "3492.49700", "2013-12-31": "2609.44000", "2013-09-30": "2435.81100", "2013-06-30": "2174.61500", "2013-03-31": "2153.35300", "2012-12-31": "1864.10600", "2012-09-30": "2529.83400", "2012-06-30": "2152.31900", "2012-03-31": "1992.70300", "2011-12-31": "1384.65300", "2011-09-30": "1910.44300", "2011-06-30": "1784.27800", "2011-03-31": "1446.83200", "2010-12-31": "1258.49900", "2010-09-30": "1922.33800", "2010-06-30": "1858.42200", "2010-03-31": "1757.01500", "2009-12-31": "1991.83000", "2009-09-30": "1296.07800", "2009-06-30": "1090.18200", "2009-03-31": "1718.72200", "2008-12-31": "1133.90400", "2008-09-30": "1713.66900", "2008-06-30": "1377.75300", "2008-03-31": "1239.26900", "2007-12-31": "1275.12000", "2007-09-30": "845.17300", "2007-06-30": "848.82700", "2007-03-31": "843.73600", "2006-12-31": "848.00500", "2006-09-30": "1502.67200", "2006-06-30": "461.22400", "2006-03-31": "554.67100", "2005-12-31": "532.56000", "2005-09-30": "650.58900", "2005-06-30": "622.63800", "2005-03-31": "563.33600"}, "Receivables": {"2020-12-31": "", "2020-09-30": "178.82600", "2020-06-30": "296.31800", "2020-03-31": "380.77100", "2019-12-31": "346.42900", "2019-09-30": "286.61100", "2019-06-30": "296.69600", "2019-03-31": "259.80400", "2018-12-31": "276.64400", "2018-09-30": "232.67200", "2018-06-30": "230.11400", "2018-03-31": "228.22600", "2017-12-31": "224.12800", "2017-09-30": "224.13200", "2017-06-30": "196.17900", "2017-03-31": "186.00200", "2016-12-31": "218.96800", "2016-09-30": "177.59100", "2016-06-30": "173.55000", "2016-03-31": "188.47600", "2015-12-31": "187.88700", "2015-09-30": "204.65000", "2015-06-30": "267.96000", "2015-03-31": "290.75700", "2014-12-31": "237.95700", "2014-09-30": "206.46600", "2014-06-30": "218.90500", "2014-03-31": "230.69000", "2013-12-31": "241.93200", "2013-09-30": "216.24700", "2013-06-30": "207.03100", "2013-03-31": "243.57800", "2012-12-31": "238.57300", "2012-09-30": "213.32200", "2012-06-30": "218.06800", "2012-03-31": "222.54700", "2011-12-31": "238.49000", "2011-09-30": "190.34600", "2011-06-30": "180.79200", "2011-03-31": "186.84100", "2010-12-31": "187.46400", "2010-09-30": "141.37900", "2010-06-30": "157.56000", "2010-03-31": "157.86000", "2009-12-31": "152.87900", "2009-09-30": "122.25800", "2009-06-30": "118.55300", "2009-03-31": "123.48500", "2008-12-31": "125.19600", "2008-09-30": "138.85800", "2008-06-30": "153.59600", "2008-03-31": "156.22400", "2007-12-31": "179.05900", "2007-09-30": "134.20200", "2007-06-30": "124.96900", "2007-03-31": "129.42700", "2006-12-31": "140.23200", "2006-09-30": "101.90200", "2006-06-30": "65.77200", "2006-03-31": "66.53300", "2005-12-31": "88.46800", "2005-09-30": "55.45500", "2005-06-30": "55.54400", "2005-03-31": "0.80200"}, "Inventory": {"2020-12-31": "", "2020-09-30": "73.62700", "2020-06-30": "84.77900", "2020-03-31": "86.18200", "2019-12-31": "88.51900", "2019-09-30": "80.48600", "2019-06-30": "81.76600", "2019-03-31": "67.37300", "2018-12-31": "66.62700", "2018-09-30": "63.07600", "2018-06-30": "66.76500", "2018-03-31": "67.57900", "2017-12-31": "71.63600", "2017-09-30": "82.89700", "2017-06-30": "84.50800", "2017-03-31": "86.46600", "2016-12-31": "91.54100", "2016-09-30": "88.72800", "2016-06-30": "74.79000", "2016-03-31": "72.60400", "2015-12-31": "74.49300", "2015-09-30": "66.58300", "2015-06-30": "66.57600", "2015-03-31": "69.91100", "2014-12-31": "72.22300", "2014-09-30": "69.97500", "2014-06-30": "70.13200", "2014-03-31": "71.86500", "2013-12-31": "74.73900", "2013-09-30": "73.03800", "2013-06-30": "70.15300", "2013-03-31": "67.90900", "2012-12-31": "63.79900", "2012-09-30": "65.53100", "2012-06-30": "66.28700", "2012-03-31": "68.16300", "2011-12-31": "72.06100", "2011-09-30": "77.41100", "2011-06-30": "75.36800", "2011-03-31": "80.89600", "2010-12-31": "86.84700", "2010-09-30": "95.34400", "2010-06-30": "97.88700", "2010-03-31": "107.15800", "2009-12-31": "107.00500", "2009-09-30": "111.79300", "2009-06-30": "113.15300", "2009-03-31": "119.31100", "2008-12-31": "120.94400", "2008-09-30": "95.97700", "2008-06-30": "80.04200", "2008-03-31": "75.70200", "2007-12-31": "73.29100", "2007-09-30": "66.97300", "2007-06-30": "65.41800", "2007-03-31": "66.44200", "2006-12-31": "64.36800", "2006-09-30": "60.58000", "2006-06-30": "49.95100", "2006-03-31": "47.31700", "2005-12-31": "39.88400", "2005-09-30": "33.35500", "2005-06-30": "29.32400", "2005-03-31": "5.05000"}, "Pre-Paid Expenses": {"2020-12-31": "", "2020-09-30": "62.12900", "2020-06-30": "57.54400", "2020-03-31": "67.44000", "2019-12-31": "69.48500", "2019-09-30": "68.04500", "2019-06-30": "86.97500", "2019-03-31": "91.75900", "2018-12-31": "83.10400", "2018-09-30": "91.31900", "2018-06-30": "86.74600", "2018-03-31": "91.62400", "2017-12-31": "156.77300", "2017-09-30": "156.67200", "2017-06-30": "136.87700", "2017-03-31": "132.10200", "2016-12-31": "53.29900", "2016-09-30": "54.07400", "2016-06-30": "53.41000", "2016-03-31": "58.62000", "2015-12-31": "48.01200", "2015-09-30": "51.72500", "2015-06-30": "50.19900", "2015-03-31": "53.26200", "2014-12-31": "49.84700", "2014-09-30": "52.26800", "2014-06-30": "51.88400", "2014-03-31": "44.13200", "2013-12-31": "42.70300", "2013-09-30": "40.46000", "2013-06-30": "38.53600", "2013-03-31": "39.66400", "2012-12-31": "35.90000", "2012-09-30": "32.59700", "2012-06-30": "34.04400", "2012-03-31": "36.52500", "2011-12-31": "31.24800", "2011-09-30": "26.93000", "2011-06-30": "30.42400", "2011-03-31": "30.74800", "2010-12-31": "28.32600", "2010-09-30": "27.08200", "2010-06-30": "26.92900", "2010-03-31": "28.68900", "2009-12-31": "31.24200", "2009-09-30": "28.26800", "2009-06-30": "29.73200", "2009-03-31": "31.40400", "2008-12-31": "31.04700", "2008-09-30": "31.42600", "2008-06-30": "32.75600", "2008-03-31": "34.16200", "2007-12-31": "29.77500", "2007-09-30": "31.03800", "2007-06-30": "34.55000", "2007-03-31": "32.28100", "2006-12-31": "30.65900", "2006-09-30": "28.45200", "2006-06-30": "25.11000", "2006-03-31": "25.01200", "2005-12-31": "23.63000", "2005-09-30": "20.86300", "2005-06-30": "6.97600", "2005-03-31": "5.90400"}, "Other Current Assets": {"2020-12-31": "", "2020-09-30": "", "2020-06-30": "", "2020-03-31": "", "2019-12-31": "", "2019-09-30": "", "2019-06-30": "", "2019-03-31": "", "2018-12-31": "", "2018-09-30": "", "2018-06-30": "", "2018-03-31": "", "2017-12-31": "", "2017-09-30": "", "2017-06-30": "", "2017-03-31": "", "2016-12-31": "", "2016-09-30": "", "2016-06-30": "", "2016-03-31": "", "2015-12-31": "", "2015-09-30": "", "2015-06-30": "", "2015-03-31": "", "2014-12-31": "", "2014-09-30": "", "2014-06-30": "", "2014-03-31": "", "2013-12-31": "", "2013-09-30": "", "2013-06-30": "", "2013-03-31": "", "2012-12-31": "", "2012-09-30": "", "2012-06-30": "", "2012-03-31": "", "2011-12-31": "", "2011-09-30": "", "2011-06-30": "", "2011-03-31": "", "2010-12-31": "", "2010-09-30": "", "2010-06-30": "", "2010-03-31": "", "2009-12-31": "", "2009-09-30": "", "2009-06-30": "", "2009-03-31": "", "2008-12-31": "", "2008-09-30": "", "2008-06-30": "", "2008-03-31": "", "2007-12-31": "", "2007-09-30": "", "2007-06-30": "", "2007-03-31": "", "2006-12-31": "", "2006-09-30": "", "2006-06-30": "", "2006-03-31": "", "2005-12-31": "", "2005-09-30": "", "2005-06-30": "", "2005-03-31": ""}, "Total Current Assets": {"2020-12-31": "", "2020-09-30": "3869.47700", "2020-06-30": "4236.38100", "2020-03-31": "3415.36400", "2019-12-31": "2856.33700", "2019-09-30": "2111.25200", "2019-06-30": "1967.32300", "2019-03-31": "2241.82700", "2018-12-31": "2641.37600", "2018-09-30": "2336.32000", "2018-06-30": "1888.45800", "2018-03-31": "2448.29900", "2017-12-31": "3423.78400", "2017-09-30": "3556.55200", "2017-06-30": "3040.18900", "2017-03-31": "3081.41000", "2016-12-31": "2990.36700", "2016-09-30": "2057.19700", "2016-06-30": "2414.54300", "2016-03-31": "2605.49300", "2015-12-31": "2505.77800", "2015-09-30": "2348.19800", "2015-06-30": "2087.70300", "2015-03-31": "2382.85200", "2014-12-31": "2782.33100", "2014-09-30": "3470.31900", "2014-06-30": "3618.18000", "2014-03-31": "3839.18400", "2013-12-31": "2968.81400", "2013-09-30": "2765.55600", "2013-06-30": "2490.33500", "2013-03-31": "2504.50400", "2012-12-31": "2202.37800", "2012-09-30": "2841.28400", "2012-06-30": "2470.71800", "2012-03-31": "2319.93800", "2011-12-31": "1726.45200", "2011-09-30": "2205.13000", "2011-06-30": "2070.86200", "2011-03-31": "1745.31700", "2010-12-31": "1561.13600", "2010-09-30": "2186.14300", "2010-06-30": "2140.79800", "2010-03-31": "2050.72200", "2009-12-31": "2282.95600", "2009-09-30": "1558.39700", "2009-06-30": "1351.62000", "2009-03-31": "1992.92200", "2008-12-31": "1411.09100", "2008-09-30": "1979.93000", "2008-06-30": "1644.14700", "2008-03-31": "1528.17400", "2007-12-31": "1581.99100", "2007-09-30": "1093.64700", "2007-06-30": "1091.71900", "2007-03-31": "1085.61300", "2006-12-31": "1096.99100", "2006-09-30": "1705.14800", "2006-06-30": "602.05700", "2006-03-31": "693.53300", "2005-12-31": "684.54200", "2005-09-30": "760.26200", "2005-06-30": "714.48200", "2005-03-31": "575.09200"}, "Property, Plant, And Equipment": {"2020-12-31": "", "2020-09-30": "9313.06600", "2020-06-30": "9415.31300", "2020-03-31": "9539.40700", "2019-12-31": "9623.83200", "2019-09-30": "9621.26800", "2019-06-30": "9640.70400", "2019-03-31": "9361.91200", "2018-12-31": "9385.92000", "2018-09-30": "9221.02800", "2018-06-30": "9053.92200", "2018-03-31": "8887.84300", "2017-12-31": "8498.75600", "2017-09-30": "8386.84300", "2017-06-30": "8321.77700", "2017-03-31": "8273.75700", "2016-12-31": "8259.63100", "2016-09-30": "8270.04700", "2016-06-30": "7775.24400", "2016-03-31": "7633.43400", "2015-12-31": "7477.47800", "2015-09-30": "7090.44900", "2015-06-30": "6618.49900", "2015-03-31": "6245.53000", "2014-12-31": "5855.84200", "2014-09-30": "5460.97100", "2014-06-30": "5215.72300", "2014-03-31": "5036.43000", "2013-12-31": "4934.44900", "2013-09-30": "4810.37800", "2013-06-30": "4760.88600", "2013-03-31": "4723.08300", "2012-12-31": "4727.89900", "2012-09-30": "4697.69200", "2012-06-30": "4744.57400", "2012-03-31": "4802.37300", "2011-12-31": "4865.33200", "2011-09-30": "4687.02700", "2011-06-30": "4770.45000", "2011-03-31": "4854.12400", "2010-12-31": "4921.25900", "2010-09-30": "4976.27000", "2010-06-30": "5031.78500", "2010-03-31": "5042.19500", "2009-12-31": "5062.05900", "2009-09-30": "5087.16600", "2009-06-30": "5098.56700", "2009-03-31": "5103.98400", "2008-12-31": "5118.64600", "2008-09-30": "4702.98600", "2008-06-30": "4414.49600", "2008-03-31": "4156.65000", "2007-12-31": "3939.97900", "2007-09-30": "3721.27800", "2007-06-30": "3456.38000", "2007-03-31": "3257.36400", "2006-12-31": "3157.62200", "2006-09-30": "3057.03000", "2006-06-30": "2814.00500", "2006-03-31": "2727.00800", "2005-12-31": "2663.87000", "2005-09-30": "2597.90400", "2005-06-30": "2518.00800", "2005-03-31": "2309.43200"}, "Long-Term Investments": {"2020-12-31": "", "2020-09-30": "", "2020-06-30": "", "2020-03-31": "", "2019-12-31": "", "2019-09-30": "", "2019-06-30": "", "2019-03-31": "", "2018-12-31": "", "2018-09-30": "", "2018-06-30": "72.08300", "2018-03-31": "100.49400", "2017-12-31": "160.68200", "2017-09-30": "163.36800", "2017-06-30": "176.43000", "2017-03-31": "164.37100", "2016-12-31": "128.02300", "2016-09-30": "77.54900", "2016-06-30": "92.82100", "2016-03-31": "73.37400", "2015-12-31": "136.98300", "2015-09-30": "126.36000", "2015-06-30": "120.64200", "2015-03-31": "91.79600", "2014-12-31": "14.41600", "2014-09-30": "4.06700", "2014-06-30": "12.61900", "2014-03-31": "40.00700", "2013-12-31": "84.13700", "2013-09-30": "3.94200", "2013-06-30": "4.10500", "2013-03-31": "3.71400", "2012-12-31": "4.27000", "2012-09-30": "4.09400", "2012-06-30": "58.64700", "2012-03-31": "71.95600", "2011-12-31": "4.37600", "2011-09-30": "110.22800", "2011-06-30": "76.89800", "2011-03-31": "3.93400", "2010-12-31": "4.23200", "2010-09-30": "4.04800", "2010-06-30": "4.01100", "2010-03-31": "3.89600", "2009-12-31": "4.10200", "2009-09-30": "3.90400", "2009-06-30": "4.03200", "2009-03-31": "4.06500", "2008-12-31": "4.69600", "2008-09-30": "4.74400", "2008-06-30": "4.95600", "2008-03-31": "5.52000", "2007-12-31": "5.50000", "2007-09-30": "5.17500", "2007-06-30": "5.26200", "2007-03-31": "4.84500", "2006-12-31": "5.98100", "2006-09-30": "5.27100", "2006-06-30": "5.19300", "2006-03-31": "5.39500", "2005-12-31": "5.07000", "2005-09-30": "4.21400", "2005-06-30": "3.75100", "2005-03-31": ""}, "Goodwill And Intangible Assets": {"2020-12-31": "", "2020-09-30": "138.74200", "2020-06-30": "141.29900", "2020-03-31": "143.85700", "2019-12-31": "146.41400", "2019-09-30": "148.97200", "2019-06-30": "133.06600", "2019-03-31": "133.83700", "2018-12-31": "222.50600", "2018-09-30": "223.38200", "2018-06-30": "224.00800", "2018-03-31": "212.38400", "2017-12-31": "123.70500", "2017-09-30": "124.30100", "2017-06-30": "124.89700", "2017-03-31": "112.99300", "2016-12-31": "113.58800", "2016-09-30": "114.18400", "2016-06-30": "114.78000", "2016-03-31": "110.37600", "2015-12-31": "110.97200", "2015-09-30": "111.58000", "2015-06-30": "112.17600", "2015-03-31": "112.77200", "2014-12-31": "112.36700", "2014-09-30": "28.98000", "2014-06-30": "29.57600", "2014-03-31": "30.17200", "2013-12-31": "30.76700", "2013-09-30": "31.14600", "2013-06-30": "29.24300", "2013-03-31": "30.18300", "2012-12-31": "31.29700", "2012-09-30": "32.41000", "2012-06-30": "33.52300", "2012-03-31": "34.63700", "2011-12-31": "35.75100", "2011-09-30": "36.86400", "2011-06-30": "37.97800", "2011-03-31": "39.09100", "2010-12-31": "40.20500", "2010-09-30": "41.31900", "2010-06-30": "42.43100", "2010-03-31": "43.54500", "2009-12-31": "44.65900", "2009-09-30": "45.77300", "2009-06-30": "46.88600", "2009-03-31": "47.99900", "2008-12-31": "49.04900", "2008-09-30": "50.12700", "2008-06-30": "51.24000", "2008-03-31": "52.35400", "2007-12-31": "60.07400", "2007-09-30": "61.45600", "2007-06-30": "62.55100", "2007-03-31": "63.93200", "2006-12-31": "65.13500", "2006-09-30": "68.74900", "2006-06-30": "69.86200", "2006-03-31": "57.63400", "2005-12-31": "60.48000", "2005-09-30": "7.40000", "2005-06-30": "7.40000", "2005-03-31": "7.40000"}, "Other Long-Term Assets": {"2020-12-31": "", "2020-09-30": "239.42900", "2020-06-30": "245.66000", "2020-03-31": "240.75300", "2019-12-31": "229.51700", "2019-09-30": "231.79500", "2019-06-30": "232.96700", "2019-03-31": "243.03100", "2018-12-31": "230.01500", "2018-09-30": "235.44700", "2018-06-30": "220.51900", "2018-03-31": "218.18400", "2017-12-31": "234.27900", "2017-09-30": "196.89000", "2017-06-30": "193.60600", "2017-03-31": "196.99700", "2016-12-31": "461.94800", "2016-09-30": "406.96700", "2016-06-30": "212.96300", "2016-03-31": "223.88300", "2015-12-31": "227.94800", "2015-09-30": "197.53200", "2015-06-30": "258.10400", "2015-03-31": "228.21800", "2014-12-31": "213.49200", "2014-09-30": "152.51100", "2014-06-30": "126.85500", "2014-03-31": "95.74000", "2013-12-31": "290.93700", "2013-09-30": "396.39300", "2013-06-30": "421.61300", "2013-03-31": "206.04200", "2012-12-31": "239.56100", "2012-09-30": "307.08900", "2012-06-30": "119.97000", "2012-03-31": "120.79600", "2011-12-31": "217.21300", "2011-09-30": "336.47200", "2011-06-30": "95.35000", "2011-03-31": "81.64900", "2010-12-31": "85.80200", "2010-09-30": "90.16900", "2010-06-30": "91.38100", "2010-03-31": "91.12800", "2009-12-31": "99.38000", "2009-09-30": "91.86200", "2009-06-30": "79.54200", "2009-03-31": "83.48500", "2008-12-31": "106.42900", "2008-09-30": "165.57900", "2008-06-30": "152.00500", "2008-03-31": "383.83200", "2007-12-31": "628.65100", "2007-09-30": "130.32800", "2007-06-30": "159.06800", "2007-03-31": "211.84500", "2006-12-31": "259.58000", "2006-09-30": "322.34300", "2006-06-30": "522.18300", "2006-03-31": "434.39200", "2005-12-31": "435.70200", "2005-09-30": "473.15100", "2005-06-30": "578.10600", "2005-03-31": "891.11000"}, "Total Long-Term Assets": {"2020-12-31": "", "2020-09-30": "10097.64000", "2020-06-30": "10649.29000", "2020-03-31": "10857.98000", "2019-12-31": "11014.94000", "2019-09-30": "11165.81000", "2019-06-30": "11197.95000", "2019-03-31": "10919.40000", "2018-12-31": "10574.89000", "2018-09-30": "10041.17000", "2018-06-30": "9928.09800", "2018-03-31": "9766.87400", "2017-12-31": "9257.95500", "2017-09-30": "8871.40100", "2017-06-30": "8816.71100", "2017-03-31": "8748.11800", "2016-12-31": "8963.19000", "2016-09-30": "8868.74600", "2016-06-30": "8195.80800", "2016-03-31": "8041.06700", "2015-12-31": "7953.38100", "2015-09-30": "7632.98700", "2015-06-30": "7195.33900", "2015-03-31": "6768.82800", "2014-12-31": "6280.53000", "2014-09-30": "5711.38000", "2014-06-30": "5453.16300", "2014-03-31": "5274.03700", "2013-12-31": "5408.21600", "2013-09-30": "5304.07200", "2013-06-30": "5283.00400", "2013-03-31": "5031.42200", "2012-12-31": "5074.21600", "2012-09-30": "5114.94300", "2012-06-30": "5009.87400", "2012-03-31": "5083.12900", "2011-12-31": "5173.04400", "2011-09-30": "5223.84400", "2011-06-30": "5036.85000", "2011-03-31": "5037.85000", "2010-12-31": "5113.36000", "2010-09-30": "5175.74000", "2010-06-30": "5228.37700", "2010-03-31": "5239.43900", "2009-12-31": "5298.81300", "2009-09-30": "5303.66100", "2009-06-30": "5297.10600", "2009-03-31": "5319.51600", "2008-12-31": "5344.69700", "2008-09-30": "5307.57200", "2008-06-30": "4884.90600", "2008-03-31": "4677.36100", "2007-12-31": "4717.29100", "2007-09-30": "3992.46200", "2007-06-30": "3765.78400", "2007-03-31": "3609.41900", "2006-12-31": "3563.18900", "2006-09-30": "3531.62000", "2006-06-30": "3499.40800", "2006-03-31": "3315.85400", "2005-12-31": "3260.74100", "2005-09-30": "3182.50200", "2005-06-30": "3197.04700", "2005-03-31": "3293.28400"}, "Total Assets": {"2020-12-31": "0.00000", "2020-09-30": "13967.12000", "2020-06-30": "14885.67000", "2020-03-31": "14273.35000", "2019-12-31": "13871.28000", "2019-09-30": "13277.06000", "2019-06-30": "13165.27000", "2019-03-31": "13161.23000", "2018-12-31": "13216.27000", "2018-09-30": "12377.49000", "2018-06-30": "11816.56000", "2018-03-31": "12215.17000", "2017-12-31": "12681.74000", "2017-09-30": "12427.95000", "2017-06-30": "11856.90000", "2017-03-31": "11829.53000", "2016-12-31": "11953.56000", "2016-09-30": "10925.94000", "2016-06-30": "10610.35000", "2016-03-31": "10646.56000", "2015-12-31": "10459.16000", "2015-09-30": "9981.18500", "2015-06-30": "9283.04200", "2015-03-31": "9151.68000", "2014-12-31": "9062.86100", "2014-09-30": "9181.69900", "2014-06-30": "9071.34200", "2014-03-31": "9113.22100", "2013-12-31": "8377.03000", "2013-09-30": "8069.62800", "2013-06-30": "7773.33900", "2013-03-31": "7535.92600", "2012-12-31": "7276.59400", "2012-09-30": "7956.22700", "2012-06-30": "7480.59100", "2012-03-31": "7403.06700", "2011-12-31": "6899.49600", "2011-09-30": "7428.97400", "2011-06-30": "7107.71200", "2011-03-31": "6783.16700", "2010-12-31": "6674.49700", "2010-09-30": "7361.88300", "2010-06-30": "7369.17500", "2010-03-31": "7290.16200", "2009-12-31": "7581.76900", "2009-09-30": "6862.05800", "2009-06-30": "6648.72600", "2009-03-31": "7312.43800", "2008-12-31": "6755.78800", "2008-09-30": "7287.50200", "2008-06-30": "6529.05300", "2008-03-31": "6205.53500", "2007-12-31": "6299.28200", "2007-09-30": "5086.10900", "2007-06-30": "4857.50300", "2007-03-31": "4695.03200", "2006-12-31": "4660.18000", "2006-09-30": "5236.76800", "2006-06-30": "4101.46500", "2006-03-31": "4009.38700", "2005-12-31": "3945.28300", "2005-09-30": "3942.76400", "2005-06-30": "3911.52900", "2005-03-31": "3868.37600"}, "Total Current Liabilities": {"2020-12-31": "", "2020-09-30": "1688.70000", "2020-06-30": "1869.85100", "2020-03-31": "1884.83700", "2019-12-31": "1982.88400", "2019-09-30": "1930.38400", "2019-06-30": "1975.34800", "2019-03-31": "1877.93000", "2018-12-31": "1882.06300", "2018-09-30": "2047.40500", "2018-06-30": "1746.81900", "2018-03-31": "2098.90900", "2017-12-31": "1930.29000", "2017-09-30": "2062.05800", "2017-06-30": "1539.90900", "2017-03-31": "1508.17000", "2016-12-31": "1416.30100", "2016-09-30": "1430.27000", "2016-06-30": "991.93700", "2016-03-31": "970.61600", "2015-12-31": "1110.17100", "2015-09-30": "1113.45300", "2015-06-30": "1227.09000", "2015-03-31": "1247.55200", "2014-12-31": "1308.31800", "2014-09-30": "1344.31200", "2014-06-30": "1285.16500", "2014-03-31": "1255.32500", "2013-12-31": "1455.53400", "2013-09-30": "1627.16200", "2013-06-30": "1368.04400", "2013-03-31": "1234.46600", "2012-12-31": "1131.37700", "2012-09-30": "1205.55700", "2012-06-30": "1337.04800", "2012-03-31": "1348.50900", "2011-12-31": "1579.89300", "2011-09-30": "1325.75700", "2011-06-30": "1158.25100", "2011-03-31": "864.53500", "2010-12-31": "887.92900", "2010-09-30": "742.99200", "2010-06-30": "694.35900", "2010-03-31": "633.89800", "2009-12-31": "725.58500", "2009-09-30": "653.41000", "2009-06-30": "554.11700", "2009-03-31": "604.99400", "2008-12-31": "723.75700", "2008-09-30": "928.77700", "2008-06-30": "886.28100", "2008-03-31": "563.48500", "2007-12-31": "585.18300", "2007-09-30": "596.40500", "2007-06-30": "521.81600", "2007-03-31": "514.96300", "2006-12-31": "511.08700", "2006-09-30": "507.51900", "2006-06-30": "230.68200", "2006-03-31": "241.60600", "2005-12-31": "269.77900", "2005-09-30": "248.04600", "2005-06-30": "287.75500", "2005-03-31": "248.54500"}, "Long Term Debt": {"2020-12-31": "", "2020-09-30": "12562.97000", "2020-06-30": "12477.18000", "2020-03-31": "11133.05000", "2019-12-31": "10079.98000", "2019-09-30": "9421.84500", "2019-06-30": "9095.29300", "2019-03-31": "9133.56300", "2018-12-31": "9411.14000", "2018-09-30": "8695.33500", "2018-06-30": "8133.60200", "2018-03-31": "9234.67900", "2017-12-31": "9565.93600", "2017-09-30": "9771.81500", "2017-06-30": "9806.29600", "2017-03-31": "9812.87600", "2016-12-31": "10125.35000", "2016-09-30": "9440.85600", "2016-06-30": "9457.01600", "2016-03-31": "9408.55500", "2015-12-31": "9149.66500", "2015-09-30": "8748.44900", "2015-06-30": "7985.46300", "2015-03-31": "7850.41300", "2014-12-31": "7361.24900", "2014-09-30": "7372.78700", "2014-06-30": "7341.74200", "2014-03-31": "7376.57700", "2013-12-31": "6633.33700", "2013-09-30": "6048.22800", "2013-06-30": "6072.41100", "2013-03-31": "5857.25300", "2012-12-31": "5857.95600", "2012-09-30": "5871.77400", "2012-06-30": "5382.46100", "2012-03-31": "5431.94900", "2011-12-31": "2913.63900", "2011-09-30": "3036.91800", "2011-06-30": "2995.25600", "2011-03-31": "3163.94500", "2010-12-31": "3264.85400", "2010-09-30": "3176.40800", "2010-06-30": "3231.01300", "2010-03-31": "3279.05500", "2009-12-31": "3566.42800", "2009-09-30": "4188.74700", "2009-06-30": "4124.39000", "2009-03-31": "4753.83500", "2008-12-31": "4290.42400", "2008-09-30": "4914.69100", "2008-06-30": "3896.12000", "2008-03-31": "3661.84800", "2007-12-31": "3539.36800", "2007-09-30": "2406.76800", "2007-06-30": "2482.80400", "2007-03-31": "2327.03600", "2006-12-31": "2392.34600", "2006-09-30": "2375.16200", "2006-06-30": "2294.21100", "2006-03-31": "2194.69600", "2005-12-31": "2110.06400", "2005-09-30": "2117.23400", "2005-06-30": "2041.94900", "2005-03-31": "2001.24100"}, "Other Non-Current Liabilities": {"2020-12-31": "", "2020-09-30": "136.22900", "2020-06-30": "110.05100", "2020-03-31": "106.86200", "2019-12-31": "107.76000", "2019-09-30": "108.98000", "2019-06-30": "92.24800", "2019-03-31": "94.03100", "2018-12-31": "108.27700", "2018-09-30": "94.46800", "2018-06-30": "116.54000", "2018-03-31": "110.19800", "2017-12-31": "107.16300", "2017-09-30": "108.59000", "2017-06-30": "81.95700", "2017-03-31": "87.20300", "2016-12-31": "87.46200", "2016-09-30": "83.15700", "2016-06-30": "123.38700", "2016-03-31": "146.70900", "2015-12-31": "141.12100", "2015-09-30": "143.49600", "2015-06-30": "141.15600", "2015-03-31": "173.36900", "2014-12-31": "152.13100", "2014-09-30": "134.51700", "2014-06-30": "117.62100", "2014-03-31": "117.82400", "2013-12-31": "141.46500", "2013-09-30": "131.87500", "2013-06-30": "125.64700", "2013-03-31": "131.29400", "2012-12-31": "137.83000", "2012-09-30": "122.87800", "2012-06-30": "119.73500", "2012-03-31": "129.64800", "2011-12-31": "128.21600", "2011-09-30": "128.47100", "2011-06-30": "140.40400", "2011-03-31": "61.11800", "2010-12-31": "64.24800", "2010-09-30": "117.01200", "2010-06-30": "125.91000", "2010-03-31": "132.96900", "2009-12-31": "129.39300", "2009-09-30": "124.61100", "2009-06-30": "117.06300", "2009-03-31": "133.07000", "2008-12-31": "131.46100", "2008-09-30": "42.87200", "2008-06-30": "72.50600", "2008-03-31": "76.95300", "2007-12-31": "73.61900", "2007-09-30": "40.12800", "2007-06-30": "40.70400", "2007-03-31": "32.91900", "2006-12-31": "14.09800", "2006-09-30": "16.73700", "2006-06-30": "6.80500", "2006-03-31": "1.05500", "2005-12-31": "2.54500", "2005-09-30": "8.69700", "2005-06-30": "6.04700", "2005-03-31": "3.10000"}, "Total Long Term Liabilities": {"2020-12-31": "", "2020-09-30": "12825.05000", "2020-06-30": "12741.63000", "2020-03-31": "11396.03000", "2019-12-31": "10346.92000", "2019-09-30": "9680.79500", "2019-06-30": "9338.98700", "2019-03-31": "9368.05500", "2018-12-31": "9519.41700", "2018-09-30": "8789.80300", "2018-06-30": "8250.14200", "2018-03-31": "9344.87700", "2017-12-31": "9673.09900", "2017-09-30": "9967.68700", "2017-06-30": "9959.28400", "2017-03-31": "9968.69900", "2016-12-31": "10279.37000", "2016-09-30": "9560.10600", "2016-06-30": "9616.71900", "2016-03-31": "9595.00900", "2015-12-31": "9327.14400", "2015-09-30": "8928.51500", "2015-06-30": "8166.61200", "2015-03-31": "8051.28000", "2014-12-31": "7543.45200", "2014-09-30": "7543.97200", "2014-06-30": "7498.01200", "2014-03-31": "7537.15400", "2013-12-31": "6789.14500", "2013-09-30": "6201.12700", "2013-06-30": "6227.73100", "2013-03-31": "6026.78400", "2012-12-31": "6041.28500", "2012-09-30": "6031.37000", "2012-06-30": "5548.07100", "2012-03-31": "5613.56600", "2011-12-31": "3096.14900", "2011-09-30": "3241.89900", "2011-06-30": "3211.72600", "2011-03-31": "3302.72800", "2010-12-31": "3405.98300", "2010-09-30": "3316.99600", "2010-06-30": "3375.64500", "2010-03-31": "3430.63600", "2009-12-31": "3695.82100", "2009-09-30": "4313.35800", "2009-06-30": "4241.45300", "2009-03-31": "4886.90500", "2008-12-31": "4430.43600", "2008-09-30": "4957.56300", "2008-06-30": "3968.62600", "2008-03-31": "3884.56900", "2007-12-31": "3765.94000", "2007-09-30": "2583.14700", "2007-06-30": "2657.47700", "2007-03-31": "2475.22900", "2006-12-31": "2503.50800", "2006-09-30": "2436.75500", "2006-06-30": "2301.01600", "2006-03-31": "2195.75100", "2005-12-31": "2112.60900", "2005-09-30": "2125.93100", "2005-06-30": "2047.99600", "2005-03-31": "2004.34100"}, "Total Liabilities": {"2020-12-31": "", "2020-09-30": "14513.75000", "2020-06-30": "14611.48000", "2020-03-31": "13280.87000", "2019-12-31": "12329.81000", "2019-09-30": "11611.18000", "2019-06-30": "11314.33000", "2019-03-31": "11245.98000", "2018-12-31": "11401.48000", "2018-09-30": "10837.21000", "2018-06-30": "9996.96100", "2018-03-31": "11443.79000", "2017-12-31": "11603.39000", "2017-09-30": "12029.74000", "2017-06-30": "11499.19000", "2017-03-31": "11476.87000", "2016-12-31": "11695.68000", "2016-09-30": "10990.38000", "2016-06-30": "10608.66000", "2016-03-31": "10565.63000", "2015-12-31": "10437.31000", "2015-09-30": "10041.97000", "2015-06-30": "9393.70200", "2015-03-31": "9298.83200", "2014-12-31": "8851.77000", "2014-09-30": "8888.28400", "2014-06-30": "8783.17700", "2014-03-31": "8792.47900", "2013-12-31": "8244.67900", "2013-09-30": "7828.28900", "2013-06-30": "7595.77500", "2013-03-31": "7261.25000", "2012-12-31": "7172.66200", "2012-09-30": "7236.92700", "2012-06-30": "6885.11900", "2012-03-31": "6962.07500", "2011-12-31": "4676.04200", "2011-09-30": "4567.65600", "2011-06-30": "4369.97700", "2011-03-31": "4167.26300", "2010-12-31": "4293.91200", "2010-09-30": "4059.98800", "2010-06-30": "4070.00400", "2010-03-31": "4064.53400", "2009-12-31": "4421.40600", "2009-09-30": "4966.76800", "2009-06-30": "4795.57000", "2009-03-31": "5491.89900", "2008-12-31": "5154.19300", "2008-09-30": "5886.34000", "2008-06-30": "4854.90700", "2008-03-31": "4448.05400", "2007-12-31": "4351.12300", "2007-09-30": "3179.55200", "2007-06-30": "3179.29300", "2007-03-31": "2990.19200", "2006-12-31": "3014.59500", "2006-09-30": "2944.27400", "2006-06-30": "2531.69800", "2006-03-31": "2437.35700", "2005-12-31": "2382.38800", "2005-09-30": "2373.97700", "2005-06-30": "2335.75100", "2005-03-31": "2252.88600"}, "Common Stock Net": {"2020-12-31": "", "2020-09-30": "1.23400", "2020-06-30": "1.23400", "2020-03-31": "1.23400", "2019-12-31": "1.22800", "2019-09-30": "1.22800", "2019-06-30": "1.22800", "2019-03-31": "1.22600", "2018-12-31": "1.22100", "2018-09-30": "1.22100", "2018-06-30": "1.22000", "2018-03-31": "1.16600", "2017-12-31": "1.16400", "2017-09-30": "1.16100", "2017-06-30": "1.15900", "2017-03-31": "1.15600", "2016-12-31": "1.15000", "2016-09-30": "1.14900", "2016-06-30": "1.14900", "2016-03-31": "1.14900", "2015-12-31": "1.14600", "2015-09-30": "1.14600", "2015-06-30": "1.14600", "2015-03-31": "1.14600", "2014-12-31": "1.14400", "2014-09-30": "1.14300", "2014-06-30": "1.14300", "2014-03-31": "1.14200", "2013-12-31": "1.14200", "2013-09-30": "1.14100", "2013-06-30": "1.14100", "2013-03-31": "1.13800", "2012-12-31": "1.13700", "2012-09-30": "1.13400", "2012-06-30": "1.13400", "2012-03-31": "1.13400", "2011-12-31": "1.37900", "2011-09-30": "1.37800", "2011-06-30": "1.37800", "2011-03-31": "1.37500", "2010-12-31": "1.37400", "2010-09-30": "1.36700", "2010-06-30": "1.36300", "2010-03-31": "1.36100", "2009-12-31": "1.36100", "2009-09-30": "1.35900", "2009-06-30": "1.35900", "2009-03-31": "1.35900", "2008-12-31": "1.24800", "2008-09-30": "1.16800", "2008-06-30": "1.16500", "2008-03-31": "1.16200", "2007-12-31": "1.16200", "2007-09-30": "1.11900", "2007-06-30": "1.02100", "2007-03-31": "1.02000", "2006-12-31": "1.01800", "2006-09-30": "1.01500", "2006-06-30": "1.00700", "2006-03-31": "1.00100", "2005-12-31": "0.99300", "2005-09-30": "0.99300", "2005-06-30": "0.99300", "2005-03-31": "0.99300"}, "Retained Earnings (Accumulated Deficit)": {"2020-12-31": "", "2020-09-30": "-1262.94700", "2020-06-30": "-505.09000", "2020-03-31": "132.26600", "2019-12-31": "641.81800", "2019-09-30": "822.07000", "2019-06-30": "932.90700", "2019-03-31": "945.97200", "2018-12-31": "921.78500", "2018-09-30": "537.77100", "2018-06-30": "462.95000", "2018-03-31": "388.52300", "2017-12-31": "635.06700", "2017-09-30": "194.81400", "2017-06-30": "166.25600", "2017-03-31": "142.44100", "2016-12-31": "95.09700", "2016-09-30": "32.14800", "2016-06-30": "99.37900", "2016-03-31": "79.69700", "2015-12-31": "55.33200", "2015-09-30": "-3.56000", "2015-06-30": "-26.58300", "2015-03-31": "-32.38800", "2014-12-31": "164.48700", "2014-09-30": "308.64100", "2014-06-30": "243.92100", "2014-03-31": "166.66400", "2013-12-31": "66.13000", "2013-09-30": "256.99200", "2013-06-30": "176.08800", "2013-03-31": "147.61200", "2012-12-31": "44.77500", "2012-09-30": "276.56500", "2012-06-30": "214.79100", "2012-03-31": "126.98100", "2011-12-31": "36.36800", "2011-09-30": "307.06100", "2011-06-30": "242.49000", "2011-03-31": "182.84600", "2010-12-31": "9.04200", "2010-09-30": "-105.44100", "2010-06-30": "-41.02000", "2010-03-31": "-62.57100", "2009-12-31": "-89.55900", "2009-09-30": "8.77500", "2009-06-30": "-25.43500", "2009-03-31": "-50.95000", "2008-12-31": "-17.13600", "2008-09-30": "226.96900", "2008-06-30": "175.74900", "2008-03-31": "-96.27500", "2007-12-31": "-143.89900", "2007-09-30": "-187.09700", "2007-06-30": "-231.83700", "2007-03-31": "-321.38700", "2006-12-31": "-377.74700", "2006-09-30": "288.99000", "2006-06-30": "-426.66500", "2006-03-31": "-406.59500", "2005-12-31": "-395.16100", "2005-09-30": "-401.51200", "2005-06-30": "-387.32200", "2005-03-31": "-352.16000"}, "Comprehensive Income": {"2020-12-31": "", "2020-09-30": "-0.89800", "2020-06-30": "-0.90800", "2020-03-31": "-0.94700", "2019-12-31": "-1.67900", "2019-09-30": "-2.70000", "2019-06-30": "-1.98600", "2019-03-31": "-2.59100", "2018-12-31": "-1.95000", "2018-09-30": "-2.08300", "2018-06-30": "-1.93800", "2018-03-31": "-1.87400", "2017-12-31": "-1.84500", "2017-09-30": "-0.67300", "2017-06-30": "-1.06800", "2017-03-31": "0.70900", "2016-12-31": "1.48400", "2016-09-30": "2.02200", "2016-06-30": "2.09700", "2016-03-31": "1.92700", "2015-12-31": "1.09200", "2015-09-30": "1.74300", "2015-06-30": "1.96300", "2015-03-31": "1.95300", "2014-12-31": "2.50500", "2014-09-30": "2.35000", "2014-06-30": "3.11400", "2014-03-31": "2.52800", "2013-12-31": "2.91300", "2013-09-30": "3.07800", "2013-06-30": "2.67800", "2013-03-31": "2.38200", "2012-12-31": "4.17700", "2012-09-30": "3.62500", "2012-06-30": "2.09600", "2012-03-31": "2.30700", "2011-12-31": "0.84000", "2011-09-30": "-2.86700", "2011-06-30": "0.92100", "2011-03-31": "-0.00900", "2010-12-31": "0.88900", "2010-09-30": "2.90000", "2010-06-30": "-0.10000", "2010-03-31": "1.85200", "2009-12-31": "2.44600", "2009-09-30": "2.35400", "2009-06-30": "2.35400", "2009-03-31": "2.62600", "2008-12-31": "2.61400", "2008-09-30": "2.10100", "2008-06-30": "-3.31100", "2008-03-31": "-0.87300", "2007-12-31": "-2.90500", "2007-09-30": "1.98300", "2007-06-30": "-3.99800", "2007-03-31": "-3.73700", "2006-12-31": "-0.09400", "2006-09-30": "-1.21200", "2006-06-30": "-0.22900", "2006-03-31": "", "2005-12-31": "", "2005-09-30": "14.43100", "2005-06-30": "9.48800", "2005-03-31": "16.50500"}, "Other Share Holders Equity": {"2020-12-31": "", "2020-09-30": "", "2020-06-30": "", "2020-03-31": "", "2019-12-31": "", "2019-09-30": "", "2019-06-30": "", "2019-03-31": "", "2018-12-31": "", "2018-09-30": "", "2018-06-30": "", "2018-03-31": "", "2017-12-31": "", "2017-09-30": "", "2017-06-30": "", "2017-03-31": "", "2016-12-31": "", "2016-09-30": "", "2016-06-30": "", "2016-03-31": "", "2015-12-31": "", "2015-09-30": "", "2015-06-30": "", "2015-03-31": "", "2014-12-31": "", "2014-09-30": "", "2014-06-30": "", "2014-03-31": "", "2013-12-31": "", "2013-09-30": "", "2013-06-30": "", "2013-03-31": "", "2012-12-31": "", "2012-09-30": "", "2012-06-30": "", "2012-03-31": "", "2011-12-31": "", "2011-09-30": "", "2011-06-30": "", "2011-03-31": "", "2010-12-31": "", "2010-09-30": "", "2010-06-30": "", "2010-03-31": "", "2009-12-31": "", "2009-09-30": "", "2009-06-30": "", "2009-03-31": "", "2008-12-31": "", "2008-09-30": "", "2008-06-30": "", "2008-03-31": "", "2007-12-31": "", "2007-09-30": "", "2007-06-30": "", "2007-03-31": "", "2006-12-31": "", "2006-09-30": "", "2006-06-30": "", "2006-03-31": "", "2005-12-31": "", "2005-09-30": "", "2005-06-30": "", "2005-03-31": ""}, "Share Holder Equity": {"2020-12-31": "", "2020-09-30": "-546.63100", "2020-06-30": "274.19800", "2020-03-31": "992.48000", "2019-12-31": "1541.47200", "2019-09-30": "1665.87900", "2019-06-30": "1850.93900", "2019-03-31": "1915.24300", "2018-12-31": "1814.78900", "2018-09-30": "1540.28300", "2018-06-30": "1819.59500", "2018-03-31": "771.38800", "2017-12-31": "1078.35000", "2017-09-30": "398.21000", "2017-06-30": "357.70600", "2017-03-31": "352.65900", "2016-12-31": "257.88100", "2016-09-30": "-64.43200", "2016-06-30": "1.69500", "2016-03-31": "80.93500", "2015-12-31": "21.84500", "2015-09-30": "-60.78200", "2015-06-30": "-110.66000", "2015-03-31": "-147.15200", "2014-12-31": "211.09100", "2014-09-30": "293.41500", "2014-06-30": "288.16500", "2014-03-31": "320.74200", "2013-12-31": "132.35100", "2013-09-30": "241.33900", "2013-06-30": "177.56400", "2013-03-31": "274.67600", "2012-12-31": "103.93200", "2012-09-30": "719.30000", "2012-06-30": "595.47200", "2012-03-31": "440.99200", "2011-12-31": "2223.45400", "2011-09-30": "2861.31800", "2011-06-30": "2737.73500", "2011-03-31": "2615.90400", "2010-12-31": "2380.58500", "2010-09-30": "3301.89500", "2010-06-30": "3299.17100", "2010-03-31": "3225.62800", "2009-12-31": "3160.36300", "2009-09-30": "1895.29000", "2009-06-30": "1853.15600", "2009-03-31": "1820.53900", "2008-12-31": "1601.59500", "2008-09-30": "1401.16200", "2008-06-30": "1674.14600", "2008-03-31": "1757.48100", "2007-12-31": "1948.15900", "2007-09-30": "1906.55700", "2007-06-30": "1678.21000", "2007-03-31": "1704.84000", "2006-12-31": "1645.58500", "2006-09-30": "2292.49400", "2006-06-30": "1569.76700", "2006-03-31": "1572.03000", "2005-12-31": "1562.89500", "2005-09-30": "1568.78700", "2005-06-30": "1575.77800", "2005-03-31": "1615.49000"}, "Total Liabilities And Share Holders Equity": {"2020-12-31": "", "2020-09-30": "13967.12000", "2020-06-30": "14885.67000", "2020-03-31": "14273.35000", "2019-12-31": "13871.28000", "2019-09-30": "13277.06000", "2019-06-30": "13165.27000", "2019-03-31": "13161.23000", "2018-12-31": "13216.27000", "2018-09-30": "12377.49000", "2018-06-30": "11816.56000", "2018-03-31": "12215.17000", "2017-12-31": "12681.74000", "2017-09-30": "12427.95000", "2017-06-30": "11856.90000", "2017-03-31": "11829.53000", "2016-12-31": "11953.56000", "2016-09-30": "10925.94000", "2016-06-30": "10610.35000", "2016-03-31": "10646.56000", "2015-12-31": "10459.16000", "2015-09-30": "9981.18500", "2015-06-30": "9283.04200", "2015-03-31": "9151.68000", "2014-12-31": "9062.86100", "2014-09-30": "9181.69900", "2014-06-30": "9071.34200", "2014-03-31": "9113.22100", "2013-12-31": "8377.03000", "2013-09-30": "8069.62800", "2013-06-30": "7773.33900", "2013-03-31": "7535.92600", "2012-12-31": "7276.59400", "2012-09-30": "7956.22700", "2012-06-30": "7480.59100", "2012-03-31": "7403.06700", "2011-12-31": "6899.49600", "2011-09-30": "7428.97400", "2011-06-30": "7107.71200", "2011-03-31": "6783.16700", "2010-12-31": "6674.49700", "2010-09-30": "7361.88300", "2010-06-30": "7369.17500", "2010-03-31": "7290.16200", "2009-12-31": "7581.76900", "2009-09-30": "6862.05800", "2009-06-30": "6648.72600", "2009-03-31": "7312.43800", "2008-12-31": "6755.78800", "2008-09-30": "7287.50200", "2008-06-30": "6529.05300", "2008-03-31": "6205.53500", "2007-12-31": "6299.28200", "2007-09-30": "5086.10900", "2007-06-30": "4857.50300", "2007-03-31": "4695.03200", "2006-12-31": "4660.18000", "2006-09-30": "5236.76800", "2006-06-30": "4101.46500", "2006-03-31": "4009.38700", "2005-12-31": "3945.28300", "2005-09-30": "3942.76400", "2005-06-30": "3911.52900", "2005-03-31": "3868.37600"}}, "cash flow statement": {"Net Income/Loss": {"2020-12-31": "0.00000", "2019-12-31": "311.37800", "2018-12-31": "803.08400", "2017-12-31": "889.25400", "2016-12-31": "302.46900", "2015-12-31": "281.52400", "2014-12-31": "962.64400", "2013-12-31": "1004.15700", "2012-12-31": "728.69900", "2011-12-31": "825.11300", "2010-12-31": "316.59600", "2009-12-31": "39.10700", "2008-12-31": "210.47900", "2007-12-31": "196.33600", "2006-12-31": "628.72800", "2005-12-31": "-90.83600"}, "Total Depreciation And Amortization - Cash Flow": {"2020-12-31": "", "2019-12-31": "653.83200", "2018-12-31": "587.51300", "2017-12-31": "577.38100", "2016-12-31": "429.05600", "2015-12-31": "342.41400", "2014-12-31": "350.76800", "2013-12-31": "392.50400", "2012-12-31": "397.16400", "2011-12-31": "417.72200", "2010-12-31": "429.90000", "2009-12-31": "436.70700", "2008-12-31": "285.16400", "2007-12-31": "242.37000", "2006-12-31": "198.88300", "2005-12-31": "117.38900"}, "Other Non-Cash Items": {"2020-12-31": "", "2019-12-31": "257.24700", "2018-12-31": "-321.87100", "2017-12-31": "-113.47400", "2016-12-31": "35.16600", "2015-12-31": "140.53800", "2014-12-31": "45.61700", "2013-12-31": "66.76300", "2012-12-31": "90.80200", "2011-12-31": "139.86400", "2010-12-31": "137.26200", "2009-12-31": "2.79600", "2008-12-31": "17.31400", "2007-12-31": "244.36800", "2006-12-31": "-655.74800", "2005-12-31": "33.84800"}, "Total Non-Cash Items": {"2020-12-31": "", "2019-12-31": "911.07900", "2018-12-31": "265.64200", "2017-12-31": "463.90700", "2016-12-31": "464.22200", "2015-12-31": "482.95200", "2014-12-31": "396.38500", "2013-12-31": "459.26700", "2012-12-31": "487.96600", "2011-12-31": "557.58600", "2010-12-31": "567.16200", "2009-12-31": "439.50300", "2008-12-31": "302.47800", "2007-12-31": "486.73800", "2006-12-31": "-456.86500", "2005-12-31": "151.23700"}, "Change In Accounts Receivable": {"2020-12-31": "", "2019-12-31": "-86.71200", "2018-12-31": "-59.15700", "2017-12-31": "0.82900", "2016-12-31": "-39.27200", "2015-12-31": "47.01100", "2014-12-31": "0.03800", "2013-12-31": "-14.87500", "2012-12-31": "-21.01900", "2011-12-31": "-84.65300", "2010-12-31": "-63.07300", "2009-12-31": "-41.41600", "2008-12-31": "4.62100", "2007-12-31": "-75.02900", "2006-12-31": "-72.92700", "2005-12-31": "-104.41800"}, "Change In Inventories": {"2020-12-31": "", "2019-12-31": "-37.90700", "2018-12-31": "-5.21200", "2017-12-31": "-4.37200", "2016-12-31": "-36.64200", "2015-12-31": "-23.61300", "2014-12-31": "-6.91700", "2013-12-31": "-17.74900", "2012-12-31": "3.64400", "2011-12-31": "11.16800", "2010-12-31": "22.16900", "2009-12-31": "3.26500", "2008-12-31": "-49.41700", "2007-12-31": "-7.56500", "2006-12-31": "-21.26100", "2005-12-31": "-58.93400"}, "Change In Accounts Payable": {"2020-12-31": "", "2019-12-31": "", "2018-12-31": "", "2017-12-31": "", "2016-12-31": "", "2015-12-31": "", "2014-12-31": "", "2013-12-31": "", "2012-12-31": "", "2011-12-31": "", "2010-12-31": "", "2009-12-31": "", "2008-12-31": "", "2007-12-31": "", "2006-12-31": "", "2005-12-31": ""}, "Change In Assets/Liabilities": {"2020-12-31": "", "2019-12-31": "-134.85800", "2018-12-31": "-92.39500", "2017-12-31": "456.00500", "2016-12-31": "162.78400", "2015-12-31": "-107.44800", "2014-12-31": "-151.00600", "2013-12-31": "145.61500", "2012-12-31": "-32.35300", "2011-12-31": "-14.15100", "2010-12-31": "0.88000", "2009-12-31": "2.25800", "2008-12-31": "31.48500", "2007-12-31": "6.00100", "2006-12-31": "-1.19600", "2005-12-31": "-8.15200"}, "Total Change In Assets/Liabilities": {"2020-12-31": "", "2019-12-31": "-321.38700", "2018-12-31": "-107.23700", "2017-12-31": "523.41600", "2016-12-31": "203.85500", "2015-12-31": "-191.66300", "2014-12-31": "-260.71200", "2013-12-31": "213.21800", "2012-12-31": "-30.94700", "2011-12-31": "133.13600", "2010-12-31": "173.55400", "2009-12-31": "115.34600", "2008-12-31": "10.22600", "2007-12-31": "-22.50000", "2006-12-31": "68.90300", "2005-12-31": "-11.92600"}, "Cash Flow From Operating Activities": {"2020-12-31": "", "2019-12-31": "901.07000", "2018-12-31": "961.48900", "2017-12-31": "1876.57700", "2016-12-31": "970.54600", "2015-12-31": "572.81300", "2014-12-31": "1098.31700", "2013-12-31": "1676.64200", "2012-12-31": "1185.71800", "2011-12-31": "1515.83500", "2010-12-31": "1057.31200", "2009-12-31": "593.95600", "2008-12-31": "523.18300", "2007-12-31": "660.57400", "2006-12-31": "240.76600", "2005-12-31": "48.47500"}, "Net Change In Property, Plant, And Equipment": {"2020-12-31": "", "2019-12-31": "-1062.59800", "2018-12-31": "-1421.75900", "2017-12-31": "-915.10000", "2016-12-31": "-1222.07100", "2015-12-31": "-1921.24000", "2014-12-31": "-1188.54400", "2013-12-31": "-494.18200", "2012-12-31": "-240.25500", "2011-12-31": "-183.44900", "2010-12-31": "-283.82800", "2009-12-31": "-539.82200", "2008-12-31": "-1326.46200", "2007-12-31": "-987.19100", "2006-12-31": "-643.36000", "2005-12-31": "-876.96500"}, "Net Change In Intangible Assets": {"2020-12-31": "", "2019-12-31": "-6.00000", "2018-12-31": "-126.41400", "2017-12-31": "-13.57100", "2016-12-31": "-14.98500", "2015-12-31": "-3.91200", "2014-12-31": "-124.58300", "2013-12-31": "-5.94500", "2012-12-31": "", "2011-12-31": "", "2010-12-31": "", "2009-12-31": "-11.25800", "2008-12-31": "-43.58900", "2007-12-31": "-43.21600", "2006-12-31": "839.95300", "2005-12-31": "-40.18100"}, "Net Acquisitions/Divestitures": {"2020-12-31": "", "2019-12-31": "", "2018-12-31": "", "2017-12-31": "", "2016-12-31": "", "2015-12-31": "", "2014-12-31": "", "2013-12-31": "", "2012-12-31": "", "2011-12-31": "", "2010-12-31": "", "2009-12-31": "", "2008-12-31": "", "2007-12-31": "", "2006-12-31": "", "2005-12-31": ""}, "Net Change In Short-term Investments": {"2020-12-31": "", "2019-12-31": "", "2018-12-31": "", "2017-12-31": "", "2016-12-31": "", "2015-12-31": "", "2014-12-31": "", "2013-12-31": "", "2012-12-31": "", "2011-12-31": "", "2010-12-31": "", "2009-12-31": "", "2008-12-31": "", "2007-12-31": "", "2006-12-31": "", "2005-12-31": ""}, "Net Change In Long-Term Investments": {"2020-12-31": "", "2019-12-31": "", "2018-12-31": "325.36300", "2017-12-31": "-28.96200", "2016-12-31": "-51.19400", "2015-12-31": "-3.66000", "2014-12-31": "-0.16800", "2013-12-31": "-76.74400", "2012-12-31": "32.60600", "2011-12-31": "-215.51600", "2010-12-31": "", "2009-12-31": "", "2008-12-31": "", "2007-12-31": "", "2006-12-31": "", "2005-12-31": "-3.73900"}, "Net Change In Investments - Total": {"2020-12-31": "", "2019-12-31": "", "2018-12-31": "325.36300", "2017-12-31": "-28.96200", "2016-12-31": "-51.19400", "2015-12-31": "-3.66000", "2014-12-31": "-0.16800", "2013-12-31": "-76.74400", "2012-12-31": "32.60600", "2011-12-31": "-215.51600", "2010-12-31": "", "2009-12-31": "", "2008-12-31": "", "2007-12-31": "", "2006-12-31": "", "2005-12-31": "-3.73900"}, "Investing Activities - Other": {"2020-12-31": "", "2019-12-31": "", "2018-12-31": "", "2017-12-31": "", "2016-12-31": "", "2015-12-31": "37.25400", "2014-12-31": "198.94300", "2013-12-31": "-100.70900", "2012-12-31": "-137.20500", "2011-12-31": "-60.13500", "2010-12-31": "-12.29500", "2009-12-31": "", "2008-12-31": "31.05200", "2007-12-31": "206.33400", "2006-12-31": "205.21600", "2005-12-31": "499.76500"}, "Cash Flow From Investing Activities": {"2020-12-31": "", "2019-12-31": "-1068.59800", "2018-12-31": "-1222.81000", "2017-12-31": "-957.63300", "2016-12-31": "-1288.25000", "2015-12-31": "-1891.55800", "2014-12-31": "-1114.35200", "2013-12-31": "-677.58000", "2012-12-31": "-344.85400", "2011-12-31": "-459.10000", "2010-12-31": "-296.12300", "2009-12-31": "-551.08000", "2008-12-31": "-1338.99900", "2007-12-31": "-824.07300", "2006-12-31": "401.80900", "2005-12-31": "-421.12000"}, "Net Long-Term Debt": {"2020-12-31": "", "2019-12-31": "963.69020", "2018-12-31": "-243.34200", "2017-12-31": "-529.85500", "2016-12-31": "1013.62800", "2015-12-31": "1917.80800", "2014-12-31": "728.93100", "2013-12-31": "768.55300", "2012-12-31": "612.34690", "2011-12-31": "-51.41800", "2010-12-31": "-305.20000", "2009-12-31": "-703.37190", "2008-12-31": "773.95700", "2007-12-31": "1368.25500", "2006-12-31": "297.01900", "2005-12-31": "496.27700"}, "Net Current Debt": {"2020-12-31": "", "2019-12-31": "", "2018-12-31": "", "2017-12-31": "", "2016-12-31": "", "2015-12-31": "", "2014-12-31": "", "2013-12-31": "", "2012-12-31": "", "2011-12-31": "", "2010-12-31": "", "2009-12-31": "", "2008-12-31": "", "2007-12-31": "", "2006-12-31": "", "2005-12-31": ""}, "Debt Issuance/Retirement Net - Total": {"2020-12-31": "", "2019-12-31": "963.69020", "2018-12-31": "-243.34200", "2017-12-31": "-529.85500", "2016-12-31": "1013.62800", "2015-12-31": "1917.80800", "2014-12-31": "728.93100", "2013-12-31": "768.55300", "2012-12-31": "612.34690", "2011-12-31": "-51.41800", "2010-12-31": "-305.20000", "2009-12-31": "-703.37190", "2008-12-31": "773.95700", "2007-12-31": "1368.25500", "2006-12-31": "297.01900", "2005-12-31": "496.27700"}, "Net Common Equity Issued/Repurchased": {"2020-12-31": "", "2019-12-31": "-57.67400", "2018-12-31": "771.43500", "2017-12-31": "44.04600", "2016-12-31": "-18.11000", "2015-12-31": "-8.56400", "2014-12-31": "7.71600", "2013-12-31": "4.96400", "2012-12-31": "14.67200", "2011-12-31": "16.23000", "2010-12-31": "66.18600", "2009-12-31": "2078.14500", "2008-12-31": "-93.03000", "2007-12-31": "-6.04000", "2006-12-31": "21.79000", "2005-12-31": "1.40400"}, "Net Total Equity Issued/Repurchased": {"2020-12-31": "", "2019-12-31": "-57.67400", "2018-12-31": "771.43500", "2017-12-31": "44.04600", "2016-12-31": "-18.11000", "2015-12-31": "-8.56400", "2014-12-31": "7.71600", "2013-12-31": "4.96400", "2012-12-31": "14.67200", "2011-12-31": "16.23000", "2010-12-31": "66.18600", "2009-12-31": "2078.14500", "2008-12-31": "-93.03000", "2007-12-31": "-6.04000", "2006-12-31": "21.79000", "2005-12-31": "1.40400"}, "Total Common And Preferred Stock Dividends Paid": {"2020-12-31": "", "2019-12-31": "-574.26600", "2018-12-31": "-875.15300", "2017-12-31": "-332.19600", "2016-12-31": "-325.25000", "2015-12-31": "-499.10700", "2014-12-31": "-942.92800", "2013-12-31": "-1034.98600", "2012-12-31": "-955.49300", "2011-12-31": "-1033.44700", "2010-12-31": "-1192.13800", "2009-12-31": "-489.87600", "2008-12-31": "", "2007-12-31": "-683.29900", "2006-12-31": "-608.29900", "2005-12-31": ""}, "Financial Activities - Other": {"2020-12-31": "", "2019-12-31": "-32.73800", "2018-12-31": "22.80300", "2017-12-31": "63.65000", "2016-12-31": "212.36100", "2015-12-31": "-193.87900", "2014-12-31": "-29.34400", "2013-12-31": "-29.67400", "2012-12-31": "-54.00500", "2011-12-31": "10.99400", "2010-12-31": "-61.48400", "2009-12-31": "-69.38200", "2008-12-31": "-13.35500", "2007-12-31": "-27.04500", "2006-12-31": "2.03300", "2005-12-31": "-21.00800"}, "Cash Flow From Financial Activities": {"2020-12-31": "", "2019-12-31": "299.01200", "2018-12-31": "-324.25700", "2017-12-31": "-754.35500", "2016-12-31": "882.62900", "2015-12-31": "1216.25800", "2014-12-31": "-235.62500", "2013-12-31": "-291.14300", "2012-12-31": "-382.47900", "2011-12-31": "-1057.64100", "2010-12-31": "-1492.63600", "2009-12-31": "815.51500", "2008-12-31": "667.57200", "2007-12-31": "651.87100", "2006-12-31": "-287.45700", "2005-12-31": "476.67300"}, "Net Cash Flow": {"2020-12-31": "", "2019-12-31": "138.96900", "2018-12-31": "-587.31100", "2017-12-31": "160.68900", "2016-12-31": "563.79600", "2015-12-31": "-102.07500", "2014-12-31": "-252.87700", "2013-12-31": "709.82200", "2012-12-31": "462.63200", "2011-12-31": "4.08800", "2010-12-31": "-733.33100", "2009-12-31": "857.92600", "2008-12-31": "-141.21600", "2007-12-31": "485.71300", "2006-12-31": "355.11800", "2005-12-31": "104.02800"}, "Stock-Based Compensation": {"2020-12-31": "", "2019-12-31": "40.37200", "2018-12-31": "35.04000", "2017-12-31": "43.97100", "2016-12-31": "43.72200", "2015-12-31": "38.47500", "2014-12-31": "39.19600", "2013-12-31": "39.53700", "2012-12-31": "19.64800", "2011-12-31": "23.88100", "2010-12-31": "27.16800", "2009-12-31": "24.33600", "2008-12-31": "20.32800", "2007-12-31": "18.52700", "2006-12-31": "16.71200", "2005-12-31": "4.67600"}, "Common Stock Dividends Paid": {"2020-12-31": "", "2019-12-31": "-574.26600", "2018-12-31": "-875.15300", "2017-12-31": "-332.19600", "2016-12-31": "-325.25000", "2015-12-31": "-499.10700", "2014-12-31": "-942.92800", "2013-12-31": "-1034.98600", "2012-12-31": "-955.49300", "2011-12-31": "-1033.44700", "2010-12-31": "-1192.13800", "2009-12-31": "-489.87600", "2008-12-31": "0.00000", "2007-12-31": "-683.29900", "2006-12-31": "-608.29900", "2005-12-31": ""}}, "cash flow statement, quarterly": {"Net Income/Loss": {"2020-12-31": 2016.655, "2020-09-30": -831.533, "2020-06-30": -734.869, "2020-03-31": "-450.25300", "2019-12-31": -17.47, "2019-09-30": 26.883, "2019-06-30": 142.234, "2019-03-31": "159.73100", "2018-12-31": 515.51, "2018-09-30": 219.772, "2018-06-30": 205.28, "2018-03-31": "-137.47800", "2017-12-31": 543.964, "2017-09-30": 105.97, "2017-06-30": 106.795, "2017-03-31": "132.52500", "2016-12-31": 126.566, "2016-09-30": -19.331, "2016-06-30": 89.442, "2016-03-31": "105.79200", "2015-12-31": 104.794, "2015-09-30": 113.429, "2015-06-30": 77.203, "2015-03-31": "-13.90200", "2014-12-31": 148.193, "2014-09-30": 253.006, "2014-06-30": 258.402, "2014-03-31": "303.04300", "2013-12-31": 290.486, "2013-09-30": 248.811, "2013-06-30": 192.716, "2013-03-31": "272.14400", "2012-12-31": 165.826, "2012-09-30": 165.171, "2012-06-30": 199.293, "2012-03-31": "198.40900", "2011-12-31": 258.262, "2011-09-30": 185.185, "2011-06-30": 155.331, "2011-03-31": "226.33500", "2010-12-31": 171.874, "2010-09-30": -2.054, "2010-06-30": 88.917, "2010-03-31": "57.85900", "2009-12-31": 13.232, "2009-09-30": 34.21, "2009-06-30": 25.479, "2009-03-31": "-33.81400", "2008-12-31": -159.567, "2008-09-30": 51.199, "2008-06-30": 272.13, "2008-03-31": "46.71700", "2007-12-31": 3.641, "2007-09-30": 44.74, "2007-06-30": 89.55, "2007-03-31": "58.40500", "2006-12-31": -55.423, "2006-09-30": 715.655, "2006-06-30": -20.07, "2006-03-31": "-11.43400", "2005-12-31": -9.885, "2005-09-30": -9.247, "2005-06-30": -41.777, "2005-03-31": "-29.92700"}, "Total Depreciation And Amortization - Cash Flow": {"2020-12-31": -563.268, "2020-09-30": 191.101, "2020-06-30": 186.477, "2020-03-31": "185.69000", "2019-12-31": 181.837, "2019-09-30": 180.307, "2019-06-30": 147.537, "2019-03-31": "144.15100", "2018-12-31": 150.587, "2018-09-30": 145.09, "2018-06-30": 146.118, "2018-03-31": "145.71800", "2017-12-31": 143.351, "2017-09-30": 144.179, "2017-06-30": 143.831, "2017-03-31": "146.02000", "2016-12-31": 146.753, "2016-09-30": 112.7, "2016-06-30": 85.524, "2016-03-31": "84.07900", "2015-12-31": 84.409, "2015-09-30": 81.978, "2015-06-30": 86.646, "2015-03-31": "89.38100", "2014-12-31": 96.306, "2014-09-30": 87.643, "2014-06-30": 83.712, "2014-03-31": "83.10700", "2013-12-31": 100.131, "2013-09-30": 98.531, "2013-06-30": 96.704, "2013-03-31": "97.13800", "2012-12-31": 98.188, "2012-09-30": 100.398, "2012-06-30": 99.286, "2012-03-31": "99.29200", "2011-12-31": 98.785, "2011-09-30": 106.037, "2011-06-30": 108.208, "2011-03-31": "104.69200", "2010-12-31": 105.345, "2010-09-30": 106.646, "2010-06-30": 107.635, "2010-03-31": "110.27400", "2009-12-31": 109.927, "2009-09-30": 107.376, "2009-06-30": 109.783, "2009-03-31": "109.62100", "2008-12-31": 77.414, "2008-09-30": 70.283, "2008-06-30": 69.253, "2008-03-31": "68.21400", "2007-12-31": 67.435, "2007-09-30": 61.326, "2007-06-30": 58.035, "2007-03-31": "55.57400", "2006-12-31": 57.939, "2006-09-30": 51.151, "2006-06-30": 44.176, "2006-03-31": "45.61700", "2005-12-31": 43.547, "2005-09-30": 37.626, "2005-06-30": 30.679, "2005-03-31": "5.53700"}, "Other Non-Cash Items": {"2020-12-31": -712.912, "2020-09-30": 436.544, "2020-06-30": 138.134, "2020-03-31": "138.23400", "2019-12-31": 156.578, "2019-09-30": 64.666, "2019-06-30": 9.677, "2019-03-31": "26.32600", "2018-12-31": -331.916, "2018-09-30": 16.516, "2018-06-30": 7.597, "2018-03-31": "-14.06800", "2017-12-31": -324.727, "2017-09-30": 118.175, "2017-06-30": 63.18, "2017-03-31": "29.89800", "2016-12-31": -33.047, "2016-09-30": 30.677, "2016-06-30": 15.042, "2016-03-31": "22.49400", "2015-12-31": -8.845, "2015-09-30": -20.36, "2015-06-30": 32.485, "2015-03-31": "137.25800", "2014-12-31": 9.495, "2014-09-30": 18.275, "2014-06-30": 5.925, "2014-03-31": "11.92200", "2013-12-31": 18.093, "2013-09-30": 10.202, "2013-06-30": 33.991, "2013-03-31": "4.47700", "2012-12-31": 40.035, "2012-09-30": 32.618, "2012-06-30": -14.019, "2012-03-31": "32.16800", "2011-12-31": 6.292, "2011-09-30": 20.11, "2011-06-30": 92.084, "2011-03-31": "21.37800", "2010-12-31": 21.429, "2010-09-30": 78.256, "2010-06-30": 17.068, "2010-03-31": "20.50900", "2009-12-31": -2.106, "2009-09-30": 2.877, "2009-06-30": 9.006, "2009-03-31": "-6.98100", "2008-12-31": 82.859, "2008-09-30": 27.526, "2008-06-30": -126.504, "2008-03-31": "33.43300", "2007-12-31": 103.917, "2007-09-30": 45.2, "2007-06-30": 44.919, "2007-03-31": "50.33200", "2006-12-31": 161.217, "2006-09-30": -838.544, "2006-06-30": 10.107, "2006-03-31": "11.47200", "2005-12-31": 14.094, "2005-09-30": 8.748, "2005-06-30": 9.762, "2005-03-31": "1.24400"}, "Total Non-Cash Items": {"2020-12-31": -1276.18, "2020-09-30": 627.645, "2020-06-30": 324.611, "2020-03-31": "323.92400", "2019-12-31": 338.415, "2019-09-30": 244.973, "2019-06-30": 157.214, "2019-03-31": "170.47700", "2018-12-31": -181.329, "2018-09-30": 161.606, "2018-06-30": 153.715, "2018-03-31": "131.65000", "2017-12-31": -181.376, "2017-09-30": 262.354, "2017-06-30": 207.011, "2017-03-31": "175.91800", "2016-12-31": 113.706, "2016-09-30": 143.377, "2016-06-30": 100.566, "2016-03-31": "106.57300", "2015-12-31": 75.564, "2015-09-30": 61.618, "2015-06-30": 119.131, "2015-03-31": "226.63900", "2014-12-31": 105.801, "2014-09-30": 105.918, "2014-06-30": 89.637, "2014-03-31": "95.02900", "2013-12-31": 118.224, "2013-09-30": 108.733, "2013-06-30": 130.695, "2013-03-31": "101.61500", "2012-12-31": 138.223, "2012-09-30": 133.016, "2012-06-30": 85.267, "2012-03-31": "131.46000", "2011-12-31": 105.077, "2011-09-30": 126.147, "2011-06-30": 200.292, "2011-03-31": "126.07000", "2010-12-31": 126.774, "2010-09-30": 184.902, "2010-06-30": 124.703, "2010-03-31": "130.78300", "2009-12-31": 107.821, "2009-09-30": 110.253, "2009-06-30": 118.789, "2009-03-31": "102.64000", "2008-12-31": 160.273, "2008-09-30": 97.809, "2008-06-30": -57.251, "2008-03-31": "101.64700", "2007-12-31": 171.352, "2007-09-30": 106.526, "2007-06-30": 102.954, "2007-03-31": "105.90600", "2006-12-31": 219.156, "2006-09-30": -787.393, "2006-06-30": 54.283, "2006-03-31": "57.08900", "2005-12-31": 57.641, "2005-09-30": 46.374, "2005-06-30": 40.441, "2005-03-31": "6.78100"}, "Change In Accounts Receivable": {"2020-12-31": -105.879, "2020-09-30": 105.918, "2020-06-30": 56.245, "2020-03-31": "-56.28400", "2019-12-31": -63.666, "2019-09-30": 2.919, "2019-06-30": -37.053, "2019-03-31": "11.08800", "2018-12-31": -48.119, "2018-09-30": -5.398, "2018-06-30": -0.471, "2018-03-31": "-5.16900", "2017-12-31": 2.027, "2017-09-30": -29.867, "2017-06-30": -8.374, "2017-03-31": "37.04300", "2016-12-31": -48.735, "2016-09-30": -7.648, "2016-06-30": 18.414, "2016-03-31": "-1.30300", "2015-12-31": 26.895, "2015-09-30": 60.43, "2015-06-30": 18.518, "2015-03-31": "-58.83200", "2014-12-31": -36.083, "2014-09-30": 7.628, "2014-06-30": 14.552, "2014-03-31": "13.94100", "2013-12-31": -30.453, "2013-09-30": -20.516, "2013-06-30": 48.225, "2013-03-31": "-12.13100", "2012-12-31": -37.915, "2012-09-30": -2.87, "2012-06-30": 21.807, "2012-03-31": "-2.04100", "2011-12-31": -63.405, "2011-09-30": -13.978, "2011-06-30": 2.294, "2011-03-31": "-9.56400", "2010-12-31": -59.813, "2010-09-30": 15.486, "2010-06-30": -6.698, "2010-03-31": "-12.04800", "2009-12-31": -31.376, "2009-09-30": -8.853, "2009-06-30": -0.508, "2009-03-31": "-0.67900", "2008-12-31": 13.275, "2008-09-30": -21.286, "2008-06-30": 1.227, "2008-03-31": "11.40500", "2007-12-31": -53.35, "2007-09-30": -19.06, "2007-06-30": -9.904, "2007-03-31": "7.28500", "2006-12-31": -48.041, "2006-09-30": -41.007, "2006-06-30": -2.885, "2006-03-31": "19.00600", "2005-12-31": -38.548, "2005-09-30": -1.954, "2005-06-30": -63.341, "2005-03-31": "-0.57500"}, "Change In Inventories": {"2020-12-31": -15.923, "2020-09-30": 0.344, "2020-06-30": 10.444, "2020-03-31": "5.13500", "2019-12-31": -20.527, "2019-09-30": 25.638, "2019-06-30": -29.079, "2019-03-31": "-13.93900", "2018-12-31": -6.357, "2018-09-30": 3.481, "2018-06-30": 5.156, "2018-03-31": "-7.49200", "2017-12-31": 15.215, "2017-09-30": -18.673, "2017-06-30": -1.596, "2017-03-31": "0.68200", "2016-12-31": 0.459, "2016-09-30": -17.762, "2016-06-30": -5.53, "2016-03-31": "-13.80900", "2015-12-31": -23.613, "2015-09-30": -5.141, "2015-06-30": 6.295, "2015-03-31": "-1.15400", "2014-12-31": -2.587, "2014-09-30": -1.499, "2014-06-30": -4.296, "2014-03-31": "1.46500", "2013-12-31": -6.133, "2013-09-30": -2.615, "2013-06-30": -1.097, "2013-03-31": "-7.90400", "2012-12-31": -1.572, "2012-09-30": 2.216, "2012-06-30": 3, "2012-03-31": "", "2011-12-31": 0.87, "2011-09-30": 1.301, "2011-06-30": 5.966, "2011-03-31": "3.03100", "2010-12-31": 7.258, "2010-09-30": 2.377, "2010-06-30": 10.692, "2010-03-31": "1.84200", "2009-12-31": -11.536, "2009-09-30": 2.976, "2009-06-30": 7.942, "2009-03-31": "3.88300", "2008-12-31": -24.616, "2008-09-30": -14.467, "2008-06-30": -2.995, "2008-03-31": "-7.33900", "2007-12-31": -4.711, "2007-09-30": 4.484, "2007-06-30": -5.237, "2007-03-31": "-2.10100", "2006-12-31": -4.578, "2006-09-30": -5.136, "2006-06-30": -3.196, "2006-03-31": "-8.35100", "2005-12-31": -9.36, "2005-09-30": -18.141, "2005-06-30": -25.632, "2005-03-31": "-5.80100"}, "Change In Accounts Payable": {"2020-12-31": 0, "2020-09-30": 0, "2020-06-30": 0, "2020-03-31": "", "2019-12-31": 0, "2019-09-30": 0, "2019-06-30": 0, "2019-03-31": "", "2018-12-31": 0, "2018-09-30": 0, "2018-06-30": 0, "2018-03-31": "", "2017-12-31": 0, "2017-09-30": 0, "2017-06-30": 0, "2017-03-31": "", "2016-12-31": 0, "2016-09-30": 0, "2016-06-30": 0, "2016-03-31": "", "2015-12-31": 0, "2015-09-30": 0, "2015-06-30": 0, "2015-03-31": "", "2014-12-31": 0, "2014-09-30": 0, "2014-06-30": 0, "2014-03-31": "", "2013-12-31": 0, "2013-09-30": 0, "2013-06-30": 0, "2013-03-31": "", "2012-12-31": 0, "2012-09-30": 0, "2012-06-30": 0, "2012-03-31": "", "2011-12-31": 0, "2011-09-30": 0, "2011-06-30": 0, "2011-03-31": "", "2010-12-31": 0, "2010-09-30": 0, "2010-06-30": 0, "2010-03-31": "", "2009-12-31": 0, "2009-09-30": 0, "2009-06-30": 0, "2009-03-31": "", "2008-12-31": 0, "2008-09-30": 0, "2008-06-30": 0, "2008-03-31": "", "2007-12-31": 0, "2007-09-30": 0, "2007-06-30": 0, "2007-03-31": "", "2006-12-31": 0, "2006-09-30": 0, "2006-06-30": 0, "2006-03-31": "", "2005-12-31": 0, "2005-09-30": 0, "2005-06-30": 0, "2005-03-31": ""}, "Change In Assets/Liabilities": {"2020-12-31": -45.852, "2020-09-30": -66.115, "2020-06-30": 40.231, "2020-03-31": "71.73600", "2019-12-31": -137.213, "2019-09-30": 62.265, "2019-06-30": -22.512, "2019-03-31": "-37.39800", "2018-12-31": 120.064, "2018-09-30": -5.73, "2018-06-30": -197.595, "2018-03-31": "-9.13400", "2017-12-31": 166.043, "2017-09-30": 107.796, "2017-06-30": 46.377, "2017-03-31": "135.78900", "2016-12-31": 68.147, "2016-09-30": 107.239, "2016-06-30": -7.539, "2016-03-31": "-5.06300", "2015-12-31": 10.36, "2015-09-30": -81.774, "2015-06-30": 3.622, "2015-03-31": "-39.65600", "2014-12-31": -84.907, "2014-09-30": 19.222, "2014-06-30": 108.769, "2014-03-31": "-194.09000", "2013-12-31": -46.976, "2013-09-30": 9.413, "2013-06-30": 97.741, "2013-03-31": "85.43700", "2012-12-31": -27.423, "2012-09-30": 0, "2012-06-30": -1.276, "2012-03-31": "-3.65400", "2011-12-31": -2.668, "2011-09-30": -4.118, "2011-06-30": -3.135, "2011-03-31": "-4.23000", "2010-12-31": -4.749, "2010-09-30": 0.352, "2010-06-30": 1.675, "2010-03-31": "3.60200", "2009-12-31": 1.27, "2009-09-30": 5.344, "2009-06-30": -3.261, "2009-03-31": "-1.09500", "2008-12-31": 36.604, "2008-09-30": 3.588, "2008-06-30": -23.919, "2008-03-31": "15.21200", "2007-12-31": 3.653, "2007-09-30": 4.207, "2007-06-30": -2.334, "2007-03-31": "0.47500", "2006-12-31": 0.639, "2006-09-30": 8.756, "2006-06-30": -4.246, "2006-03-31": "-6.34500", "2005-12-31": -0.119, "2005-09-30": -6.146, "2005-06-30": 5.813, "2005-03-31": "-7.70000"}, "Total Change In Assets/Liabilities": {"2020-12-31": 40.604, "2020-09-30": 30.796, "2020-06-30": -21.229, "2020-03-31": "-50.17100", "2019-12-31": -199.76, "2019-09-30": -1.415, "2019-06-30": -53.862, "2019-03-31": "-66.35000", "2018-12-31": 129.419, "2018-09-30": 63.209, "2018-06-30": -252.047, "2018-03-31": "-47.81800", "2017-12-31": 236.484, "2017-09-30": 105.629, "2017-06-30": 75.162, "2017-03-31": "106.14100", "2016-12-31": 49.431, "2016-09-30": 186.851, "2016-06-30": 64.565, "2016-03-31": "-96.99200", "2015-12-31": 46.947, "2015-09-30": -15.869, "2015-06-30": 5.009, "2015-03-31": "-227.75000", "2014-12-31": -129.805, "2014-09-30": 37.111, "2014-06-30": 20.832, "2014-03-31": "-188.85000", "2013-12-31": -13.402, "2013-09-30": 12.984, "2013-06-30": 166.525, "2013-03-31": "47.11100", "2012-12-31": -107.567, "2012-09-30": 30.227, "2012-06-30": 37.772, "2012-03-31": "8.62100", "2011-12-31": 3.444, "2011-09-30": 6.722, "2011-06-30": 152.196, "2011-03-31": "-29.22600", "2010-12-31": 97.531, "2010-09-30": 55.695, "2010-06-30": 67.874, "2010-03-31": "-47.54600", "2009-12-31": 25.731, "2009-09-30": 131.046, "2009-06-30": -33.326, "2009-03-31": "-8.10500", "2008-12-31": 33.702, "2008-09-30": 0.967, "2008-06-30": -14.421, "2008-03-31": "-10.02200", "2007-12-31": -56.716, "2007-09-30": 53.85, "2007-06-30": -30.737, "2007-03-31": "11.10300", "2006-12-31": -93.129, "2006-09-30": 200.442, "2006-06-30": -26.087, "2006-03-31": "-12.32300", "2005-12-31": -11.962, "2005-09-30": -6.123, "2005-06-30": -11.095, "2005-03-31": "17.25400"}, "Cash Flow From Operating Activities": {"2020-12-31": 781.079, "2020-09-30": -173.092, "2020-06-30": -431.487, "2020-03-31": "-176.50000", "2019-12-31": 121.185, "2019-09-30": 270.441, "2019-06-30": 245.586, "2019-03-31": "263.85800", "2018-12-31": 463.6, "2018-09-30": 444.587, "2018-06-30": 106.948, "2018-03-31": "-53.64600", "2017-12-31": 599.072, "2017-09-30": 473.953, "2017-06-30": 388.968, "2017-03-31": "414.58400", "2016-12-31": 289.703, "2016-09-30": 310.897, "2016-06-30": 254.573, "2016-03-31": "115.37300", "2015-12-31": 227.305, "2015-09-30": 159.178, "2015-06-30": 201.343, "2015-03-31": "-15.01300", "2014-12-31": 124.189, "2014-09-30": 396.035, "2014-06-30": 368.871, "2014-03-31": "209.22200", "2013-12-31": 395.308, "2013-09-30": 370.528, "2013-06-30": 489.936, "2013-03-31": "420.87000", "2012-12-31": 196.482, "2012-09-30": 328.414, "2012-06-30": 322.332, "2012-03-31": "338.49000", "2011-12-31": 366.783, "2011-09-30": 318.054, "2011-06-30": 507.819, "2011-03-31": "323.17900", "2010-12-31": 396.179, "2010-09-30": 238.543, "2010-06-30": 281.494, "2010-03-31": "141.09600", "2009-12-31": 146.784, "2009-09-30": 275.509, "2009-06-30": 110.942, "2009-03-31": "60.72100", "2008-12-31": 34.408, "2008-09-30": 149.975, "2008-06-30": 200.458, "2008-03-31": "138.34200", "2007-12-31": 118.277, "2007-09-30": 205.116, "2007-06-30": 161.767, "2007-03-31": "175.41400", "2006-12-31": 70.604, "2006-09-30": 128.704, "2006-06-30": 8.126, "2006-03-31": "33.33200", "2005-12-31": 35.794, "2005-09-30": 31.004, "2005-06-30": -12.431, "2005-03-31": "-5.89200"}, "Net Change In Property, Plant, And Equipment": {"2020-12-31": 261.093, "2020-09-30": -73.144, "2020-06-30": -50.795, "2020-03-31": "-137.15400", "2019-12-31": -184.263, "2019-09-30": -242.774, "2019-06-30": -325.686, "2019-03-31": "-309.87500", "2018-12-31": -267.504, "2018-09-30": -313.744, "2018-06-30": -325.975, "2018-03-31": "-514.53600", "2017-12-31": -285.121, "2017-09-30": -257.618, "2017-06-30": -246.927, "2017-03-31": "-125.43400", "2016-12-31": -271.291, "2016-09-30": -404.414, "2016-06-30": -274.353, "2016-03-31": "-272.01300", "2015-12-31": -499.483, "2015-09-30": -458.019, "2015-06-30": -445.107, "2015-03-31": "-518.63100", "2014-12-31": -485.804, "2014-09-30": -287.157, "2014-06-30": -240.528, "2014-03-31": "-175.05500", "2013-12-31": -169.354, "2013-09-30": -135.106, "2013-06-30": -130.925, "2013-03-31": "-58.79700", "2012-12-31": -72.491, "2012-09-30": -52.423, "2012-06-30": -80.146, "2012-03-31": "-35.19500", "2011-12-31": -97.955, "2011-09-30": -34.31, "2011-06-30": -18.89, "2011-03-31": "-32.29400", "2010-12-31": -54.888, "2010-09-30": -40.95, "2010-06-30": -98.927, "2010-03-31": "-89.06300", "2009-12-31": -109.662, "2009-09-30": -123.842, "2009-06-30": -122.603, "2009-03-31": "-183.71500", "2008-12-31": -383.055, "2008-09-30": -336.995, "2008-06-30": -323.022, "2008-03-31": "-283.39000", "2007-12-31": -283.09, "2007-09-30": -324.539, "2007-06-30": -233.155, "2007-03-31": "-146.40700", "2006-12-31": -186.619, "2006-09-30": -231.157, "2006-06-30": -110.171, "2006-03-31": "-115.41300", "2005-12-31": -139.12, "2005-09-30": -178.476, "2005-06-30": -267.423, "2005-03-31": "-291.94600"}, "Net Change In Intangible Assets": {"2020-12-31": 0, "2020-09-30": 0, "2020-06-30": 0, "2020-03-31": "0.00000", "2019-12-31": 0, "2019-09-30": -5, "2019-06-30": 0, "2019-03-31": "-1.00000", "2018-12-31": -24.026, "2018-09-30": -0.911, "2018-06-30": -69.437, "2018-03-31": "-32.04000", "2017-12-31": -0.163, "2017-09-30": -0.247, "2017-06-30": -12.697, "2017-03-31": "-0.46400", "2016-12-31": -2.869, "2016-09-30": -4.023, "2016-06-30": -6.899, "2016-03-31": "-1.19400", "2015-12-31": -0.241, "2015-09-30": -0.03, "2015-06-30": -2.419, "2015-03-31": "-1.22200", "2014-12-31": -124.583, "2014-09-30": 0, "2014-06-30": 5.172, "2014-03-31": "-5.17200", "2013-12-31": -5.945, "2013-09-30": 0, "2013-06-30": 0, "2013-03-31": "", "2012-12-31": 3.753, "2012-09-30": -3.753, "2012-06-30": 0, "2012-03-31": "", "2011-12-31": 34.848, "2011-09-30": -13.489, "2011-06-30": -16.915, "2011-03-31": "-4.44400", "2010-12-31": 11.422, "2010-09-30": -11.422, "2010-06-30": 0, "2010-03-31": "", "2009-12-31": -11.258, "2009-09-30": 0, "2009-06-30": 0, "2009-03-31": "", "2008-12-31": -43.589, "2008-09-30": 0, "2008-06-30": 10.221, "2008-03-31": "-10.22100", "2007-12-31": -43.216, "2007-09-30": 0, "2007-06-30": 39.235, "2007-03-31": "-39.23500", "2006-12-31": 2.491, "2006-09-30": 910.989, "2006-06-30": -62.471, "2006-03-31": "-11.05600", "2005-12-31": -16.648, "2005-09-30": -23.533, "2005-06-30": 0, "2005-03-31": ""}, "Net Acquisitions/Divestitures": {"2020-12-31": 0, "2020-09-30": 0, "2020-06-30": 0, "2020-03-31": "", "2019-12-31": 0, "2019-09-30": 0, "2019-06-30": 0, "2019-03-31": "", "2018-12-31": 0, "2018-09-30": 0, "2018-06-30": 0, "2018-03-31": "", "2017-12-31": 0, "2017-09-30": 0, "2017-06-30": 0, "2017-03-31": "", "2016-12-31": 0, "2016-09-30": 0, "2016-06-30": 0, "2016-03-31": "", "2015-12-31": 0, "2015-09-30": 0, "2015-06-30": 0, "2015-03-31": "", "2014-12-31": 0, "2014-09-30": 0, "2014-06-30": 0, "2014-03-31": "", "2013-12-31": 0, "2013-09-30": 0, "2013-06-30": 0, "2013-03-31": "", "2012-12-31": 0, "2012-09-30": 0, "2012-06-30": 0, "2012-03-31": "", "2011-12-31": 0, "2011-09-30": 0, "2011-06-30": 0, "2011-03-31": "", "2010-12-31": 0, "2010-09-30": 0, "2010-06-30": 0, "2010-03-31": "", "2009-12-31": 0, "2009-09-30": 0, "2009-06-30": 0, "2009-03-31": "", "2008-12-31": 0, "2008-09-30": 0, "2008-06-30": 0, "2008-03-31": "", "2007-12-31": 0, "2007-09-30": 0, "2007-06-30": 0, "2007-03-31": "", "2006-12-31": 0, "2006-09-30": 0, "2006-06-30": 0, "2006-03-31": "", "2005-12-31": 0, "2005-09-30": 0, "2005-06-30": 0, "2005-03-31": ""}, "Net Change In Short-term Investments": {"2020-12-31": 0, "2020-09-30": 0, "2020-06-30": 0, "2020-03-31": "", "2019-12-31": 0, "2019-09-30": 0, "2019-06-30": 0, "2019-03-31": "", "2018-12-31": 0, "2018-09-30": 0, "2018-06-30": 0, "2018-03-31": "", "2017-12-31": 0, "2017-09-30": 0, "2017-06-30": 0, "2017-03-31": "", "2016-12-31": 0, "2016-09-30": 0, "2016-06-30": 0, "2016-03-31": "", "2015-12-31": 0, "2015-09-30": 0, "2015-06-30": 0, "2015-03-31": "", "2014-12-31": 0, "2014-09-30": 0, "2014-06-30": 0, "2014-03-31": "", "2013-12-31": 0, "2013-09-30": 0, "2013-06-30": 0, "2013-03-31": "", "2012-12-31": 0, "2012-09-30": 0, "2012-06-30": 0, "2012-03-31": "", "2011-12-31": 0, "2011-09-30": 0, "2011-06-30": 0, "2011-03-31": "", "2010-12-31": 0, "2010-09-30": 0, "2010-06-30": 0, "2010-03-31": "", "2009-12-31": 0, "2009-09-30": 0, "2009-06-30": 0, "2009-03-31": "", "2008-12-31": 0, "2008-09-30": 0, "2008-06-30": 0, "2008-03-31": "", "2007-12-31": 0, "2007-09-30": 0, "2007-06-30": 0, "2007-03-31": "", "2006-12-31": 0, "2006-09-30": 0, "2006-06-30": 0, "2006-03-31": "", "2005-12-31": 0, "2005-09-30": 0, "2005-06-30": 0, "2005-03-31": ""}, "Net Change In Long-Term Investments": {"2020-12-31": 0, "2020-09-30": 0, "2020-06-30": 0, "2020-03-31": "", "2019-12-31": 0, "2019-09-30": 0, "2019-06-30": 0, "2019-03-31": "", "2018-12-31": 0, "2018-09-30": 131.793, "2018-06-30": 55.2, "2018-03-31": "138.37000", "2017-12-31": -9.19, "2017-09-30": -8.008, "2017-06-30": -15.207, "2017-03-31": "3.44300", "2016-12-31": 1.138, "2016-09-30": -1.02, "2016-06-30": -51.798, "2016-03-31": "0.48600", "2015-12-31": -3.163, "2015-09-30": -3.377, "2015-06-30": 4.624, "2015-03-31": "-1.74400", "2014-12-31": -0.733, "2014-09-30": -0.847, "2014-06-30": 3.052, "2014-03-31": "-1.64000", "2013-12-31": 0.387, "2013-09-30": -28.803, "2013-06-30": -88.522, "2013-03-31": "40.19400", "2012-12-31": 212.219, "2012-09-30": -118.213, "2012-06-30": -86.133, "2012-03-31": "24.73300", "2011-12-31": -253.228, "2011-09-30": 209.701, "2011-06-30": -171.989, "2011-03-31": "", "2010-12-31": 0, "2010-09-30": 0, "2010-06-30": 0, "2010-03-31": "", "2009-12-31": 0, "2009-09-30": 0, "2009-06-30": 0, "2009-03-31": "", "2008-12-31": 0, "2008-09-30": 0, "2008-06-30": 0, "2008-03-31": "", "2007-12-31": 0, "2007-09-30": 0, "2007-06-30": 0, "2007-03-31": "", "2006-12-31": 0, "2006-09-30": 0, "2006-06-30": 0, "2006-03-31": "", "2005-12-31": -0.239, "2005-09-30": 0, "2005-06-30": -3.5, "2005-03-31": ""}, "Net Change In Investments - Total": {"2020-12-31": 0, "2020-09-30": 0, "2020-06-30": 0, "2020-03-31": "", "2019-12-31": 0, "2019-09-30": 0, "2019-06-30": 0, "2019-03-31": "", "2018-12-31": 0, "2018-09-30": 131.793, "2018-06-30": 55.2, "2018-03-31": "138.37000", "2017-12-31": -9.19, "2017-09-30": -8.008, "2017-06-30": -15.207, "2017-03-31": "3.44300", "2016-12-31": 1.138, "2016-09-30": -1.02, "2016-06-30": -51.798, "2016-03-31": "0.48600", "2015-12-31": -3.163, "2015-09-30": -3.377, "2015-06-30": 4.624, "2015-03-31": "-1.74400", "2014-12-31": -0.733, "2014-09-30": -0.847, "2014-06-30": 3.052, "2014-03-31": "-1.64000", "2013-12-31": 0.387, "2013-09-30": -28.803, "2013-06-30": -88.522, "2013-03-31": "40.19400", "2012-12-31": 212.219, "2012-09-30": -118.213, "2012-06-30": -86.133, "2012-03-31": "24.73300", "2011-12-31": -253.228, "2011-09-30": 209.701, "2011-06-30": -171.989, "2011-03-31": "", "2010-12-31": 0, "2010-09-30": 0, "2010-06-30": 0, "2010-03-31": "", "2009-12-31": 0, "2009-09-30": 0, "2009-06-30": 0, "2009-03-31": "", "2008-12-31": 0, "2008-09-30": 0, "2008-06-30": 0, "2008-03-31": "", "2007-12-31": 0, "2007-09-30": 0, "2007-06-30": 0, "2007-03-31": "", "2006-12-31": 0, "2006-09-30": 0, "2006-06-30": 0, "2006-03-31": "", "2005-12-31": -0.239, "2005-09-30": 0, "2005-06-30": -3.5, "2005-03-31": ""}, "Investing Activities - Other": {"2020-12-31": -3.733, "2020-09-30": 3.733, "2020-06-30": 0, "2020-03-31": "", "2019-12-31": -0.592, "2019-09-30": 0.592, "2019-06-30": 0, "2019-03-31": "", "2018-12-31": -2.387, "2018-09-30": 2.387, "2018-06-30": -0.093, "2018-03-31": "0.09300", "2017-12-31": 0, "2017-09-30": 0, "2017-06-30": 0, "2017-03-31": "", "2016-12-31": 0, "2016-09-30": 0, "2016-06-30": 0, "2016-03-31": "", "2015-12-31": 37.254, "2015-09-30": 0, "2015-06-30": 0, "2015-03-31": "", "2014-12-31": 62.258, "2014-09-30": -23.298, "2014-06-30": -39.822, "2014-03-31": "199.80500", "2013-12-31": -12.09, "2013-09-30": -201.563, "2013-06-30": 79.512, "2013-03-31": "33.43200", "2012-12-31": -137.205, "2012-09-30": 3.234, "2012-06-30": -1.669, "2012-03-31": "-1.56500", "2011-12-31": 221.493, "2011-09-30": -281.628, "2011-06-30": 0, "2011-03-31": "", "2010-12-31": -12.295, "2010-09-30": 9.377, "2010-06-30": -8.983, "2010-03-31": "-0.39400", "2009-12-31": 2.797, "2009-09-30": -7.267, "2009-06-30": 8.519, "2009-03-31": "-4.04900", "2008-12-31": 71.424, "2008-09-30": -14.243, "2008-06-30": -25.859, "2008-03-31": "-0.27000", "2007-12-31": 52.954, "2007-09-30": 13.715, "2007-06-30": 47.175, "2007-03-31": "92.49000", "2006-12-31": 86.401, "2006-09-30": 130.809, "2006-06-30": -46.441, "2006-03-31": "34.44700", "2005-12-31": -5.694, "2005-09-30": 175.639, "2005-06-30": 364.99, "2005-03-31": "-35.17000"}, "Cash Flow From Investing Activities": {"2020-12-31": 257.36, "2020-09-30": -69.411, "2020-06-30": -50.795, "2020-03-31": "-137.15400", "2019-12-31": -184.855, "2019-09-30": -247.182, "2019-06-30": -325.686, "2019-03-31": "-310.87500", "2018-12-31": -293.917, "2018-09-30": -180.475, "2018-06-30": -340.305, "2018-03-31": "-408.11300", "2017-12-31": -294.474, "2017-09-30": -265.873, "2017-06-30": -274.831, "2017-03-31": "-122.45500", "2016-12-31": -273.022, "2016-09-30": -409.457, "2016-06-30": -333.05, "2016-03-31": "-272.72100", "2015-12-31": -465.633, "2015-09-30": -461.426, "2015-06-30": -442.902, "2015-03-31": "-521.59700", "2014-12-31": -548.862, "2014-09-30": -311.302, "2014-06-30": -272.126, "2014-03-31": "17.93800", "2013-12-31": -187.002, "2013-09-30": -365.472, "2013-06-30": -139.935, "2013-03-31": "14.82900", "2012-12-31": 6.276, "2012-09-30": -171.155, "2012-06-30": -167.948, "2012-03-31": "-12.02700", "2011-12-31": -94.842, "2011-09-30": -119.726, "2011-06-30": -207.794, "2011-03-31": "-36.73800", "2010-12-31": -55.761, "2010-09-30": -42.995, "2010-06-30": -107.91, "2010-03-31": "-89.45700", "2009-12-31": -118.123, "2009-09-30": -131.109, "2009-06-30": -114.084, "2009-03-31": "-187.76400", "2008-12-31": -355.22, "2008-09-30": -351.238, "2008-06-30": -338.66, "2008-03-31": "-293.88100", "2007-12-31": -273.352, "2007-09-30": -310.824, "2007-06-30": -146.745, "2007-03-31": "-93.15200", "2006-12-31": -97.727, "2006-09-30": 810.641, "2006-06-30": -219.083, "2006-03-31": "-92.02200", "2005-12-31": -161.701, "2005-09-30": -26.37, "2005-06-30": 94.067, "2005-03-31": "-327.11600"}, "Net Long-Term Debt": {"2020-12-31": -2376.574, "2020-09-30": 10.049, "2020-06-30": 1412.728, "2020-03-31": "953.79700", "2019-12-31": 858.021, "2019-09-30": 384.7722, "2019-06-30": -28.6, "2019-03-31": "-250.50300", "2018-12-31": 498.5789, "2018-09-30": 613.2601, "2018-06-30": -1051.7409, "2018-03-31": "-303.44010", "2017-12-31": -543.524, "2017-09-30": 343.574, "2017-06-30": 1.254, "2017-03-31": "-331.15900", "2016-12-31": 764.498, "2016-09-30": -40.698, "2016-06-30": 39.163, "2016-03-31": "250.66500", "2015-12-31": 485.583, "2015-09-30": 729.211, "2015-06-30": 64.3289, "2015-03-31": "638.68510", "2014-12-31": -12.607, "2014-09-30": 32.494, "2014-06-30": -34.835, "2014-03-31": "743.87900", "2013-12-31": 360.251, "2013-09-30": 197.491, "2013-06-30": 211.161, "2013-03-31": "-0.35000", "2012-12-31": -14.1432, "2012-09-30": 323.9251, "2012-06-30": -38.557, "2012-03-31": "341.12200", "2011-12-31": 112.492, "2011-09-30": -41.906, "2011-06-30": -21.024, "2011-03-31": "-100.98000", "2010-12-31": 89.203, "2010-09-30": -60.409, "2010-06-30": -47.128, "2010-03-31": "-286.86600", "2009-12-31": -619.173, "2009-09-30": 61.0001, "2009-06-30": -616.129, "2009-03-31": "470.93000", "2008-12-31": -597.198, "2008-09-30": 1015.344, "2008-06-30": 234.746, "2008-03-31": "121.06500", "2007-12-31": 1135.264, "2007-09-30": 145.765, "2007-06-30": 157.484, "2007-03-31": "-70.25800", "2006-12-31": 6.714, "2006-09-30": 80.455, "2006-06-30": 110.787, "2006-03-31": "99.06300", "2005-12-31": 7.546, "2005-09-30": 75.121, "2005-06-30": 45.109, "2005-03-31": "368.50100"}, "Net Current Debt": {"2020-12-31": 0, "2020-09-30": 0, "2020-06-30": 0, "2020-03-31": "", "2019-12-31": 0, "2019-09-30": 0, "2019-06-30": 0, "2019-03-31": "", "2018-12-31": 0, "2018-09-30": 0, "2018-06-30": 0, "2018-03-31": "", "2017-12-31": 0, "2017-09-30": 0, "2017-06-30": 0, "2017-03-31": "", "2016-12-31": 0, "2016-09-30": 0, "2016-06-30": 0, "2016-03-31": "", "2015-12-31": 0, "2015-09-30": 0, "2015-06-30": 0, "2015-03-31": "", "2014-12-31": 0, "2014-09-30": 0, "2014-06-30": 0, "2014-03-31": "", "2013-12-31": 243.038, "2013-09-30": -243.038, "2013-06-30": 0, "2013-03-31": "", "2012-12-31": 0, "2012-09-30": 0, "2012-06-30": 0, "2012-03-31": "", "2011-12-31": 0, "2011-09-30": 0, "2011-06-30": 0, "2011-03-31": "", "2010-12-31": 0, "2010-09-30": 0, "2010-06-30": 0, "2010-03-31": "", "2009-12-31": 0, "2009-09-30": 0, "2009-06-30": 0, "2009-03-31": "", "2008-12-31": 0, "2008-09-30": 0, "2008-06-30": 0, "2008-03-31": "", "2007-12-31": 0, "2007-09-30": 0, "2007-06-30": 0, "2007-03-31": "", "2006-12-31": 0, "2006-09-30": 0, "2006-06-30": 0, "2006-03-31": "", "2005-12-31": 0, "2005-09-30": 0, "2005-06-30": 0, "2005-03-31": ""}, "Debt Issuance/Retirement Net - Total": {"2020-12-31": -2376.574, "2020-09-30": 10.049, "2020-06-30": 1412.728, "2020-03-31": "953.79700", "2019-12-31": 858.021, "2019-09-30": 384.7722, "2019-06-30": -28.6, "2019-03-31": "-250.50300", "2018-12-31": 498.5789, "2018-09-30": 613.2601, "2018-06-30": -1051.7409, "2018-03-31": "-303.44010", "2017-12-31": -543.524, "2017-09-30": 343.574, "2017-06-30": 1.254, "2017-03-31": "-331.15900", "2016-12-31": 764.498, "2016-09-30": -40.698, "2016-06-30": 39.163, "2016-03-31": "250.66500", "2015-12-31": 485.583, "2015-09-30": 729.211, "2015-06-30": 64.3289, "2015-03-31": "638.68510", "2014-12-31": -12.607, "2014-09-30": 32.494, "2014-06-30": -34.835, "2014-03-31": "743.87900", "2013-12-31": 603.289, "2013-09-30": -45.547, "2013-06-30": 211.161, "2013-03-31": "-0.35000", "2012-12-31": -14.1432, "2012-09-30": 323.9251, "2012-06-30": -38.557, "2012-03-31": "341.12200", "2011-12-31": 112.492, "2011-09-30": -41.906, "2011-06-30": -21.024, "2011-03-31": "-100.98000", "2010-12-31": 89.203, "2010-09-30": -60.409, "2010-06-30": -47.128, "2010-03-31": "-286.86600", "2009-12-31": -619.173, "2009-09-30": 61.0001, "2009-06-30": -616.129, "2009-03-31": "470.93000", "2008-12-31": -597.198, "2008-09-30": 1015.344, "2008-06-30": 234.746, "2008-03-31": "121.06500", "2007-12-31": 1135.264, "2007-09-30": 145.765, "2007-06-30": 157.484, "2007-03-31": "-70.25800", "2006-12-31": 6.714, "2006-09-30": 80.455, "2006-06-30": 110.787, "2006-03-31": "99.06300", "2005-12-31": 7.546, "2005-09-30": 75.121, "2005-06-30": 45.109, "2005-03-31": "368.50100"}, "Net Common Equity Issued/Repurchased": {"2020-12-31": 9.467, "2020-09-30": -1.1, "2020-06-30": -2.91, "2020-03-31": "-5.45700", "2019-12-31": -6.665, "2019-09-30": -27.922, "2019-06-30": -21.75, "2019-03-31": "-1.33700", "2018-12-31": -161.26, "2018-09-30": 7.409, "2018-06-30": 920.957, "2018-03-31": "4.32900", "2017-12-31": 3.882, "2017-09-30": 22.106, "2017-06-30": 26.547, "2017-03-31": "-8.48900", "2016-12-31": -4.239, "2016-09-30": -0.001, "2016-06-30": -6.554, "2016-03-31": "-7.31600", "2015-12-31": -1.134, "2015-09-30": 0.252, "2015-06-30": -0.665, "2015-03-31": "-7.01700", "2014-12-31": 3.293, "2014-09-30": -0.003, "2014-06-30": 4.135, "2014-03-31": "0.29100", "2013-12-31": 1.371, "2013-09-30": 245.356, "2013-06-30": -240.262, "2013-03-31": "-1.50100", "2012-12-31": 14.356, "2012-09-30": 0.251, "2012-06-30": -0.166, "2012-03-31": "0.23100", "2011-12-31": 2.06, "2011-09-30": -2.946, "2011-06-30": 14.862, "2011-03-31": "2.25400", "2010-12-31": 34.705, "2010-09-30": 21.27, "2010-06-30": 9.389, "2010-03-31": "0.82200", "2009-12-31": 1874.238, "2009-09-30": 0.87, "2009-06-30": 0.867, "2009-03-31": "202.17000", "2008-12-31": 344.259, "2008-09-30": -434.356, "2008-06-30": 0.088, "2008-03-31": "-3.02100", "2007-12-31": 165.668, "2007-09-30": -52.577, "2007-06-30": -120.996, "2007-03-31": "1.86500", "2006-12-31": 15.836, "2006-09-30": 1.166, "2006-06-30": 2.423, "2006-03-31": "2.36500", "2005-12-31": -0.368, "2005-09-30": 0.707, "2005-06-30": 0.531, "2005-03-31": "0.53400"}, "Net Total Equity Issued/Repurchased": {"2020-12-31": 9.467, "2020-09-30": -1.1, "2020-06-30": -2.91, "2020-03-31": "-5.45700", "2019-12-31": -6.665, "2019-09-30": -27.922, "2019-06-30": -21.75, "2019-03-31": "-1.33700", "2018-12-31": -161.26, "2018-09-30": 7.409, "2018-06-30": 920.957, "2018-03-31": "4.32900", "2017-12-31": 3.882, "2017-09-30": 22.106, "2017-06-30": 26.547, "2017-03-31": "-8.48900", "2016-12-31": -4.239, "2016-09-30": -0.001, "2016-06-30": -6.554, "2016-03-31": "-7.31600", "2015-12-31": -1.134, "2015-09-30": 0.252, "2015-06-30": -0.665, "2015-03-31": "-7.01700", "2014-12-31": 3.293, "2014-09-30": -0.003, "2014-06-30": 4.135, "2014-03-31": "0.29100", "2013-12-31": 1.371, "2013-09-30": 245.356, "2013-06-30": -240.262, "2013-03-31": "-1.50100", "2012-12-31": 14.356, "2012-09-30": 0.251, "2012-06-30": -0.166, "2012-03-31": "0.23100", "2011-12-31": 2.06, "2011-09-30": -2.946, "2011-06-30": 14.862, "2011-03-31": "2.25400", "2010-12-31": 34.705, "2010-09-30": 21.27, "2010-06-30": 9.389, "2010-03-31": "0.82200", "2009-12-31": 1874.238, "2009-09-30": 0.87, "2009-06-30": 0.867, "2009-03-31": "202.17000", "2008-12-31": 344.259, "2008-09-30": -434.356, "2008-06-30": 0.088, "2008-03-31": "-3.02100", "2007-12-31": 165.668, "2007-09-30": -52.577, "2007-06-30": -120.996, "2007-03-31": "1.86500", "2006-12-31": 15.836, "2006-09-30": 1.166, "2006-06-30": 2.423, "2006-03-31": "2.36500", "2005-12-31": -0.368, "2005-09-30": 0.707, "2005-06-30": 0.531, "2005-03-31": "0.53400"}, "Total Common And Preferred Stock Dividends Paid": {"2020-12-31": 110.278, "2020-09-30": -1.206, "2020-06-30": -0.648, "2020-03-31": "-108.42400", "2019-12-31": -110.402, "2019-09-30": -190.647, "2019-06-30": -192.444, "2019-03-31": "-80.77300", "2018-12-31": -223.346, "2018-09-30": -377.934, "2018-06-30": -222.417, "2018-03-31": "-51.45600", "2017-12-31": -55.904, "2017-09-30": -94.19, "2017-06-30": -130.768, "2017-03-31": "-51.33400", "2016-12-31": -61.57, "2016-09-30": -50.891, "2016-06-30": -162.218, "2016-03-31": "-50.57100", "2015-12-31": -51.603, "2015-09-30": -50.579, "2015-06-30": -50.113, "2015-03-31": "-346.81200", "2014-12-31": -252.555, "2014-09-30": -256.042, "2014-06-30": -307.925, "2014-03-31": "-126.40600", "2013-12-31": -403.288, "2013-09-30": -193.45, "2013-06-30": -336.539, "2013-03-31": "-101.70900", "2012-12-31": -801.434, "2012-09-30": -53.2, "2012-06-30": -50.492, "2012-03-31": "-50.36700", "2011-12-31": -905.779, "2011-09-30": -64.883, "2011-06-30": -62.785, "2011-03-31": "", "2010-12-31": -1130.804, "2010-09-30": -30.691, "2010-06-30": -30.643, "2010-03-31": "", "2009-12-31": -489.876, "2009-09-30": 0, "2009-06-30": 0, "2009-03-31": "", "2008-12-31": 0, "2008-09-30": 0, "2008-06-30": 0, "2008-03-31": "", "2007-12-31": -683.299, "2007-09-30": 0, "2007-06-30": 0, "2007-03-31": "", "2006-12-31": -608.299, "2006-09-30": 0, "2006-06-30": 0, "2006-03-31": "", "2005-12-31": 0, "2005-09-30": 0, "2005-06-30": 0, "2005-03-31": ""}, "Financial Activities - Other": {"2020-12-31": 20.35, "2020-09-30": -7.154, "2020-06-30": -11.277, "2020-03-31": "-1.91900", "2019-12-31": -10.379, "2019-09-30": -11.871, "2019-06-30": 0.008, "2019-03-31": "-10.49600", "2018-12-31": -14.51, "2018-09-30": -8.207, "2018-06-30": 2.2, "2018-03-31": "43.32000", "2017-12-31": 159.322, "2017-09-30": -30.188, "2017-06-30": -65.484, "2017-03-31": "", "2016-12-31": 418.38, "2016-09-30": -202.013, "2016-06-30": 3.95, "2016-03-31": "-7.95600", "2015-12-31": -14.658, "2015-09-30": 35.05, "2015-06-30": 74.019, "2015-03-31": "-288.29000", "2014-12-31": -22.676, "2014-09-30": -3.072, "2014-06-30": 1.371, "2014-03-31": "-4.96700", "2013-12-31": -15.729, "2013-09-30": 0.536, "2013-06-30": -15.713, "2013-03-31": "1.23200", "2012-12-31": -8.784, "2012-09-30": -32.644, "2012-06-30": -2.401, "2012-03-31": "-10.17600", "2011-12-31": 0.721, "2011-09-30": 2.777, "2011-06-30": 6.563, "2011-03-31": "0.93300", "2010-12-31": 4.102, "2010-09-30": -63.592, "2010-06-30": -2.312, "2010-03-31": "0.31800", "2009-12-31": -97.441, "2009-09-30": -0.358, "2009-06-30": -10.199, "2009-03-31": "38.61600", "2008-12-31": -7.183, "2008-09-30": -6.021, "2008-06-30": -0.006, "2008-03-31": "-0.14500", "2007-12-31": -12.168, "2007-09-30": -0.534, "2007-06-30": -14.343, "2007-03-31": "", "2006-12-31": 0, "2006-09-30": 2.361, "2006-06-30": -0.328, "2006-03-31": "", "2005-12-31": 0.138, "2005-09-30": -13.378, "2005-06-30": -7.768, "2005-03-31": ""}, "Cash Flow From Financial Activities": {"2020-12-31": -2236.479, "2020-09-30": 0.589, "2020-06-30": 1397.893, "2020-03-31": "837.99700", "2019-12-31": 730.575, "2019-09-30": 154.332, "2019-06-30": -242.786, "2019-03-31": "-343.10900", "2018-12-31": 99.463, "2018-09-30": 234.528, "2018-06-30": -351.001, "2018-03-31": "-307.24700", "2017-12-31": -436.224, "2017-09-30": 241.302, "2017-06-30": -168.451, "2017-03-31": "-390.98200", "2016-12-31": 1117.069, "2016-09-30": -293.603, "2016-06-30": -125.659, "2016-03-31": "184.82200", "2015-12-31": 418.188, "2015-09-30": 713.934, "2015-06-30": 87.57, "2015-03-31": "-3.43400", "2014-12-31": -284.545, "2014-09-30": -226.623, "2014-06-30": -337.254, "2014-03-31": "612.79700", "2013-12-31": 185.643, "2013-09-30": 6.895, "2013-06-30": -381.353, "2013-03-31": "-102.32800", "2012-12-31": -810.005, "2012-09-30": 238.332, "2012-06-30": -91.616, "2012-03-31": "280.81000", "2011-12-31": -790.506, "2011-09-30": -106.958, "2011-06-30": -62.384, "2011-03-31": "-97.79300", "2010-12-31": -1002.794, "2010-09-30": -133.422, "2010-06-30": -70.694, "2010-03-31": "-285.72600", "2009-12-31": 667.748, "2009-09-30": 61.512, "2009-06-30": -625.461, "2009-03-31": "711.71600", "2008-12-31": -260.122, "2008-09-30": 574.967, "2008-06-30": 234.828, "2008-03-31": "117.89900", "2007-12-31": 605.465, "2007-09-30": 92.654, "2007-06-30": 22.145, "2007-03-31": "-68.39300", "2006-12-31": -585.749, "2006-09-30": 83.982, "2006-06-30": 112.882, "2006-03-31": "101.42800", "2005-12-31": 7.316, "2005-09-30": 62.45, "2005-06-30": 37.872, "2005-03-31": "369.03500"}, "Net Cash Flow": {"2020-12-31": -1201.452, "2020-09-30": -242.843, "2020-06-30": 916.686, "2020-03-31": "527.60900", "2019-12-31": 676, "2019-09-30": 175.925, "2019-06-30": -320.426, "2019-03-31": "-392.53000", "2018-12-31": 266.323, "2018-09-30": 504.027, "2018-06-30": -584.706, "2018-03-31": "-772.95500", "2017-12-31": -132.066, "2017-09-30": 449.865, "2017-06-30": -57.466, "2017-03-31": "-99.64400", "2016-12-31": 1133.077, "2016-09-30": -391.515, "2016-06-30": -204.93, "2016-03-31": "27.16400", "2015-12-31": 179.88, "2015-09-30": 411.989, "2015-06-30": -153.688, "2015-03-31": "-540.25600", "2014-12-31": -708.714, "2014-09-30": -144.233, "2014-06-30": -238.51, "2014-03-31": "838.58000", "2013-12-31": 393.886, "2013-09-30": 12.926, "2013-06-30": -28.476, "2013-03-31": "331.48600", "2012-12-31": -605.718, "2012-09-30": 397.748, "2012-06-30": 62.119, "2012-03-31": "608.48300", "2011-12-31": -513.437, "2011-09-30": 91.035, "2011-06-30": 238.157, "2011-03-31": "188.33300", "2010-12-31": -663.839, "2010-09-30": 63.916, "2010-06-30": 101.407, "2010-03-31": "-234.81500", "2009-12-31": 695.752, "2009-09-30": 205.896, "2009-06-30": -628.54, "2009-03-31": "584.81800", "2008-12-31": -579.765, "2008-09-30": 379.841, "2008-06-30": 94.559, "2008-03-31": "-35.85100", "2007-12-31": 446.06, "2007-09-30": -9.479, "2007-06-30": 36.906, "2007-03-31": "12.22600", "2006-12-31": -612.872, "2006-09-30": 1023.327, "2006-06-30": -98.075, "2006-03-31": "42.73800", "2005-12-31": -118.591, "2005-09-30": 67.084, "2005-06-30": 119.508, "2005-03-31": "36.02700"}, "Stock-Based Compensation": {"2020-12-31": -40.501, "2020-09-30": 10.053, "2020-06-30": 21.084, "2020-03-31": "9.36400", "2019-12-31": 9.928, "2019-09-30": 10.276, "2019-06-30": 9.83, "2019-03-31": "10.33800", "2018-12-31": 6.278, "2018-09-30": 11.832, "2018-06-30": 9.626, "2018-03-31": "7.30400", "2017-12-31": 14.681, "2017-09-30": 10.503, "2017-06-30": 10.58, "2017-03-31": "8.20700", "2016-12-31": 14.362, "2016-09-30": 8.278, "2016-06-30": 10.454, "2016-03-31": "10.62800", "2015-12-31": 8.151, "2015-09-30": 9.256, "2015-06-30": 10.372, "2015-03-31": "10.69600", "2014-12-31": 16.482, "2014-09-30": 10.369, "2014-06-30": 8.424, "2014-03-31": "3.92100", "2013-12-31": 4.465, "2013-09-30": 5.204, "2013-06-30": 28.746, "2013-03-31": "1.12200", "2012-12-31": 5.944, "2012-09-30": 5.85, "2012-06-30": 5.206, "2012-03-31": "2.64800", "2011-12-31": 5.563, "2011-09-30": 5.642, "2011-06-30": 5.931, "2011-03-31": "6.74500", "2010-12-31": 6.447, "2010-09-30": 6.755, "2010-06-30": 7.039, "2010-03-31": "6.92700", "2009-12-31": 5.639, "2009-09-30": 6.903, "2009-06-30": 6.365, "2009-03-31": "5.42900", "2008-12-31": 6.338, "2008-09-30": 5.436, "2008-06-30": 5.136, "2008-03-31": "3.41800", "2007-12-31": 3.994, "2007-09-30": 5.192, "2007-06-30": 4.881, "2007-03-31": "4.46000", "2006-12-31": 2.655, "2006-09-30": 6.255, "2006-06-30": 3.883, "2006-03-31": "3.91900", "2005-12-31": 1.011, "2005-09-30": 1.012, "2005-06-30": 1.397, "2005-03-31": "1.25600"}, "Common Stock Dividends Paid": {"2020-12-31": 110.278, "2020-09-30": -1.206, "2020-06-30": -0.648, "2020-03-31": "-108.42400", "2019-12-31": -110.402, "2019-09-30": -190.647, "2019-06-30": -192.444, "2019-03-31": "-80.77300", "2018-12-31": -223.346, "2018-09-30": -377.934, "2018-06-30": -222.417, "2018-03-31": "-51.45600", "2017-12-31": -55.904, "2017-09-30": -94.19, "2017-06-30": -130.768, "2017-03-31": "-51.33400", "2016-12-31": -61.57, "2016-09-30": -50.891, "2016-06-30": -162.218, "2016-03-31": "-50.57100", "2015-12-31": -51.603, "2015-09-30": -50.579, "2015-06-30": -50.113, "2015-03-31": "-346.81200", "2014-12-31": -252.555, "2014-09-30": -256.042, "2014-06-30": -307.925, "2014-03-31": "-126.40600", "2013-12-31": -403.288, "2013-09-30": -193.45, "2013-06-30": -336.539, "2013-03-31": "-101.70900", "2012-12-31": -801.434, "2012-09-30": -53.2, "2012-06-30": -50.492, "2012-03-31": "-50.36700", "2011-12-31": -905.779, "2011-09-30": -64.883, "2011-06-30": -62.785, "2011-03-31": "0.00000", "2010-12-31": -1130.804, "2010-09-30": -30.691, "2010-06-30": -30.643, "2010-03-31": "", "2009-12-31": -489.876, "2009-09-30": 0, "2009-06-30": 0, "2009-03-31": "", "2008-12-31": 0, "2008-09-30": 0, "2008-06-30": 0, "2008-03-31": "", "2007-12-31": -683.299, "2007-09-30": 0, "2007-06-30": 0, "2007-03-31": "", "2006-12-31": -608.299, "2006-09-30": 0, "2006-06-30": 0, "2006-03-31": "", "2005-12-31": 0, "2005-09-30": 0, "2005-06-30": 0, "2005-03-31": ""}}, "financial ratios": {"Current Ratio": {"2019-12-31": "1.44050", "2018-12-31": "1.40340", "2017-12-31": "1.77370", "2016-12-31": "2.11140", "2015-12-31": "2.25710", "2014-12-31": "2.12660", "2013-12-31": "2.03970", "2012-12-31": "1.94660", "2011-12-31": "1.09280", "2010-12-31": "1.75820", "2009-12-31": "3.14640", "2008-12-31": "1.94970", "2007-12-31": "2.70340", "2006-12-31": "2.14640", "2005-12-31": "2.53740"}, "Long-term Debt / Capital": {"2019-12-31": "0.86740", "2018-12-31": "0.83830", "2017-12-31": "0.89870", "2016-12-31": "0.97520", "2015-12-31": "0.99760", "2014-12-31": "0.97210", "2013-12-31": "0.98040", "2012-12-31": "0.98260", "2011-12-31": "0.56720", "2010-12-31": "0.57830", "2009-12-31": "0.53020", "2008-12-31": "0.72820", "2007-12-31": "0.64500", "2006-12-31": "0.59250", "2005-12-31": "0.57450"}, "Debt/Equity Ratio": {"2019-12-31": "6.74930", "2018-12-31": "5.19240", "2017-12-31": "8.92900", "2016-12-31": "39.26370", "2015-12-31": "419.57730", "2014-12-31": "35.01840", "2013-12-31": "50.34890", "2012-12-31": "56.64230", "2011-12-31": "1.49990", "2010-12-31": "1.37260", "2009-12-31": "1.12930", "2008-12-31": "2.68430", "2007-12-31": "1.82140", "2006-12-31": "1.46200", "2005-12-31": "1.36580"}, "Gross Margin": {"2019-12-31": "38.48140", "2018-12-31": "39.17120", "2017-12-31": "38.59820", "2016-12-31": "38.94060", "2015-12-31": "37.91840", "2014-12-31": "38.96730", "2013-12-31": "38.10960", "2012-12-31": "36.91510", "2011-12-31": "37.18860", "2010-12-31": "35.48840", "2009-12-31": "34.62560", "2008-12-31": "35.11560", "2007-12-31": "39.53290", "2006-12-31": "41.16190", "2005-12-31": "44.85990"}, "Operating Margin": {"2019-12-31": "13.28530", "2018-12-31": "10.94940", "2017-12-31": "17.38940", "2016-12-31": "12.00380", "2015-12-31": "16.16370", "2014-12-31": "23.30430", "2013-12-31": "22.95150", "2012-12-31": "19.96930", "2011-12-31": "19.13250", "2010-12-31": "14.94140", "2009-12-31": "7.71480", "2008-12-31": "10.44870", "2007-12-31": "15.90150", "2006-12-31": "4.95020", "2005-12-31": "-3.40120"}, "EBIT Margin": {"2019-12-31": "13.28530", "2018-12-31": "10.94940", "2017-12-31": "17.38940", "2016-12-31": "12.00380", "2015-12-31": "16.16370", "2014-12-31": "23.30430", "2013-12-31": "22.95150", "2012-12-31": "19.96930", "2011-12-31": "19.13250", "2010-12-31": "14.94140", "2009-12-31": "7.71480", "2008-12-31": "10.44870", "2007-12-31": "15.90150", "2006-12-31": "4.95020", "2005-12-31": "-3.40120"}, "EBITDA Margin": {"2019-12-31": "23.17520", "2018-12-31": "19.69520", "2017-12-31": "26.90120", "2016-12-31": "21.87670", "2015-12-31": "24.56470", "2014-12-31": "29.75980", "2013-12-31": "29.93440", "2012-12-31": "27.67480", "2011-12-31": "27.05920", "2010-12-31": "25.21450", "2009-12-31": "22.05370", "2008-12-31": "19.99450", "2007-12-31": "24.91980", "2006-12-31": "18.83610", "2005-12-31": "12.85810"}, "Pre-Tax Profit Margin": {"2019-12-31": "7.38480", "2018-12-31": "4.55130", "2017-12-31": "9.22990", "2016-12-31": "7.14710", "2015-12-31": "7.09650", "2014-12-31": "17.64670", "2013-12-31": "17.55090", "2012-12-31": "14.22110", "2011-12-31": "15.28650", "2010-12-31": "8.05420", "2009-12-31": "1.38250", "2008-12-31": "4.98500", "2007-12-31": "8.63760", "2006-12-31": "55.80210", "2005-12-31": "-12.58150"}, "Net Profit Margin": {"2019-12-31": "1.86030", "2018-12-31": "8.52130", "2017-12-31": "12.30910", "2016-12-31": "5.56800", "2015-12-31": "4.79140", "2014-12-31": "13.46340", "2013-12-31": "12.96320", "2012-12-31": "9.74020", "2011-12-31": "11.63940", "2010-12-31": "3.82650", "2009-12-31": "0.67820", "2008-12-31": "7.04570", "2007-12-31": "7.30550", "2006-12-31": "43.89770", "2005-12-31": "-12.58150"}, "Asset Turnover": {"2019-12-31": "0.47660", "2018-12-31": "0.50830", "2017-12-31": "0.47870", "2016-12-31": "0.36360", "2015-12-31": "0.38970", "2014-12-31": "0.59960", "2013-12-31": "0.67100", "2012-12-31": "0.70830", "2011-12-31": "0.76380", "2010-12-31": "0.62700", "2009-12-31": "0.40170", "2008-12-31": "0.44220", "2007-12-31": "0.42660", "2006-12-31": "0.30730", "2005-12-31": "0.18300"}, "Inventory Turnover Ratio": {"2019-12-31": "45.94550", "2018-12-31": "61.33060", "2017-12-31": "52.02950", "2016-12-31": "28.98720", "2015-12-31": "33.96800", "2014-12-31": "45.91770", "2013-12-31": "46.54630", "2012-12-31": "50.96590", "2011-12-31": "45.93380", "2010-12-31": "31.08470", "2009-12-31": "18.60710", "2008-12-31": "16.02650", "2007-12-31": "22.17280", "2006-12-31": "13.09210", "2005-12-31": "9.98150"}, "Receiveable Turnover": {"2019-12-31": "19.08360", "2018-12-31": "24.28270", "2017-12-31": "27.08350", "2016-12-31": "19.84670", "2015-12-31": "21.69330", "2014-12-31": "22.83460", "2013-12-31": "23.23350", "2012-12-31": "21.60460", "2011-12-31": "22.09650", "2010-12-31": "22.32270", "2009-12-31": "19.92170", "2008-12-31": "23.86120", "2007-12-31": "15.00910", "2006-12-31": "10.21350", "2005-12-31": "8.16090"}, "Days Sales In Receivables": {"2019-12-31": "19.12640", "2018-12-31": "15.03130", "2017-12-31": "13.47690", "2016-12-31": "18.39100", "2015-12-31": "16.82550", "2014-12-31": "15.98450", "2013-12-31": "15.71010", "2012-12-31": "16.89450", "2011-12-31": "16.51850", "2010-12-31": "16.35110", "2009-12-31": "18.32170", "2008-12-31": "15.29680", "2007-12-31": "24.31850", "2006-12-31": "35.73710", "2005-12-31": "44.72530"}, "ROE - Return On Equity": {"2019-12-31": "20.20000", "2018-12-31": "44.25220", "2017-12-31": "82.46430", "2016-12-31": "117.29010", "2015-12-31": "1288.73700", "2014-12-31": "456.03260", "2013-12-31": "758.70710", "2012-12-31": "701.13050", "2011-12-31": "37.10950", "2010-12-31": "13.29910", "2009-12-31": "1.23740", "2008-12-31": "13.14180", "2007-12-31": "10.07800", "2006-12-31": "38.20700", "2005-12-31": "-5.81200"}, "Return On Tangible Equity": {"2019-12-31": "22.32010", "2018-12-31": "50.43600", "2017-12-31": "93.15020", "2016-12-31": "209.62160", "2015-12-31": "-315.86740", "2014-12-31": "975.07820", "2013-12-31": "988.49370", "2012-12-31": "1003.23200", "2011-12-31": "37.71600", "2010-12-31": "13.52760", "2009-12-31": "1.25520", "2008-12-31": "13.55700", "2007-12-31": "10.39870", "2006-12-31": "39.78160", "2005-12-31": "-6.04600"}, "ROA - Return On Assets": {"2019-12-31": "2.24480", "2018-12-31": "6.07650", "2017-12-31": "7.01210", "2016-12-31": "2.53040", "2015-12-31": "2.69170", "2014-12-31": "10.62190", "2013-12-31": "11.98700", "2012-12-31": "10.01430", "2011-12-31": "11.95900", "2010-12-31": "4.74340", "2009-12-31": "0.51580", "2008-12-31": "3.11550", "2007-12-31": "3.11680", "2006-12-31": "13.49150", "2005-12-31": "-2.30240"}, "ROI - Return On Investment": {"2019-12-31": "2.67930", "2018-12-31": "7.15380", "2017-12-31": "8.35430", "2016-12-31": "2.91310", "2015-12-31": "3.06950", "2014-12-31": "12.71260", "2013-12-31": "14.84190", "2012-12-31": "12.22260", "2011-12-31": "16.06190", "2010-12-31": "5.60800", "2009-12-31": "0.58140", "2008-12-31": "3.57230", "2007-12-31": "3.57790", "2006-12-31": "15.57060", "2005-12-31": "-2.47310"}, "Book Value Per Share": {"2019-12-31": "14.35740", "2018-12-31": "16.92400", "2017-12-31": "10.46880", "2016-12-31": "2.53320", "2015-12-31": "0.21510", "2014-12-31": "2.08100", "2013-12-31": "1.30790", "2012-12-31": "1.03040", "2011-12-31": "17.77610", "2010-12-31": "19.10580", "2009-12-31": "25.63300", "2008-12-31": "14.29830", "2007-12-31": "17.03380", "2006-12-31": "16.15110", "2005-12-31": "15.73420"}, "Operating Cash Flow Per Share": {"2019-12-31": -0.5608, "2018-12-31": -9.3074, "2017-12-31": 8.7619, "2016-12-31": 3.8947, "2015-12-31": -5.1411, "2014-12-31": -5.7206, "2013-12-31": 5.1218, "2012-12-31": -0.6884, "2011-12-31": 3.5314, "2010-12-31": 3.5889, "2009-12-31": 0.1615, "2008-12-31": -1.0816, "2007-12-31": 3.7052, "2006-12-31": 1.6638, "2005-12-31": 0.4931}, "Free Cash Flow Per Share": {"2019-12-31": 2.7905, "2018-12-31": -13.6716, "2017-12-31": 11.8407, "2016-12-31": 10.7933, "2015-12-31": -12.3775, "2014-12-31": -12.5189, "2013-12-31": 2.5644, "2012-12-31": -1.5332, "2011-12-31": 4.3617, "2010-12-31": 5.7904, "2009-12-31": 7.7902, "2008-12-31": -4.4413, "2007-12-31": 0.7081, "2006-12-31": 4.8209, "2005-12-31": -8.4275}}, "financial ratios, quarterly": {"Current Ratio": {"2020-09-30": "2.29140", "2020-06-30": "2.26560", "2020-03-31": "1.81200", "2019-12-31": "1.44050", "2019-09-30": "1.09370", "2019-06-30": "0.99590", "2019-03-31": "1.19380", "2018-12-31": "1.40340", "2018-09-30": "1.14110", "2018-06-30": "1.08110", "2018-03-31": "1.16650", "2017-12-31": "1.77370", "2017-09-30": "1.72480", "2017-06-30": "1.97430", "2017-03-31": "2.04310", "2016-12-31": "2.11140", "2016-09-30": "1.43830", "2016-06-30": "2.43420", "2016-03-31": "2.68440", "2015-12-31": "2.25710", "2015-09-30": "2.10890", "2015-06-30": "1.70130", "2015-03-31": "1.91000", "2014-12-31": "2.12660", "2014-09-30": "2.58150", "2014-06-30": "2.81530", "2014-03-31": "3.05830", "2013-12-31": "2.03970", "2013-09-30": "1.69960", "2013-06-30": "1.82040", "2013-03-31": "2.02880", "2012-12-31": "1.94660", "2012-09-30": "2.35680", "2012-06-30": "1.84790", "2012-03-31": "1.72040", "2011-12-31": "1.09280", "2011-09-30": "1.66330", "2011-06-30": "1.78790", "2011-03-31": "2.01880", "2010-12-31": "1.75820", "2010-09-30": "2.94240", "2010-06-30": "3.08310", "2010-03-31": "3.23510", "2009-12-31": "3.14640", "2009-09-30": "2.38500", "2009-06-30": "2.43920", "2009-03-31": "3.29410", "2008-12-31": "1.94970", "2008-09-30": "2.13180", "2008-06-30": "1.85510", "2008-03-31": "2.71200", "2007-12-31": "2.70340", "2007-09-30": "1.83370", "2007-06-30": "2.09220", "2007-03-31": "2.10810", "2006-12-31": "2.14640", "2006-09-30": "3.35980", "2006-06-30": "2.60990", "2006-03-31": "2.87050", "2005-12-31": "2.53740", "2005-09-30": "3.06500", "2005-06-30": "2.48300", "2005-03-31": "2.31380"}, "Long-term Debt / Capital": {"2020-09-30": "1.04550", "2020-06-30": "0.97850", "2020-03-31": "0.91810", "2019-12-31": "0.86740", "2019-09-30": "0.84980", "2019-06-30": "0.83090", "2019-03-31": "0.82670", "2018-12-31": "0.83830", "2018-09-30": "0.84950", "2018-06-30": "0.81720", "2018-03-31": "0.92290", "2017-12-31": "0.89870", "2017-09-30": "0.96080", "2017-06-30": "0.96480", "2017-03-31": "0.96530", "2016-12-31": "0.97520", "2016-09-30": "1.00690", "2016-06-30": "0.99980", "2016-03-31": "0.99150", "2015-12-31": "0.99760", "2015-09-30": "1.00700", "2015-06-30": "1.01410", "2015-03-31": "1.01910", "2014-12-31": "0.97210", "2014-09-30": "0.96170", "2014-06-30": "0.96220", "2014-03-31": "0.95830", "2013-12-31": "0.98040", "2013-09-30": "0.96160", "2013-06-30": "0.97160", "2013-03-31": "0.95520", "2012-12-31": "0.98260", "2012-09-30": "0.89090", "2012-06-30": "0.90040", "2012-03-31": "0.92490", "2011-12-31": "0.56720", "2011-09-30": "0.51490", "2011-06-30": "0.52250", "2011-03-31": "0.54740", "2010-12-31": "0.57830", "2010-09-30": "0.49030", "2010-06-30": "0.49480", "2010-03-31": "0.50410", "2009-12-31": "0.53020", "2009-09-30": "0.68850", "2009-06-30": "0.69000", "2009-03-31": "0.72310", "2008-12-31": "0.72820", "2008-09-30": "0.77820", "2008-06-30": "0.69940", "2008-03-31": "0.67570", "2007-12-31": "0.64500", "2007-09-30": "0.55800", "2007-06-30": "0.59670", "2007-03-31": "0.57720", "2006-12-31": "0.59250", "2006-09-30": "0.50890", "2006-06-30": "0.59370", "2006-03-31": "0.58270", "2005-12-31": "0.57450", "2005-09-30": "0.57440", "2005-06-30": "0.56440", "2005-03-31": "0.55330"}, "Debt/Equity Ratio": {"2020-09-30": "-23.39710", "2020-06-30": "46.59130", "2020-03-31": "11.45520", "2019-12-31": "6.74930", "2019-09-30": "5.72550", "2019-06-30": "4.94450", "2019-03-31": "4.78790", "2018-12-31": "5.19240", "2018-09-30": "5.79900", "2018-06-30": "4.56840", "2018-03-31": "12.12930", "2017-12-31": "8.92900", "2017-09-30": "25.55730", "2017-06-30": "27.41930", "2017-03-31": "27.82540", "2016-12-31": "39.26370", "2016-09-30": "-146.52430", "2016-06-30": "5579.36000", "2016-03-31": "116.44590", "2015-12-31": "419.57730", "2015-09-30": "-144.45170", "2015-06-30": "-73.17160", "2015-03-31": "-54.58420", "2014-12-31": "35.01840", "2014-09-30": "25.23350", "2014-06-30": "25.58560", "2014-03-31": "23.09320", "2013-12-31": "50.34890", "2013-09-30": "26.10560", "2013-06-30": "34.36550", "2013-03-31": "21.42960", "2012-12-31": "56.64230", "2012-09-30": "8.20300", "2012-06-30": "9.36310", "2012-03-31": "12.72910", "2011-12-31": "1.49990", "2011-09-30": "1.14740", "2011-06-30": "1.14920", "2011-03-31": "1.21050", "2010-12-31": "1.37260", "2010-09-30": "0.96280", "2010-06-30": "0.98020", "2010-03-31": "1.01740", "2009-12-31": "1.12930", "2009-09-30": "2.21900", "2009-06-30": "2.23640", "2009-03-31": "2.61440", "2008-12-31": "2.68430", "2008-09-30": "3.51410", "2008-06-30": "2.33240", "2008-03-31": "2.08870", "2007-12-31": "1.82140", "2007-09-30": "1.26750", "2007-06-30": "1.48490", "2007-03-31": "1.36930", "2006-12-31": "1.46200", "2006-09-30": "1.04620", "2006-06-30": "1.47740", "2006-03-31": "1.41190", "2005-12-31": "1.36580", "2005-09-30": "1.35580", "2005-06-30": "1.30210", "2005-03-31": "1.24220"}, "Gross Margin": {"2020-09-30": "22.60620", "2020-06-30": "-180.36480", "2020-03-31": "22.65410", "2019-12-31": "39.08990", "2019-09-30": "37.08930", "2019-06-30": "38.68970", "2019-03-31": "39.05210", "2018-12-31": "38.68400", "2018-09-30": "38.41830", "2018-06-30": "38.59850", "2018-03-31": "40.93620", "2017-12-31": "38.05780", "2017-09-30": "39.36390", "2017-06-30": "38.06010", "2017-03-31": "38.93650", "2016-12-31": "40.80640", "2016-09-30": "37.35090", "2016-06-30": "38.41320", "2016-03-31": "39.06170", "2015-12-31": "39.17180", "2015-09-30": "37.47930", "2015-06-30": "37.13650", "2015-03-31": "37.97700", "2014-12-31": "38.50800", "2014-09-30": "40.25440", "2014-06-30": "39.13450", "2014-03-31": "37.99160", "2013-12-31": "38.60920", "2013-09-30": "37.90870", "2013-06-30": "37.11280", "2013-03-31": "38.72450", "2012-12-31": "37.78850", "2012-09-30": "37.36290", "2012-06-30": "35.39910", "2012-03-31": "37.06170", "2011-12-31": "36.65230", "2011-09-30": "35.60710", "2011-06-30": "38.16430", "2011-03-31": "38.33090", "2010-12-31": "36.61590", "2010-09-30": "35.07050", "2010-06-30": "35.02270", "2010-03-31": "34.94530", "2009-12-31": "33.43020", "2009-09-30": "35.77910", "2009-06-30": "36.70840", "2009-03-31": "32.69230", "2008-12-31": "30.66820", "2008-09-30": "36.46760", "2008-06-30": "37.13430", "2008-03-31": "35.14920", "2007-12-31": "37.96280", "2007-09-30": "38.57830", "2007-06-30": "40.74070", "2007-03-31": "40.96540", "2006-12-31": "40.65780", "2006-09-30": "39.89510", "2006-06-30": "41.61940", "2006-03-31": "43.18910", "2005-12-31": "44.55310", "2005-09-30": "44.04890", "2005-06-30": "46.28680", "2005-03-31": ""}, "Operating Margin": {"2020-09-30": "-76.39510", "2020-06-30": "-610.30130", "2020-03-31": "-25.94180", "2019-12-31": "13.70330", "2019-09-30": "10.79250", "2019-06-30": "13.18890", "2019-03-31": "15.45070", "2018-12-31": "14.59380", "2018-09-30": "17.02580", "2018-06-30": "17.41420", "2018-03-31": "-4.73860", "2017-12-31": "18.58130", "2017-09-30": "16.58730", "2017-06-30": "16.76220", "2017-03-31": "17.55430", "2016-12-31": "11.77140", "2016-09-30": "6.93180", "2016-06-30": "13.94030", "2016-03-31": "15.86660", "2015-12-31": "16.03760", "2015-09-30": "15.33440", "2015-06-30": "16.25450", "2015-03-31": "16.94310", "2014-12-31": "18.93990", "2014-09-30": "24.27540", "2014-06-30": "24.17330", "2014-03-31": "24.89610", "2013-12-31": "24.24120", "2013-09-30": "22.58650", "2013-06-30": "20.56820", "2013-03-31": "24.20100", "2012-12-31": "20.01120", "2012-09-30": "19.02910", "2012-06-30": "21.07580", "2012-03-31": "19.80200", "2011-12-31": "20.44900", "2011-09-30": "18.47370", "2011-06-30": "15.58000", "2011-03-31": "22.26150", "2010-12-31": "18.61550", "2010-09-30": "13.11690", "2010-06-30": "14.34630", "2010-03-31": "12.63570", "2009-12-31": "5.62410", "2009-09-30": "10.28350", "2009-06-30": "11.44800", "2009-03-31": "3.66900", "2008-12-31": "-0.18100", "2008-09-30": "10.09740", "2008-06-30": "17.47170", "2008-03-31": "11.73880", "2007-12-31": "15.00500", "2007-09-30": "13.20750", "2007-06-30": "18.34840", "2007-03-31": "17.02760", "2006-12-31": "13.87460", "2006-09-30": "-5.88160", "2006-06-30": "0.61570", "2006-03-31": "3.51050", "2005-12-31": "3.60110", "2005-09-30": "5.90910", "2005-06-30": "-3.70720", "2005-03-31": ""}, "EBIT Margin": {"2020-09-30": "-76.39510", "2020-06-30": "-610.30130", "2020-03-31": "-25.94180", "2019-12-31": "13.70330", "2019-09-30": "10.79250", "2019-06-30": "13.18890", "2019-03-31": "15.45070", "2018-12-31": "14.59380", "2018-09-30": "17.02580", "2018-06-30": "17.41420", "2018-03-31": "-4.73860", "2017-12-31": "18.58130", "2017-09-30": "16.58730", "2017-06-30": "16.76220", "2017-03-31": "17.55430", "2016-12-31": "11.77140", "2016-09-30": "6.93180", "2016-06-30": "13.94030", "2016-03-31": "15.86660", "2015-12-31": "16.03760", "2015-09-30": "15.33440", "2015-06-30": "16.25450", "2015-03-31": "16.94310", "2014-12-31": "18.93980", "2014-09-30": "24.27540", "2014-06-30": "24.17330", "2014-03-31": "24.89610", "2013-12-31": "24.24120", "2013-09-30": "22.58650", "2013-06-30": "20.56820", "2013-03-31": "24.20100", "2012-12-31": "20.01120", "2012-09-30": "19.02910", "2012-06-30": "21.07580", "2012-03-31": "19.80200", "2011-12-31": "20.44900", "2011-09-30": "18.47370", "2011-06-30": "15.58000", "2011-03-31": "22.26150", "2010-12-31": "18.61550", "2010-09-30": "13.11690", "2010-06-30": "14.34630", "2010-03-31": "12.63570", "2009-12-31": "5.62410", "2009-09-30": "10.28350", "2009-06-30": "11.44800", "2009-03-31": "3.66900", "2008-12-31": "-0.18100", "2008-09-30": "10.09740", "2008-06-30": "17.47170", "2008-03-31": "11.73880", "2007-12-31": "15.00500", "2007-09-30": "13.20750", "2007-06-30": "18.34840", "2007-03-31": "17.02760", "2006-12-31": "13.87460", "2006-09-30": "-5.88160", "2006-06-30": "0.61570", "2006-03-31": "3.51050", "2005-12-31": "3.60110", "2005-09-30": "5.90910", "2005-06-30": "-3.70720", "2005-03-31": ""}, "EBITDA Margin": {"2020-09-30": "", "2020-06-30": "", "2020-03-31": "", "2019-12-31": "", "2019-09-30": "", "2019-06-30": "", "2019-03-31": "", "2018-12-31": "", "2018-09-30": "", "2018-06-30": "", "2018-03-31": "", "2017-12-31": "", "2017-09-30": "", "2017-06-30": "", "2017-03-31": "", "2016-12-31": "", "2016-09-30": "", "2016-06-30": "", "2016-03-31": "", "2015-12-31": "", "2015-09-30": "", "2015-06-30": "", "2015-03-31": "", "2014-12-31": "", "2014-09-30": "", "2014-06-30": "", "2014-03-31": "", "2013-12-31": "", "2013-09-30": "", "2013-06-30": "", "2013-03-31": "", "2012-12-31": "", "2012-09-30": "", "2012-06-30": "", "2012-03-31": "", "2011-12-31": "", "2011-09-30": "", "2011-06-30": "", "2011-03-31": "", "2010-12-31": "", "2010-09-30": "", "2010-06-30": "", "2010-03-31": "", "2009-12-31": "", "2009-09-30": "", "2009-06-30": "", "2009-03-31": "", "2008-12-31": "", "2008-09-30": "", "2008-06-30": "", "2008-03-31": "", "2007-12-31": "", "2007-09-30": "", "2007-06-30": "", "2007-03-31": "", "2006-12-31": "", "2006-09-30": "", "2006-06-30": "", "2006-03-31": "", "2005-12-31": "", "2005-09-30": "", "2005-06-30": "", "2005-03-31": ""}, "Pre-Tax Profit Margin": {"2020-09-30": "-114.50010", "2020-06-30": "-763.06450", "2020-03-31": "-39.26250", "2019-12-31": "8.46400", "2019-09-30": "2.82870", "2019-06-30": "8.45690", "2019-03-31": "9.77360", "2018-12-31": "8.46160", "2018-09-30": "12.63190", "2018-06-30": "12.18230", "2018-03-31": "-14.48630", "2017-12-31": "12.94190", "2017-09-30": "6.80130", "2017-06-30": "7.42780", "2017-03-31": "9.51110", "2016-12-31": "11.31840", "2016-09-30": "-1.73100", "2016-06-30": "8.17760", "2016-03-31": "10.99650", "2015-12-31": "9.35730", "2015-09-30": "12.12980", "2015-06-30": "8.69820", "2015-03-31": "-0.98010", "2014-12-31": "11.96420", "2014-09-30": "18.82420", "2014-06-30": "18.35370", "2014-03-31": "20.19350", "2013-12-31": "18.69540", "2013-09-30": "17.37490", "2013-06-30": "14.54960", "2013-03-31": "19.36690", "2012-12-31": "14.16570", "2012-09-30": "12.13290", "2012-06-30": "15.52440", "2012-03-31": "15.09650", "2011-12-31": "16.89970", "2011-09-30": "14.59250", "2011-06-30": "11.74250", "2011-03-31": "18.12630", "2010-12-31": "14.25100", "2010-09-30": "0.69240", "2010-06-30": "8.79670", "2010-03-31": "6.92340", "2009-12-31": "-1.15910", "2009-09-30": "3.15380", "2009-06-30": "6.22550", "2009-03-31": "-2.42180", "2008-12-31": "-9.92230", "2008-09-30": "4.44270", "2008-06-30": "16.20180", "2008-03-31": "5.39420", "2007-12-31": "-1.03970", "2007-09-30": "8.28350", "2007-06-30": "15.04420", "2007-03-31": "12.90290", "2006-12-31": "-0.99880", "2006-09-30": "262.83370", "2006-06-30": "-7.22870", "2006-03-31": "-4.12440", "2005-12-31": "-3.66860", "2005-09-30": "-3.67760", "2005-06-30": "-20.77270", "2005-03-31": ""}, "Net Profit Margin": {"2020-09-30": "-204.65320", "2020-06-30": "-743.96610", "2020-03-31": "-42.15480", "2019-12-31": "-4.41150", "2019-09-30": "-0.21220", "2019-06-30": "5.70160", "2019-03-31": "6.34990", "2018-12-31": "27.54620", "2018-09-30": "9.13450", "2018-06-30": "9.70190", "2018-03-31": "-11.90890", "2017-12-31": "30.31030", "2017-09-30": "5.14180", "2017-06-30": "5.08630", "2017-03-31": "7.08100", "2016-12-31": "9.64460", "2016-09-30": "-1.57120", "2016-06-30": "6.65090", "2016-03-31": "7.53960", "2015-12-31": "9.21120", "2015-09-30": "9.65690", "2015-06-30": "5.42650", "2015-03-31": "-4.08350", "2014-12-31": "9.60880", "2014-09-30": "13.97110", "2014-06-30": "14.44030", "2014-03-31": "14.99040", "2013-12-31": "14.07230", "2013-09-30": "13.09390", "2013-06-30": "9.74160", "2013-03-31": "14.72180", "2012-12-31": "8.63970", "2012-09-30": "8.62810", "2012-06-30": "11.01690", "2012-03-31": "10.70150", "2011-12-31": "14.17350", "2011-09-30": "9.78680", "2011-06-30": "8.92460", "2011-03-31": "13.79100", "2010-12-31": "9.23400", "2010-09-30": "-3.33100", "2010-06-30": "5.07480", "2010-03-31": "2.96920", "2009-12-31": "-0.64510", "2009-09-30": "4.42520", "2009-06-30": "3.52280", "2009-03-31": "-4.56970", "2008-12-31": "-25.95040", "2008-09-30": "6.65630", "2008-06-30": "32.95980", "2008-03-31": "5.99930", "2007-12-31": "0.51190", "2007-09-30": "6.84740", "2007-06-30": "13.02470", "2007-03-31": "9.19300", "2006-12-31": "-9.83440", "2006-09-30": "224.98390", "2006-06-30": "-7.34170", "2006-03-31": "-4.12440", "2005-12-31": "-3.66860", "2005-09-30": "-3.67760", "2005-06-30": "-20.77270", "2005-03-31": ""}, "Asset Turnover": {"2020-09-30": "0.02650", "2020-06-30": "0.00580", "2020-03-31": "0.06680", "2019-12-31": "0.11920", "2019-09-30": "0.12410", "2019-06-30": "0.12600", "2019-03-31": "0.12550", "2018-12-31": "0.12770", "2018-09-30": "0.13810", "2018-06-30": "0.13590", "2018-03-31": "0.14040", "2017-12-31": "0.12790", "2017-09-30": "0.12480", "2017-06-30": "0.12420", "2017-03-31": "0.12040", "2016-12-31": "0.09870", "2016-09-30": "0.10160", "2016-06-30": "0.09970", "2016-03-31": "0.09370", "2015-12-31": "0.09050", "2015-09-30": "0.09980", "2015-06-30": "0.11210", "2015-03-31": "0.11930", "2014-12-31": "0.12560", "2014-09-30": "0.14920", "2014-06-30": "0.15570", "2014-03-31": "0.16610", "2013-12-31": "0.18140", "2013-09-30": "0.17230", "2013-06-30": "0.17140", "2013-03-31": "0.18290", "2012-12-31": "0.17720", "2012-09-30": "0.16320", "2012-06-30": "0.16750", "2012-03-31": "0.17740", "2011-12-31": "0.19480", "2011-09-30": "0.17480", "2011-06-30": "0.19240", "2011-03-31": "0.18580", "2010-12-31": "0.18540", "2010-09-30": "0.13660", "2010-06-30": "0.14010", "2010-03-31": "0.12470", "2009-12-31": "0.10670", "2009-09-30": "0.11270", "2009-06-30": "0.10880", "2009-03-31": "0.10120", "2008-12-31": "0.09090", "2008-09-30": "0.10550", "2008-06-30": "0.12640", "2008-03-31": "0.12550", "2007-12-31": "0.11290", "2007-09-30": "0.12850", "2007-06-30": "0.14150", "2007-03-31": "0.13530", "2006-12-31": "0.12090", "2006-09-30": "0.06070", "2006-06-30": "0.06670", "2006-03-31": "0.06910", "2005-12-31": "0.06830", "2005-09-30": "0.06380", "2005-06-30": "0.05140", "2005-03-31": ""}, "Inventory Turnover Ratio": {"2020-09-30": "3.89400", "2020-06-30": "2.83400", "2020-03-31": "8.55930", "2019-12-31": "11.37750", "2019-09-30": "12.87950", "2019-06-30": "12.43460", "2019-03-31": "14.94040", "2018-12-31": "15.53060", "2018-09-30": "16.68580", "2018-06-30": "14.76450", "2018-03-31": "14.99410", "2017-12-31": "14.02650", "2017-09-30": "11.34750", "2017-06-30": "10.79550", "2017-03-31": "10.05480", "2016-12-31": "7.62990", "2016-09-30": "7.83620", "2016-06-30": "8.71520", "2016-03-31": "8.37380", "2015-12-31": "7.73200", "2015-09-30": "9.35500", "2015-06-30": "9.82440", "2015-03-31": "9.69000", "2014-12-31": "9.68890", "2014-09-30": "11.69730", "2014-06-30": "12.25490", "2014-03-31": "13.06010", "2013-12-31": "12.48450", "2013-09-30": "11.81770", "2013-06-30": "11.94290", "2013-03-31": "12.43980", "2012-12-31": "12.57010", "2012-09-30": "12.41150", "2012-06-30": "12.21330", "2012-03-31": "12.12820", "2011-12-31": "11.81370", "2011-09-30": "10.79970", "2011-06-30": "11.21850", "2011-03-31": "9.60740", "2010-12-31": "9.02940", "2010-09-30": "6.85050", "2010-06-30": "6.85470", "2010-03-31": "5.51800", "2009-12-31": "5.03500", "2009-09-30": "4.44100", "2009-06-30": "4.04550", "2009-03-31": "4.17440", "2008-12-31": "3.52140", "2008-09-30": "5.09170", "2008-06-30": "6.48090", "2008-03-31": "6.67090", "2007-12-31": "6.02060", "2007-09-30": "5.99230", "2007-06-30": "6.22810", "2007-03-31": "5.64490", "2006-12-31": "5.19570", "2006-09-30": "3.15600", "2006-06-30": "3.19500", "2006-03-31": "3.32850", "2005-12-31": "3.74550", "2005-09-30": "4.21780", "2005-06-30": "3.68390", "2005-03-31": "0.00080"}, "Receiveable Turnover": {"2020-09-30": "2.07160", "2020-06-30": "0.28920", "2020-03-31": "2.50470", "2019-12-31": "4.77290", "2019-09-30": "5.74910", "2019-06-30": "5.58930", "2019-03-31": "6.35690", "2018-12-31": "6.10020", "2018-09-30": "7.34540", "2018-06-30": "6.97660", "2018-03-31": "7.51700", "2017-12-31": "7.23770", "2017-09-30": "6.92160", "2017-06-30": "7.50790", "2017-03-31": "7.65450", "2016-12-31": "5.38860", "2016-09-30": "6.24930", "2016-06-30": "6.09830", "2016-03-31": "5.29340", "2015-12-31": "5.03970", "2015-09-30": "4.86820", "2015-06-30": "3.88290", "2015-03-31": "3.75650", "2014-12-31": "4.78230", "2014-09-30": "6.63550", "2014-06-30": "6.45060", "2014-03-31": "6.56120", "2013-12-31": "6.28230", "2013-09-30": "6.42840", "2013-06-30": "6.43510", "2013-03-31": "5.66000", "2012-12-31": "5.40330", "2012-09-30": "6.08700", "2012-06-30": "5.74690", "2012-03-31": "5.90210", "2011-12-31": "5.63490", "2011-09-30": "6.82080", "2011-06-30": "7.56310", "2011-03-31": "6.74520", "2010-12-31": "6.59960", "2010-09-30": "7.11530", "2010-06-30": "6.55400", "2010-03-31": "5.75770", "2009-12-31": "5.29390", "2009-09-30": "6.32330", "2009-06-30": "6.10070", "2009-03-31": "5.99230", "2008-12-31": "4.90650", "2008-09-30": "5.53940", "2008-06-30": "5.37230", "2008-03-31": "4.98450", "2007-12-31": "3.97230", "2007-09-30": "4.86870", "2007-06-30": "5.50170", "2007-03-31": "4.90870", "2006-12-31": "4.01880", "2006-09-30": "3.12150", "2006-06-30": "4.15630", "2006-03-31": "4.16670", "2005-12-31": "3.04540", "2005-09-30": "4.53410", "2005-06-30": "3.62090", "2005-03-31": ""}, "Days Sales In Receivables": {"2020-09-30": "43.44510", "2020-06-30": "311.19300", "2020-03-31": "35.93250", "2019-12-31": "18.85660", "2019-09-30": "15.65460", "2019-06-30": "16.10210", "2019-03-31": "14.15790", "2018-12-31": "14.75360", "2018-09-30": "12.25250", "2018-06-30": "12.90020", "2018-03-31": "11.97280", "2017-12-31": "12.43500", "2017-09-30": "13.00280", "2017-06-30": "11.98740", "2017-03-31": "11.75780", "2016-12-31": "16.70190", "2016-09-30": "14.40160", "2016-06-30": "14.75820", "2016-03-31": "17.00230", "2015-12-31": "17.85810", "2015-09-30": "18.48720", "2015-06-30": "23.17860", "2015-03-31": "23.95830", "2014-12-31": "18.81950", "2014-09-30": "13.56340", "2014-06-30": "13.95230", "2014-03-31": "13.71690", "2013-12-31": "14.32590", "2013-09-30": "14.00050", "2013-06-30": "13.98570", "2013-03-31": "15.90100", "2012-12-31": "16.65650", "2012-09-30": "14.78560", "2012-06-30": "15.66070", "2012-03-31": "15.24880", "2011-12-31": "15.97190", "2011-09-30": "13.19500", "2011-06-30": "11.89980", "2011-03-31": "13.34290", "2010-12-31": "13.63720", "2010-09-30": "12.64890", "2010-06-30": "13.73210", "2010-03-31": "15.63110", "2009-12-31": "17.00060", "2009-09-30": "14.23310", "2009-06-30": "14.75240", "2009-03-31": "15.01940", "2008-12-31": "18.34300", "2008-09-30": "16.24730", "2008-06-30": "16.75270", "2008-03-31": "18.05580", "2007-12-31": "22.65690", "2007-09-30": "18.48550", "2007-06-30": "16.35860", "2007-03-31": "18.33480", "2006-12-31": "22.39450", "2006-09-30": "28.83190", "2006-06-30": "21.65370", "2006-03-31": "21.59970", "2005-12-31": "29.55280", "2005-09-30": "19.84940", "2005-06-30": "24.85560", "2005-03-31": ""}, "ROE - Return On Equity": {"2020-09-30": "152.11960", "2020-06-30": "-268.00680", "2020-03-31": "-45.36650", "2019-12-31": "-1.13330", "2019-09-30": "1.61370", "2019-06-30": "7.68440", "2019-03-31": "8.34000", "2018-12-31": "28.40610", "2018-09-30": "14.26830", "2018-06-30": "11.28160", "2018-03-31": "-17.82220", "2017-12-31": "50.44410", "2017-09-30": "26.61130", "2017-06-30": "29.85580", "2017-03-31": "37.57880", "2016-12-31": "49.07920", "2016-09-30": "30.00220", "2016-06-30": "5276.83900", "2016-03-31": "130.71220", "2015-12-31": "479.71710", "2015-09-30": "-186.61620", "2015-06-30": "-69.76600", "2015-03-31": "9.44740", "2014-12-31": "70.20330", "2014-09-30": "86.22810", "2014-06-30": "89.67150", "2014-03-31": "94.48180", "2013-12-31": "219.48140", "2013-09-30": "103.09610", "2013-06-30": "108.53320", "2013-03-31": "99.07820", "2012-12-31": "159.55230", "2012-09-30": "22.96270", "2012-06-30": "33.46810", "2012-03-31": "44.99150", "2011-12-31": "11.61540", "2011-09-30": "6.47200", "2011-06-30": "5.67370", "2011-03-31": "8.65230", "2010-12-31": "7.21980", "2010-09-30": "-0.06220", "2010-06-30": "2.69510", "2010-03-31": "1.79370", "2009-12-31": "0.41870", "2009-09-30": "1.80500", "2009-06-30": "1.37490", "2009-03-31": "-1.85740", "2008-12-31": "-9.95300", "2008-09-30": "3.65400", "2008-06-30": "16.24530", "2008-03-31": "2.65820", "2007-12-31": "0.18690", "2007-09-30": "2.34660", "2007-06-30": "5.33600", "2007-03-31": "3.42580", "2006-12-31": "-3.36800", "2006-09-30": "31.21740", "2006-06-30": "-1.27850", "2006-03-31": "-0.72730", "2005-12-31": "-0.63240", "2005-09-30": "-0.58940", "2005-06-30": "-2.65130", "2005-03-31": "-1.85250"}, "Return On Tangible Equity": {"2020-09-30": "121.32560", "2020-06-30": "-552.95200", "2020-03-31": "-53.05690", "2019-12-31": "-1.25230", "2019-09-30": "1.77220", "2019-06-30": "8.27970", "2019-03-31": "8.96660", "2018-12-31": "32.37560", "2018-09-30": "16.68860", "2018-06-30": "12.86550", "2018-03-31": "-24.59340", "2017-12-31": "56.98070", "2017-09-30": "38.68770", "2017-06-30": "45.87280", "2017-03-31": "55.29570", "2016-12-31": "87.71470", "2016-09-30": "10.82270", "2016-06-30": "-79.09230", "2016-03-31": "-359.33040", "2015-12-31": "-117.57790", "2015-09-30": "-65.80850", "2015-06-30": "-34.64560", "2015-03-31": "5.34850", "2014-12-31": "150.10710", "2014-09-30": "95.67800", "2014-06-30": "99.92770", "2014-03-31": "104.29250", "2013-12-31": "285.95480", "2013-09-30": "118.37270", "2013-06-30": "129.93170", "2013-03-31": "111.30960", "2012-12-31": "228.29990", "2012-09-30": "24.04620", "2012-06-30": "35.46460", "2012-03-31": "48.82660", "2011-12-31": "11.80520", "2011-09-30": "6.55650", "2011-06-30": "5.75350", "2011-03-31": "8.78350", "2010-12-31": "7.34390", "2010-09-30": "-0.06300", "2010-06-30": "2.73020", "2010-03-31": "1.81830", "2009-12-31": "0.42470", "2009-09-30": "1.84970", "2009-06-30": "1.41060", "2009-03-31": "-1.90770", "2008-12-31": "-10.26750", "2008-09-30": "3.78960", "2008-06-30": "16.75820", "2008-03-31": "2.73980", "2007-12-31": "0.19280", "2007-09-30": "2.42480", "2007-06-30": "5.54260", "2007-03-31": "3.55930", "2006-12-31": "-3.50680", "2006-09-30": "32.18250", "2006-06-30": "-1.33810", "2006-03-31": "-0.75500", "2005-12-31": "-0.65790", "2005-09-30": "-0.59220", "2005-06-30": "-2.66380", "2005-03-31": "-1.86100"}, "ROA - Return On Assets": {"2020-09-30": "-5.95350", "2020-06-30": "-4.93680", "2020-03-31": "-3.15450", "2019-12-31": "-0.12590", "2019-09-30": "0.20250", "2019-06-30": "1.08040", "2019-03-31": "1.21360", "2018-12-31": "3.90060", "2018-09-30": "1.77560", "2018-06-30": "1.73720", "2018-03-31": "-1.12550", "2017-12-31": "4.28930", "2017-09-30": "0.85270", "2017-06-30": "0.90070", "2017-03-31": "1.12030", "2016-12-31": "1.05880", "2016-09-30": "-0.17690", "2016-06-30": "0.84300", "2016-03-31": "0.99370", "2015-12-31": "1.00190", "2015-09-30": "1.13640", "2015-06-30": "0.83170", "2015-03-31": "-0.15190", "2014-12-31": "1.63520", "2014-09-30": "2.75550", "2014-06-30": "2.84860", "2014-03-31": "3.32530", "2013-12-31": "3.46760", "2013-09-30": "3.08330", "2013-06-30": "2.47920", "2013-03-31": "3.61130", "2012-12-31": "2.27890", "2012-09-30": "2.07600", "2012-06-30": "2.66410", "2012-03-31": "2.68010", "2011-12-31": "3.74320", "2011-09-30": "2.49270", "2011-06-30": "2.18540", "2011-03-31": "3.33670", "2010-12-31": "2.57510", "2010-09-30": "-0.02790", "2010-06-30": "1.20660", "2010-03-31": "0.79370", "2009-12-31": "0.17450", "2009-09-30": "0.49850", "2009-06-30": "0.38320", "2009-03-31": "-0.46240", "2008-12-31": "-2.35960", "2008-09-30": "0.70260", "2008-06-30": "4.16550", "2008-03-31": "0.75280", "2007-12-31": "0.05780", "2007-09-30": "0.87970", "2007-06-30": "1.84350", "2007-03-31": "1.24400", "2006-12-31": "-1.18930", "2006-09-30": "13.66600", "2006-06-30": "-0.48930", "2006-03-31": "-0.28520", "2005-12-31": "-0.25050", "2005-09-30": "-0.23450", "2005-06-30": "-1.06810", "2005-03-31": "-0.77360"}, "ROI - Return On Investment": {"2020-09-30": "-6.92000", "2020-06-30": "-5.76310", "2020-03-31": "-3.71330", "2019-12-31": "-0.15030", "2019-09-30": "0.24250", "2019-06-30": "1.29940", "2019-03-31": "1.44570", "2018-12-31": "4.59210", "2018-09-30": "2.14710", "2018-06-30": "2.06250", "2018-03-31": "-1.37390", "2017-12-31": "5.11040", "2017-09-30": "1.04200", "2017-06-30": "1.05070", "2017-03-31": "1.30370", "2016-12-31": "1.21890", "2016-09-30": "-0.20620", "2016-06-30": "0.94560", "2016-03-31": "1.11480", "2015-12-31": "1.14260", "2015-09-30": "1.30560", "2015-06-30": "0.98040", "2015-03-31": "-0.18050", "2014-12-31": "1.95700", "2014-09-30": "3.30030", "2014-06-30": "3.38670", "2014-03-31": "3.93700", "2013-12-31": "4.29350", "2013-09-30": "3.95590", "2013-06-30": "3.08350", "2013-03-31": "4.43810", "2012-12-31": "2.78140", "2012-09-30": "2.50600", "2012-06-30": "3.33380", "2012-03-31": "3.37840", "2011-12-31": "5.02740", "2011-09-30": "3.13970", "2011-06-30": "2.70940", "2011-03-31": "3.91590", "2010-12-31": "3.04450", "2010-09-30": "-0.03170", "2010-06-30": "1.36160", "2010-03-31": "0.88950", "2009-12-31": "0.19670", "2009-09-30": "0.56230", "2009-06-30": "0.42620", "2009-03-31": "-0.51430", "2008-12-31": "-2.70550", "2008-09-30": "0.81060", "2008-06-30": "4.88250", "2008-03-31": "0.86200", "2007-12-31": "0.06640", "2007-09-30": "1.03730", "2007-06-30": "2.15210", "2007-03-31": "1.44860", "2006-12-31": "-1.37260", "2006-09-30": "15.33220", "2006-06-30": "-0.51940", "2006-03-31": "-0.30360", "2005-12-31": "-0.26910", "2005-09-30": "-0.25090", "2005-06-30": "-1.15480", "2005-03-31": "-0.82750"}, "Book Value Per Share": {"2020-09-30": "-5.06740", "2020-06-30": "2.54190", "2020-03-31": "9.19950", "2019-12-31": "14.35740", "2019-09-30": "15.51630", "2019-06-30": "17.20040", "2019-03-31": "17.78970", "2018-12-31": "16.92400", "2018-09-30": "14.16600", "2018-06-30": "16.74850", "2018-03-31": "7.47450", "2017-12-31": "10.46880", "2017-09-30": "3.87430", "2017-06-30": "3.48770", "2017-03-31": "3.44950", "2016-12-31": "2.53320", "2016-09-30": "-0.63330", "2016-06-30": "0.01670", "2016-03-31": "0.79530", "2015-12-31": "0.21510", "2015-09-30": "-0.59860", "2015-06-30": "-1.08980", "2015-03-31": "-1.44940", "2014-12-31": "2.08100", "2014-09-30": "2.89510", "2014-06-30": "2.84330", "2014-03-31": "3.16760", "2013-12-31": "1.30790", "2013-09-30": "2.38620", "2013-06-30": "1.75630", "2013-03-31": "2.72200", "2012-12-31": "1.03040", "2012-09-30": "7.15460", "2012-06-30": "5.92370", "2012-03-31": "4.38740", "2011-12-31": "17.77610", "2011-09-30": "22.89840", "2011-06-30": "21.91210", "2011-03-31": "20.98210", "2010-12-31": "19.10580", "2010-09-30": "26.64020", "2010-06-30": "26.71650", "2010-03-31": "26.15850", "2009-12-31": "25.63300", "2009-09-30": "15.39320", "2009-06-30": "15.05470", "2009-03-31": "14.79460", "2008-12-31": "14.29830", "2008-09-30": "13.47170", "2008-06-30": "15.50320", "2008-03-31": "15.71520", "2007-12-31": "17.03380", "2007-09-30": "17.33140", "2007-06-30": "16.65780", "2007-03-31": "16.72150", "2006-12-31": "16.15110", "2006-09-30": "22.58010", "2006-06-30": "15.58750", "2006-03-31": "15.70950", "2005-12-31": "15.73420", "2005-09-30": "15.79460", "2005-06-30": "15.86710", "2005-03-31": "16.27010"}, "Operating Cash Flow Per Share": {"2020-09-30": -1.6172, "2020-06-30": -4.0427, "2020-03-31": "-1.65470", "2019-12-31": 1.1137, "2019-09-30": 2.5538, "2019-06-30": 2.2906, "2019-03-31": "2.46430", "2018-12-31": 4.3958, "2018-09-30": 4.0957, "2018-06-30": 1.0147, "2018-03-31": "-0.52300", "2017-12-31": 5.8628, "2017-09-30": 4.5878, "2017-06-30": 3.7782, "2017-03-31": "4.06180", "2016-12-31": 2.8169, "2016-09-30": 3.0806, "2016-06-30": 2.4966, "2016-03-31": "1.13460", "2015-12-31": 2.2327, "2015-09-30": 1.5693, "2015-06-30": 1.9804, "2015-03-31": "-0.14840", "2014-12-31": 1.2247, "2014-09-30": 3.8838, "2014-06-30": 3.6156, "2014-03-31": "2.05100", "2013-12-31": 3.8776, "2013-09-30": 3.649, "2013-06-30": 4.8174, "2013-03-31": "4.15170", "2012-12-31": 1.569, "2012-09-30": 3.2628, "2012-06-30": 3.5731, "2012-03-31": "2.96900", "2011-12-31": 2.9327, "2011-09-30": 2.5202, "2011-06-30": 4.0316, "2011-03-31": "2.57780", "2010-12-31": 3.1458, "2010-09-30": 1.9721, "2010-06-30": 2.2657, "2010-03-31": "1.14730", "2009-12-31": 1.2949, "2009-09-30": 2.2445, "2009-06-30": 0.8632, "2009-03-31": "0.53940", "2008-12-31": 0.0929, "2008-09-30": 1.6724, "2008-06-30": 1.7979, "2008-03-31": "1.21730", "2007-12-31": 0.9713, "2007-09-30": 1.8832, "2007-06-30": 1.4463, "2007-03-31": "1.56130", "2006-12-31": 0.6335, "2006-09-30": 1.1081, "2006-06-30": 0.0777, "2006-03-31": "0.33760", "2005-12-31": 0.3643, "2005-09-30": 0.3154, "2005-06-30": -0.1266, "2005-03-31": "-0.06000"}, "Free Cash Flow Per Share": {"2020-09-30": -2.301, "2020-06-30": -4.5181, "2020-03-31": "-2.94060", "2019-12-31": -0.5872, "2019-09-30": 0.2545, "2019-06-30": -0.7473, "2019-03-31": "-0.42980", "2018-12-31": 1.7473, "2018-09-30": 1.2141, "2018-06-30": -1.7222, "2018-03-31": "-5.53950", "2017-12-31": 3.072, "2017-09-30": 2.0923, "2017-06-30": 1.3741, "2017-03-31": "2.83290", "2016-12-31": 0.1917, "2016-09-30": -0.9295, "2016-06-30": -0.1912, "2016-03-31": "-1.54040", "2015-12-31": -2.6677, "2015-09-30": -2.9516, "2015-06-30": -2.3668, "2015-03-31": "-5.27660", "2014-12-31": -3.5459, "2014-09-30": 1.0677, "2014-06-30": 1.2581, "2014-03-31": "0.33490", "2013-12-31": 2.2144, "2013-09-30": 2.3185, "2013-06-30": 3.5291, "2013-03-31": "3.57170", "2012-12-31": 0.9272, "2012-09-30": 2.7418, "2012-06-30": 2.74, "2012-03-31": "2.66030", "2011-12-31": 2.1522, "2011-09-30": 2.248, "2011-06-30": 3.8821, "2011-03-31": "2.32020", "2010-12-31": 2.7205, "2010-09-30": 1.6256, "2010-06-30": 1.4716, "2010-03-31": "0.42310", "2009-12-31": 0.3117, "2009-09-30": 1.2389, "2009-06-30": -0.0076, "2009-03-31": "-1.09260", "2008-12-31": -2.9797, "2008-09-30": -1.9785, "2008-06-30": -1.1053, "2008-03-31": "-1.27630", "2007-12-31": -1.4392, "2007-09-30": -1.0813, "2007-06-30": -0.6362, "2007-03-31": "0.25820", "2006-12-31": -1.041, "2006-09-30": -0.7212, "2006-06-30": -1.0131, "2006-03-31": "-0.83130", "2005-12-31": -1.0633, "2005-09-30": -1.4816, "2005-06-30": -2.8505, "2005-03-31": "-3.03210"}}, "revenue": {"Wynn Resorts Annual Revenue (Millions of US $)": {"2020": "$2,096", "2019": "$6,611", "2018": "$6,718", "2017": "$6,070", "2016": "$4,346", "2015": "$4,076", "2014": "$5,434", "2013": "$5,621", "2012": "$5,154", "2011": "$5,270", "2010": "$4,185", "2009": "$3,046", "2008": "$2,987", "2007": "$2,688", "2006": "$1,432", "2005": "$722"}, "Wynn Resorts Quarterly Revenue (Millions of US $)": {"2020-12-31": "$686", "2020-09-30": "$370", "2020-06-30": "$86", "2020-03-31": "$954", "2019-12-31": "$1,653", "2019-09-30": "$1,648", "2019-06-30": "$1,658", "2019-03-31": "$1,652", "2018-12-31": "$1,688", "2018-09-30": "$1,709", "2018-06-30": "$1,605", "2018-03-31": "$1,716", "2017-12-31": "$1,622", "2017-09-30": "$1,551", "2017-06-30": "$1,473", "2017-03-31": "$1,424", "2016-12-31": "$1,180", "2016-09-30": "$1,110", "2016-06-30": "$1,058", "2016-03-31": "$998", "2015-12-31": "$947", "2015-09-30": "$996", "2015-06-30": "$1,040", "2015-03-31": "$1,092", "2014-12-31": "$1,138", "2014-09-30": "$1,370", "2014-06-30": "$1,412", "2014-03-31": "$1,514", "2013-12-31": "$1,520", "2013-09-30": "$1,390", "2013-06-30": "$1,332", "2013-03-31": "$1,379", "2012-12-31": "$1,289", "2012-09-30": "$1,298", "2012-06-30": "$1,253", "2012-03-31": "$1,313", "2011-12-31": "$1,344", "2011-09-30": "$1,298", "2011-06-30": "$1,367", "2011-03-31": "$1,260", "2010-12-31": "$1,237", "2010-09-30": "$1,006", "2010-06-30": "$1,033", "2010-03-31": "$909", "2009-12-31": "$809", "2009-09-30": "$773", "2009-06-30": "$723", "2009-03-31": "$740", "2008-12-31": "$614", "2008-09-30": "$769", "2008-06-30": "$825", "2008-03-31": "$779", "2007-12-31": "$711", "2007-09-30": "$653", "2007-06-30": "$688", "2007-03-31": "$635", "2006-12-31": "$564", "2006-09-30": "$318", "2006-06-30": "$273", "2006-03-31": "$277", "2005-12-31": "$269", "2005-09-30": "$251", "2005-06-30": "$201", "2005-03-31": ""}}, "gross-profit": {"Wynn Resorts Annual Gross Profit (Millions of US $)": {"2020": "$353", "2019": "$2,544", "2018": "$2,631", "2017": "$2,343", "2016": "$1,692", "2015": "$1,546", "2014": "$2,117", "2013": "$2,142", "2012": "$1,903", "2011": "$1,960", "2010": "$1,485", "2009": "$1,055", "2008": "$1,049", "2007": "$1,062", "2006": "$590", "2005": "$324"}, "Wynn Resorts Quarterly Gross Profit (Millions of US $)": {"2020-12-31": "$207", "2020-09-30": "$84", "2020-06-30": "$-155", "2020-03-31": "$216", "2019-12-31": "$646", "2019-09-30": "$611", "2019-06-30": "$642", "2019-03-31": "$645", "2018-12-31": "$653", "2018-09-30": "$657", "2018-06-30": "$620", "2018-03-31": "$702", "2017-12-31": "$617", "2017-09-30": "$611", "2017-06-30": "$561", "2017-03-31": "$554", "2016-12-31": "$481", "2016-09-30": "$415", "2016-06-30": "$407", "2016-03-31": "$390", "2015-12-31": "$371", "2015-09-30": "$373", "2015-06-30": "$386", "2015-03-31": "$415", "2014-12-31": "$438", "2014-09-30": "$551", "2014-06-30": "$553", "2014-03-31": "$575", "2013-12-31": "$587", "2013-09-30": "$527", "2013-06-30": "$494", "2013-03-31": "$534", "2012-12-31": "$487", "2012-09-30": "$485", "2012-06-30": "$444", "2012-03-31": "$487", "2011-12-31": "$493", "2011-09-30": "$462", "2011-06-30": "$522", "2011-03-31": "$483", "2010-12-31": "$453", "2010-09-30": "$353", "2010-06-30": "$362", "2010-03-31": "$318", "2009-12-31": "$271", "2009-09-30": "$277", "2009-06-30": "$265", "2009-03-31": "$242", "2008-12-31": "$188", "2008-09-30": "$281", "2008-06-30": "$306", "2008-03-31": "$274", "2007-12-31": "$270", "2007-09-30": "$252", "2007-06-30": "$280", "2007-03-31": "$260", "2006-12-31": "$229", "2006-09-30": "$127", "2006-06-30": "$114", "2006-03-31": "$120", "2005-12-31": "$120", "2005-09-30": "$111", "2005-06-30": "$93", "2005-03-31": "$-0"}}, "operating-income": {"Wynn Resorts Annual Operating Income (Millions of US $)": {"2020": "$-1,232", "2019": "$878", "2018": "$736", "2017": "$1,056", "2016": "$522", "2015": "$659", "2014": "$1,266", "2013": "$1,290", "2012": "$1,029", "2011": "$1,008", "2010": "$625", "2009": "$235", "2008": "$312", "2007": "$427", "2006": "$71", "2005": "$-25"}, "Wynn Resorts Quarterly Operating Income (Millions of US $)": {"2020-12-31": "$-179", "2020-09-30": "$-283", "2020-06-30": "$-523", "2020-03-31": "$-247", "2019-12-31": "$227", "2019-09-30": "$178", "2019-06-30": "$219", "2019-03-31": "$255", "2018-12-31": "$246", "2018-09-30": "$291", "2018-06-30": "$280", "2018-03-31": "$-81", "2017-12-31": "$301", "2017-09-30": "$257", "2017-06-30": "$247", "2017-03-31": "$250", "2016-12-31": "$139", "2016-09-30": "$77", "2016-06-30": "$148", "2016-03-31": "$158", "2015-12-31": "$152", "2015-09-30": "$153", "2015-06-30": "$169", "2015-03-31": "$185", "2014-12-31": "$216", "2014-09-30": "$333", "2014-06-30": "$341", "2014-03-31": "$377", "2013-12-31": "$368", "2013-09-30": "$314", "2013-06-30": "$274", "2013-03-31": "$334", "2012-12-31": "$258", "2012-09-30": "$247", "2012-06-30": "$264", "2012-03-31": "$260", "2011-12-31": "$275", "2011-09-30": "$240", "2011-06-30": "$213", "2011-03-31": "$281", "2010-12-31": "$230", "2010-09-30": "$132", "2010-06-30": "$148", "2010-03-31": "$115", "2009-12-31": "$46", "2009-09-30": "$79", "2009-06-30": "$83", "2009-03-31": "$27", "2008-12-31": "$-1", "2008-09-30": "$78", "2008-06-30": "$144", "2008-03-31": "$91", "2007-12-31": "$107", "2007-09-30": "$86", "2007-06-30": "$126", "2007-03-31": "$108", "2006-12-31": "$78", "2006-09-30": "$-19", "2006-06-30": "$2", "2006-03-31": "$10", "2005-12-31": "$10", "2005-09-30": "$15", "2005-06-30": "$-7", "2005-03-31": "$-42"}}, "ebitda": {"Wynn Resorts Annual EBITDA (Millions of US $)": {"2019": "$1,532", "2018": "$1,323", "2017": "$1,633", "2016": "$951", "2015": "$1,001", "2014": "$1,617", "2013": "$1,683", "2012": "$1,426", "2011": "$1,426", "2010": "$1,055", "2009": "$672", "2008": "$597", "2007": "$670", "2006": "$270", "2005": "$93"}, "Wynn Resorts Quarterly EBITDA (Millions of US $)": {"2020-09-30": "$-92", "2020-06-30": "$-337", "2020-03-31": "$-62", "2019-12-31": "$408", "2019-09-30": "$358", "2019-06-30": "$366", "2019-03-31": "$399", "2018-12-31": "$397", "2018-09-30": "$436", "2018-06-30": "$426", "2018-03-31": "$64", "2017-12-31": "$445", "2017-09-30": "$402", "2017-06-30": "$391", "2017-03-31": "$396", "2016-12-31": "$286", "2016-09-30": "$190", "2016-06-30": "$233", "2016-03-31": "$242", "2015-12-31": "$236", "2015-09-30": "$235", "2015-06-30": "$256", "2015-03-31": "$274", "2014-12-31": "$312", "2014-09-30": "$420", "2014-06-30": "$425", "2014-03-31": "$460", "2013-12-31": "$469", "2013-09-30": "$413", "2013-06-30": "$371", "2013-03-31": "$431", "2012-12-31": "$356", "2012-09-30": "$347", "2012-06-30": "$363", "2012-03-31": "$359", "2011-12-31": "$374", "2011-09-30": "$346", "2011-06-30": "$321", "2011-03-31": "$385", "2010-12-31": "$336", "2010-09-30": "$239", "2010-06-30": "$256", "2010-03-31": "$225", "2009-12-31": "$155", "2009-09-30": "$187", "2009-06-30": "$193", "2009-03-31": "$137", "2008-12-31": "$76", "2008-09-30": "$148", "2008-06-30": "$213", "2008-03-31": "$160", "2007-12-31": "$174", "2007-09-30": "$148", "2007-06-30": "$184", "2007-03-31": "$164", "2006-12-31": "$136", "2006-09-30": "$32", "2006-06-30": "$46", "2006-03-31": "$55", "2005-12-31": "$53", "2005-09-30": "$52", "2005-06-30": "$23", "2005-03-31": "$-36"}}, "net-income": {"Wynn Resorts Annual Net Income (Millions of US $)": {"2020": "$-2,067", "2019": "$123", "2018": "$572", "2017": "$747", "2016": "$242", "2015": "$195", "2014": "$732", "2013": "$729", "2012": "$502", "2011": "$613", "2010": "$160", "2009": "$21", "2008": "$210", "2007": "$196", "2006": "$629", "2005": "$-91"}, "Wynn Resorts Quarterly Net Income (Millions of US $)": {"2020-12-31": "$-270", "2020-09-30": "$-758", "2020-06-30": "$-638", "2020-03-31": "$-402", "2019-12-31": "$-73", "2019-09-30": "$-3", "2019-06-30": "$95", "2019-03-31": "$105", "2018-12-31": "$465", "2018-09-30": "$156", "2018-06-30": "$156", "2018-03-31": "$-204", "2017-12-31": "$492", "2017-09-30": "$80", "2017-06-30": "$75", "2017-03-31": "$101", "2016-12-31": "$114", "2016-09-30": "$-17", "2016-06-30": "$70", "2016-03-31": "$75", "2015-12-31": "$87", "2015-09-30": "$96", "2015-06-30": "$56", "2015-03-31": "$-45", "2014-12-31": "$109", "2014-09-30": "$191", "2014-06-30": "$204", "2014-03-31": "$227", "2013-12-31": "$214", "2013-09-30": "$182", "2013-06-30": "$130", "2013-03-31": "$203", "2012-12-31": "$111", "2012-09-30": "$112", "2012-06-30": "$138", "2012-03-31": "$141", "2011-12-31": "$190", "2011-09-30": "$127", "2011-06-30": "$122", "2011-03-31": "$174", "2010-12-31": "$114", "2010-09-30": "$-34", "2010-06-30": "$52", "2010-03-31": "$27", "2009-12-31": "$-5", "2009-09-30": "$34", "2009-06-30": "$25", "2009-03-31": "$-34", "2008-12-31": "$-159", "2008-09-30": "$51", "2008-06-30": "$272", "2008-03-31": "$47", "2007-12-31": "$4", "2007-09-30": "$45", "2007-06-30": "$90", "2007-03-31": "$58", "2006-12-31": "$-55", "2006-09-30": "$716", "2006-06-30": "$-20", "2006-03-31": "$-11", "2005-12-31": "$-10", "2005-09-30": "$-9", "2005-06-30": "$-42", "2005-03-31": "$-30"}}, "eps-earnings-per-share-diluted": {"Wynn Resorts Annual EPS": {"2020": "$-19.37", "2019": "$1.15", "2018": "$5.35", "2017": "$7.28", "2016": "$2.38", "2015": "$1.92", "2014": "$7.18", "2013": "$7.17", "2012": "$4.82", "2011": "$4.88", "2010": "$1.29", "2009": "$0.17", "2008": "$1.92", "2007": "$1.80", "2006": "$6.24", "2005": "$-0.92"}, "Wynn Resorts Quarterly EPS": {"2020-12-31": "$-2.53", "2020-09-30": "$-7.10", "2020-06-30": "$-5.97", "2020-03-31": "$-3.77", "2019-12-31": "$-0.68", "2019-09-30": "$-0.03", "2019-06-30": "$0.88", "2019-03-31": "$0.98", "2018-12-31": "$4.46", "2018-09-30": "$1.44", "2018-06-30": "$1.44", "2018-03-31": "$-1.99", "2017-12-31": "$4.78", "2017-09-30": "$0.78", "2017-06-30": "$0.73", "2017-03-31": "$0.99", "2016-12-31": "$1.12", "2016-09-30": "$-0.17", "2016-06-30": "$0.69", "2016-03-31": "$0.74", "2015-12-31": "$0.85", "2015-09-30": "$0.95", "2015-06-30": "$0.56", "2015-03-31": "$-0.44", "2014-12-31": "$1.08", "2014-09-30": "$1.88", "2014-06-30": "$2.00", "2014-03-31": "$2.22", "2013-12-31": "$2.10", "2013-09-30": "$1.79", "2013-06-30": "$1.28", "2013-03-31": "$2.00", "2012-12-31": "$1.11", "2012-09-30": "$1.11", "2012-06-30": "$1.37", "2012-03-31": "$1.23", "2011-12-31": "$1.51", "2011-09-30": "$1.01", "2011-06-30": "$0.97", "2011-03-31": "$1.39", "2010-12-31": "$0.92", "2010-09-30": "$-0.27", "2010-06-30": "$0.42", "2010-03-31": "$0.22", "2009-12-31": "$-0.02", "2009-09-30": "$0.28", "2009-06-30": "$0.21", "2009-03-31": "$-0.30", "2008-12-31": "$-1.40", "2008-09-30": "$0.49", "2008-06-30": "$2.42", "2008-03-31": "$0.41", "2007-12-31": "$0.03", "2007-09-30": "$0.41", "2007-06-30": "$0.82", "2007-03-31": "$0.54", "2006-12-31": "$0.13", "2006-09-30": "$6.43", "2006-06-30": "$-0.20", "2006-03-31": "$-0.12", "2005-12-31": "$-0.10", "2005-09-30": "$-0.09", "2005-06-30": "$-0.43", "2005-03-31": "$-0.30"}}, "shares-outstanding": {"Wynn Resorts Annual Shares Outstanding (Millions of Shares)": {"2020": "107", "2019": "107", "2018": "107", "2017": "103", "2016": "102", "2015": "102", "2014": "102", "2013": "102", "2012": "104", "2011": "126", "2010": "124", "2009": "120", "2008": "109", "2007": "113", "2006": "112", "2005": "98"}, "Wynn Resorts Quarterly Shares Outstanding (Millions of Shares)": {"2020-12-31": "107", "2020-09-30": "107", "2020-06-30": "107", "2020-03-31": "107", "2019-12-31": "107", "2019-09-30": "107", "2019-06-30": "107", "2019-03-31": "107", "2018-12-31": "107", "2018-09-30": "109", "2018-06-30": "108", "2018-03-31": "103", "2017-12-31": "103", "2017-09-30": "103", "2017-06-30": "102", "2017-03-31": "102", "2016-12-31": "102", "2016-09-30": "101", "2016-06-30": "102", "2016-03-31": "102", "2015-12-31": "102", "2015-09-30": "102", "2015-06-30": "102", "2015-03-31": "101", "2014-12-31": "102", "2014-09-30": "102", "2014-06-30": "102", "2014-03-31": "102", "2013-12-31": "102", "2013-09-30": "102", "2013-06-30": "102", "2013-03-31": "101", "2012-12-31": "104", "2012-09-30": "101", "2012-06-30": "101", "2012-03-31": "114", "2011-12-31": "126", "2011-09-30": "126", "2011-06-30": "126", "2011-03-31": "125", "2010-12-31": "124", "2010-09-30": "123", "2010-06-30": "124", "2010-03-31": "123", "2009-12-31": "120", "2009-09-30": "123", "2009-06-30": "122", "2009-03-31": "113", "2008-12-31": "109", "2008-09-30": "104", "2008-06-30": "112", "2008-03-31": "114", "2007-12-31": "113", "2007-09-30": "111", "2007-06-30": "112", "2007-03-31": "112", "2006-12-31": "112", "2006-09-30": "112", "2006-06-30": "100", "2006-03-31": "99", "2005-12-31": "98", "2005-09-30": "98", "2005-06-30": "98", "2005-03-31": "98"}}, "total-assets": {"Wynn Resorts Annual Total Assets (Millions of US $)": {"2019": "$13,871", "2018": "$13,216", "2017": "$12,682", "2016": "$11,954", "2015": "$10,459", "2014": "$9,063", "2013": "$8,377", "2012": "$7,277", "2011": "$6,899", "2010": "$6,674", "2009": "$7,582", "2008": "$6,756", "2007": "$6,299", "2006": "$4,660", "2005": "$3,945"}, "Wynn Resorts Quarterly Total Assets (Millions of US $)": {"2020-09-30": "$13,967", "2020-06-30": "$14,886", "2020-03-31": "$14,273", "2019-12-31": "$13,871", "2019-09-30": "$13,277", "2019-06-30": "$13,165", "2019-03-31": "$13,161", "2018-12-31": "$13,216", "2018-09-30": "$12,377", "2018-06-30": "$11,817", "2018-03-31": "$12,215", "2017-12-31": "$12,682", "2017-09-30": "$12,428", "2017-06-30": "$11,857", "2017-03-31": "$11,830", "2016-12-31": "$11,954", "2016-09-30": "$10,926", "2016-06-30": "$10,610", "2016-03-31": "$10,647", "2015-12-31": "$10,459", "2015-09-30": "$9,981", "2015-06-30": "$9,283", "2015-03-31": "$9,152", "2014-12-31": "$9,063", "2014-09-30": "$9,182", "2014-06-30": "$9,071", "2014-03-31": "$9,113", "2013-12-31": "$8,377", "2013-09-30": "$8,070", "2013-06-30": "$7,773", "2013-03-31": "$7,536", "2012-12-31": "$7,277", "2012-09-30": "$7,956", "2012-06-30": "$7,481", "2012-03-31": "$7,403", "2011-12-31": "$6,899", "2011-09-30": "$7,429", "2011-06-30": "$7,108", "2011-03-31": "$6,783", "2010-12-31": "$6,674", "2010-09-30": "$7,362", "2010-06-30": "$7,369", "2010-03-31": "$7,290", "2009-12-31": "$7,582", "2009-09-30": "$6,862", "2009-06-30": "$6,649", "2009-03-31": "$7,312", "2008-12-31": "$6,756", "2008-09-30": "$7,288", "2008-06-30": "$6,529", "2008-03-31": "$6,206", "2007-12-31": "$6,299", "2007-09-30": "$5,086", "2007-06-30": "$4,858", "2007-03-31": "$4,695", "2006-12-31": "$4,660", "2006-09-30": "$5,237", "2006-06-30": "$4,101", "2006-03-31": "$4,009", "2005-12-31": "$3,945", "2005-09-30": "$3,943", "2005-06-30": "$3,912", "2005-03-31": "$3,868"}}, "cash-on-hand": {"Wynn Resorts Annual Cash on Hand (Millions of US $)": {"2019": "$2,352", "2018": "$2,215", "2017": "$2,971", "2016": "$2,627", "2015": "$2,195", "2014": "$2,422", "2013": "$2,609", "2012": "$1,864", "2011": "$1,385", "2010": "$1,258", "2009": "$1,992", "2008": "$1,134", "2007": "$1,275", "2006": "$848", "2005": "$533"}, "Wynn Resorts Quarterly Cash on Hand (Millions of US $)": {"2020-09-30": "$3,555", "2020-06-30": "$3,798", "2020-03-31": "$2,881", "2019-12-31": "$2,352", "2019-09-30": "$1,676", "2019-06-30": "$1,502", "2019-03-31": "$1,823", "2018-12-31": "$2,215", "2018-09-30": "$1,949", "2018-06-30": "$1,505", "2018-03-31": "$2,061", "2017-12-31": "$2,971", "2017-09-30": "$3,093", "2017-06-30": "$2,623", "2017-03-31": "$2,677", "2016-12-31": "$2,627", "2016-09-30": "$1,737", "2016-06-30": "$2,113", "2016-03-31": "$2,286", "2015-12-31": "$2,195", "2015-09-30": "$2,025", "2015-06-30": "$1,703", "2015-03-31": "$1,969", "2014-12-31": "$2,422", "2014-09-30": "$3,142", "2014-06-30": "$3,277", "2014-03-31": "$3,492", "2013-12-31": "$2,609", "2013-09-30": "$2,436", "2013-06-30": "$2,175", "2013-03-31": "$2,153", "2012-12-31": "$1,864", "2012-09-30": "$2,530", "2012-06-30": "$2,152", "2012-03-31": "$1,993", "2011-12-31": "$1,385", "2011-09-30": "$1,910", "2011-06-30": "$1,784", "2011-03-31": "$1,447", "2010-12-31": "$1,258", "2010-09-30": "$1,922", "2010-06-30": "$1,858", "2010-03-31": "$1,757", "2009-12-31": "$1,992", "2009-09-30": "$1,296", "2009-06-30": "$1,090", "2009-03-31": "$1,719", "2008-12-31": "$1,134", "2008-09-30": "$1,714", "2008-06-30": "$1,378", "2008-03-31": "$1,239", "2007-12-31": "$1,275", "2007-09-30": "$845", "2007-06-30": "$849", "2007-03-31": "$844", "2006-12-31": "$848", "2006-09-30": "$1,503", "2006-06-30": "$461", "2006-03-31": "$555", "2005-12-31": "$533", "2005-09-30": "$651", "2005-06-30": "$623", "2005-03-31": "$563"}}, "long-term-debt": {"Wynn Resorts Annual Long Term Debt (Millions of US $)": {"2019": "$10,080", "2018": "$9,411", "2017": "$9,566", "2016": "$10,125", "2015": "$9,150", "2014": "$7,361", "2013": "$6,633", "2012": "$5,858", "2011": "$2,914", "2010": "$3,265", "2009": "$3,566", "2008": "$4,290", "2007": "$3,539", "2006": "$2,392", "2005": "$2,110"}, "Wynn Resorts Quarterly Long Term Debt (Millions of US $)": {"2020-09-30": "$12,563", "2020-06-30": "$12,477", "2020-03-31": "$11,133", "2019-12-31": "$10,080", "2019-09-30": "$9,422", "2019-06-30": "$9,095", "2019-03-31": "$9,134", "2018-12-31": "$9,411", "2018-09-30": "$8,695", "2018-06-30": "$8,134", "2018-03-31": "$9,235", "2017-12-31": "$9,566", "2017-09-30": "$9,772", "2017-06-30": "$9,806", "2017-03-31": "$9,813", "2016-12-31": "$10,125", "2016-09-30": "$9,441", "2016-06-30": "$9,457", "2016-03-31": "$9,409", "2015-12-31": "$9,150", "2015-09-30": "$8,748", "2015-06-30": "$7,985", "2015-03-31": "$7,850", "2014-12-31": "$7,361", "2014-09-30": "$7,373", "2014-06-30": "$7,342", "2014-03-31": "$7,377", "2013-12-31": "$6,633", "2013-09-30": "$6,048", "2013-06-30": "$6,072", "2013-03-31": "$5,857", "2012-12-31": "$5,858", "2012-09-30": "$5,872", "2012-06-30": "$5,382", "2012-03-31": "$5,432", "2011-12-31": "$2,914", "2011-09-30": "$3,037", "2011-06-30": "$2,995", "2011-03-31": "$3,164", "2010-12-31": "$3,265", "2010-09-30": "$3,176", "2010-06-30": "$3,231", "2010-03-31": "$3,279", "2009-12-31": "$3,566", "2009-09-30": "$4,189", "2009-06-30": "$4,124", "2009-03-31": "$4,754", "2008-12-31": "$4,290", "2008-09-30": "$4,915", "2008-06-30": "$3,896", "2008-03-31": "$3,662", "2007-12-31": "$3,539", "2007-09-30": "$2,407", "2007-06-30": "$2,483", "2007-03-31": "$2,327", "2006-12-31": "$2,392", "2006-09-30": "$2,375", "2006-06-30": "$2,294", "2006-03-31": "$2,195", "2005-12-31": "$2,110", "2005-09-30": "$2,117", "2005-06-30": "$2,042", "2005-03-31": "$2,001"}}, "total-liabilities": {"Wynn Resorts Annual Total Liabilities (Millions of US $)": {"2019": "$12,330", "2018": "$11,401", "2017": "$11,603", "2016": "$11,696", "2015": "$10,437", "2014": "$8,852", "2013": "$8,245", "2012": "$7,173", "2011": "$4,676", "2010": "$4,294", "2009": "$4,421", "2008": "$5,154", "2007": "$4,351", "2006": "$3,015", "2005": "$2,382"}, "Wynn Resorts Quarterly Total Liabilities (Millions of US $)": {"2020-09-30": "$14,514", "2020-06-30": "$14,611", "2020-03-31": "$13,281", "2019-12-31": "$12,330", "2019-09-30": "$11,611", "2019-06-30": "$11,314", "2019-03-31": "$11,246", "2018-12-31": "$11,401", "2018-09-30": "$10,837", "2018-06-30": "$9,997", "2018-03-31": "$11,444", "2017-12-31": "$11,603", "2017-09-30": "$12,030", "2017-06-30": "$11,499", "2017-03-31": "$11,477", "2016-12-31": "$11,696", "2016-09-30": "$10,990", "2016-06-30": "$10,609", "2016-03-31": "$10,566", "2015-12-31": "$10,437", "2015-09-30": "$10,042", "2015-06-30": "$9,394", "2015-03-31": "$9,299", "2014-12-31": "$8,852", "2014-09-30": "$8,888", "2014-06-30": "$8,783", "2014-03-31": "$8,792", "2013-12-31": "$8,245", "2013-09-30": "$7,828", "2013-06-30": "$7,596", "2013-03-31": "$7,261", "2012-12-31": "$7,173", "2012-09-30": "$7,237", "2012-06-30": "$6,885", "2012-03-31": "$6,962", "2011-12-31": "$4,676", "2011-09-30": "$4,568", "2011-06-30": "$4,370", "2011-03-31": "$4,167", "2010-12-31": "$4,294", "2010-09-30": "$4,060", "2010-06-30": "$4,070", "2010-03-31": "$4,065", "2009-12-31": "$4,421", "2009-09-30": "$4,967", "2009-06-30": "$4,796", "2009-03-31": "$5,492", "2008-12-31": "$5,154", "2008-09-30": "$5,886", "2008-06-30": "$4,855", "2008-03-31": "$4,448", "2007-12-31": "$4,351", "2007-09-30": "$3,180", "2007-06-30": "$3,179", "2007-03-31": "$2,990", "2006-12-31": "$3,015", "2006-09-30": "$2,944", "2006-06-30": "$2,532", "2006-03-31": "$2,437", "2005-12-31": "$2,382", "2005-09-30": "$2,374", "2005-06-30": "$2,336", "2005-03-31": "$2,253"}}, "total-share-holder-equity": {"Wynn Resorts Annual Share Holder Equity (Millions of US $)": {"2019": "$1,541", "2018": "$1,815", "2017": "$1,078", "2016": "$258", "2015": "$22", "2014": "$211", "2013": "$132", "2012": "$104", "2011": "$2,223", "2010": "$2,381", "2009": "$3,160", "2008": "$1,602", "2007": "$1,948", "2006": "$1,646", "2005": "$1,563"}, "Wynn Resorts Quarterly Share Holder Equity (Millions of US $)": {"2020-09-30": "$-547", "2020-06-30": "$274", "2020-03-31": "$992", "2019-12-31": "$1,541", "2019-09-30": "$1,666", "2019-06-30": "$1,851", "2019-03-31": "$1,915", "2018-12-31": "$1,815", "2018-09-30": "$1,540", "2018-06-30": "$1,820", "2018-03-31": "$771", "2017-12-31": "$1,078", "2017-09-30": "$398", "2017-06-30": "$358", "2017-03-31": "$353", "2016-12-31": "$258", "2016-09-30": "$-64", "2016-06-30": "$2", "2016-03-31": "$81", "2015-12-31": "$22", "2015-09-30": "$-61", "2015-06-30": "$-111", "2015-03-31": "$-147", "2014-12-31": "$211", "2014-09-30": "$293", "2014-06-30": "$288", "2014-03-31": "$321", "2013-12-31": "$132", "2013-09-30": "$241", "2013-06-30": "$178", "2013-03-31": "$275", "2012-12-31": "$104", "2012-09-30": "$719", "2012-06-30": "$595", "2012-03-31": "$441", "2011-12-31": "$2,223", "2011-09-30": "$2,861", "2011-06-30": "$2,738", "2011-03-31": "$2,616", "2010-12-31": "$2,381", "2010-09-30": "$3,302", "2010-06-30": "$3,299", "2010-03-31": "$3,226", "2009-12-31": "$3,160", "2009-09-30": "$1,895", "2009-06-30": "$1,853", "2009-03-31": "$1,821", "2008-12-31": "$1,602", "2008-09-30": "$1,401", "2008-06-30": "$1,674", "2008-03-31": "$1,757", "2007-12-31": "$1,948", "2007-09-30": "$1,907", "2007-06-30": "$1,678", "2007-03-31": "$1,705", "2006-12-31": "$1,646", "2006-09-30": "$2,292", "2006-06-30": "$1,570", "2006-03-31": "$1,572", "2005-12-31": "$1,563", "2005-09-30": "$1,569", "2005-06-30": "$1,576", "2005-03-31": "$1,615"}}, "profit-margins": {"current": "-98.64%"}, "gross margin": {"2020-12-31": "16.79%", "2020-09-30": "25.82%", "2020-06-30": "30.36%", "2020-03-31": "35.77%", "2019-12-31": "38.48%", "2019-09-30": "38.38%", "2019-06-30": "38.72%", "2019-03-31": "38.70%", "2018-12-31": "39.18%", "2018-09-30": "39.03%", "2018-06-30": "39.27%", "2018-03-31": "39.15%", "2017-12-31": "38.60%", "2017-09-30": "39.21%", "2017-06-30": "38.77%", "2017-03-31": "38.91%", "2016-12-31": "38.96%", "2016-09-30": "38.49%", "2016-06-30": "38.53%", "2016-03-31": "38.18%", "2015-12-31": "37.91%", "2015-09-30": "37.79%", "2015-06-30": "38.58%", "2015-03-31": "39.05%", "2014-12-31": "38.96%", "2014-09-30": "38.96%", "2014-06-30": "38.42%", "2014-03-31": "37.93%", "2013-12-31": "38.11%", "2013-09-30": "37.88%", "2013-06-30": "37.75%", "2013-03-31": "37.36%", "2012-12-31": "36.93%", "2012-09-30": "36.66%", "2012-06-30": "36.21%", "2012-03-31": "36.90%", "2011-12-31": "37.20%", "2011-09-30": "37.19%", "2011-06-30": "37.19%", "2011-03-31": "36.40%", "2010-12-31": "35.51%", "2010-09-30": "34.71%", "2010-06-30": "34.85%", "2010-03-31": "35.19%", "2009-12-31": "34.65%", "2009-09-30": "34.11%", "2009-06-30": "34.29%", "2009-03-31": "34.50%", "2008-12-31": "35.12%", "2008-09-30": "36.67%", "2008-06-30": "37.13%", "2008-03-31": "38.01%", "2007-12-31": "39.52%", "2007-09-30": "40.20%", "2007-06-30": "40.63%", "2007-03-31": "40.78%", "2006-12-31": "41.20%", "2006-09-30": "42.30%", "2006-06-30": "43.46%", "2006-03-31": "44.49%"}, "operating margin": {"2020-12-31": "-58.78%", "2020-09-30": "-26.97%", "2020-06-30": "-8.41%", "2020-03-31": "6.38%", "2019-12-31": "13.30%", "2019-09-30": "13.51%", "2019-06-30": "15.07%", "2019-03-31": "16.11%", "2018-12-31": "10.96%", "2018-09-30": "11.89%", "2018-06-30": "11.66%", "2018-03-31": "11.38%", "2017-12-31": "17.38%", "2017-09-30": "15.87%", "2017-06-30": "13.75%", "2017-03-31": "12.87%", "2016-12-31": "12.01%", "2016-09-30": "13.01%", "2016-06-30": "15.28%", "2016-03-31": "15.88%", "2015-12-31": "16.17%", "2015-09-30": "16.95%", "2015-06-30": "19.46%", "2015-03-31": "21.45%", "2014-12-31": "23.32%", "2014-09-30": "24.40%", "2014-06-30": "23.99%", "2014-03-31": "23.16%", "2013-12-31": "22.95%", "2013-09-30": "21.89%", "2013-06-30": "21.01%", "2013-03-31": "21.13%", "2012-12-31": "19.97%", "2012-09-30": "20.08%", "2012-06-30": "19.95%", "2012-03-31": "18.56%", "2011-12-31": "19.15%", "2011-09-30": "18.67%", "2011-06-30": "17.58%", "2011-03-31": "17.44%", "2010-12-31": "14.93%", "2010-09-30": "11.74%", "2010-06-30": "11.01%", "2010-03-31": "10.05%", "2009-12-31": "7.72%", "2009-09-30": "6.60%", "2009-06-30": "6.57%", "2009-03-31": "8.41%", "2008-12-31": "10.45%", "2008-09-30": "13.62%", "2008-06-30": "14.42%", "2008-03-31": "14.48%", "2007-12-31": "15.89%", "2007-09-30": "15.67%", "2007-06-30": "13.29%", "2007-03-31": "9.44%", "2006-12-31": "4.96%", "2006-09-30": "0.26%", "2006-06-30": "3.46%", "2006-03-31": "2.81%"}, "ebitda margin": {"2020-09-30": "-2.71%", "2020-06-30": "8.45%", "2020-03-31": "18.10%", "2019-12-31": "23.16%", "2019-09-30": "22.87%", "2019-06-30": "23.83%", "2019-03-31": "24.92%", "2018-12-31": "19.69%", "2018-09-30": "20.61%", "2018-06-30": "20.59%", "2018-03-31": "20.47%", "2017-12-31": "26.92%", "2017-09-30": "26.21%", "2017-06-30": "24.35%", "2017-03-31": "23.16%", "2016-12-31": "21.88%", "2016-09-30": "21.91%", "2016-06-30": "23.66%", "2016-03-31": "24.34%", "2015-12-31": "24.56%", "2015-09-30": "25.25%", "2015-06-30": "27.20%", "2015-03-31": "28.55%", "2014-12-31": "29.76%", "2014-09-30": "30.50%", "2014-06-30": "30.28%", "2014-03-31": "29.76%", "2013-12-31": "29.96%", "2013-09-30": "29.15%", "2013-06-30": "28.41%", "2013-03-31": "28.68%", "2012-12-31": "27.65%", "2012-09-30": "27.71%", "2012-06-30": "27.69%", "2012-03-31": "26.31%", "2011-12-31": "27.06%", "2011-09-30": "26.89%", "2011-06-30": "26.30%", "2011-03-31": "26.81%", "2010-12-31": "25.23%", "2010-09-30": "23.29%", "2010-06-30": "23.35%", "2010-03-31": "23.65%", "2009-12-31": "22.07%", "2009-09-30": "20.81%", "2009-06-30": "19.47%", "2009-03-31": "19.47%", "2008-12-31": "19.99%", "2008-09-30": "22.54%", "2008-06-30": "23.42%", "2008-03-31": "23.53%", "2007-12-31": "24.93%", "2007-09-30": "24.88%", "2007-06-30": "23.40%", "2007-03-31": "21.12%", "2006-12-31": "18.78%", "2006-09-30": "16.36%", "2006-06-30": "19.25%", "2006-03-31": "18.34%"}, "pre tax profit margin": {"2020-12-31": "-84.06%", "2020-09-30": "-42.83%", "2020-06-30": "-19.37%", "2020-03-31": "-0.79%", "2019-12-31": "7.38%", "2019-09-30": "7.39%", "2019-06-30": "9.84%", "2019-03-31": "10.76%", "2018-12-31": "4.55%", "2018-09-30": "5.61%", "2018-06-30": "4.05%", "2018-03-31": "2.77%", "2017-12-31": "9.23%", "2017-09-30": "8.60%", "2017-06-30": "6.92%", "2017-03-31": "7.06%", "2016-12-31": "7.18%", "2016-09-30": "6.49%", "2016-06-30": "10.18%", "2016-03-31": "10.32%", "2015-12-31": "7.12%", "2015-09-30": "7.90%", "2015-06-30": "10.22%", "2015-03-31": "12.81%", "2014-12-31": "17.65%", "2014-09-30": "19.03%", "2014-06-30": "18.69%", "2014-03-31": "17.82%", "2013-12-31": "17.56%", "2013-09-30": "16.44%", "2013-06-30": "15.14%", "2013-03-31": "15.39%", "2012-12-31": "14.24%", "2012-09-30": "14.94%", "2012-06-30": "15.53%", "2012-03-31": "14.56%", "2011-12-31": "15.28%", "2011-09-30": "14.61%", "2011-06-30": "11.75%", "2011-03-31": "11.07%", "2010-12-31": "8.05%", "2010-09-30": "4.05%", "2010-06-30": "4.80%", "2010-03-31": "3.83%", "2009-12-31": "1.38%", "2009-09-30": "-0.35%", "2009-06-30": "0.00%", "2009-03-31": "3.02%", "2008-12-31": "4.99%", "2008-09-30": "6.58%", "2008-06-30": "7.51%", "2008-03-31": "6.78%", "2007-12-31": "8.63%", "2007-09-30": "9.17%", "2007-06-30": "46.03%", "2007-03-31": "49.83%", "2006-12-31": "55.80%", "2006-09-30": "69.92%", "2006-06-30": "-4.67%", "2006-03-31": "-7.21%"}, "net profit margin": {"2020-12-31": "-98.66%", "2020-09-30": "-61.08%", "2020-06-30": "-25.71%", "2020-03-31": "-6.48%", "2019-12-31": "1.88%", "2019-09-30": "9.96%", "2019-06-30": "12.24%", "2019-03-31": "13.26%", "2018-12-31": "8.53%", "2018-09-30": "9.02%", "2018-06-30": "8.07%", "2018-03-31": "6.96%", "2017-12-31": "12.32%", "2017-09-30": "6.57%", "2017-06-30": "5.26%", "2017-03-31": "5.62%", "2016-12-31": "5.57%", "2016-09-30": "5.23%", "2016-06-30": "8.20%", "2016-03-31": "7.89%", "2015-12-31": "4.76%", "2015-09-30": "5.06%", "2015-06-30": "6.70%", "2015-03-31": "9.16%", "2014-12-31": "13.45%", "2014-09-30": "14.37%", "2014-06-30": "14.17%", "2014-03-31": "13.08%", "2013-12-31": "12.97%", "2013-09-30": "11.61%", "2013-06-30": "10.49%", "2013-03-31": "10.81%", "2012-12-31": "9.74%", "2012-09-30": "11.16%", "2012-06-30": "11.44%", "2012-03-31": "10.90%", "2011-12-31": "11.63%", "2011-09-30": "10.40%", "2011-06-30": "7.72%", "2011-03-31": "6.75%", "2010-12-31": "3.80%", "2010-09-30": "1.06%", "2010-06-30": "3.06%", "2010-03-31": "2.52%", "2009-12-31": "0.66%", "2009-09-30": "-4.70%", "2009-06-30": "-4.11%", "2009-03-31": "4.41%", "2008-12-31": "7.06%", "2008-09-30": "12.13%", "2008-06-30": "12.40%", "2008-03-31": "6.57%", "2007-12-31": "7.33%", "2007-09-30": "5.43%", "2007-06-30": "36.69%", "2007-03-31": "39.05%", "2006-12-31": "43.99%", "2006-09-30": "59.37%", "2006-06-30": "-4.67%", "2006-03-31": "-7.21%"}, "pe ratio": {"current": "0.00", "2021-02-11": "0.00", "2020-12-31": "0.00", "2020-09-30": "0.00", "2020-06-30": "0.00", "2020-03-31": "0.00", "2019-12-31": "119.71", "2019-09-30": "17.13", "2019-06-30": "15.66", "2019-03-31": "13.93", "2018-12-31": "17.91", "2018-09-30": "21.39", "2018-06-30": "31.71", "2018-03-31": "40.12", "2017-12-31": "21.82", "2017-09-30": "38.58", "2017-06-30": "46.93", "2017-03-31": "40.55", "2016-12-31": "33.65", "2016-09-30": "42.30", "2016-06-30": "27.49", "2016-03-31": "29.45", "2015-12-31": "36.62", "2015-09-30": "24.86", "2015-06-30": "28.74", "2015-03-31": "24.85", "2014-12-31": "18.29", "2014-09-30": "19.83", "2014-06-30": "22.11", "2014-03-31": "25.81", "2013-12-31": "23.13", "2013-09-30": "21.34", "2013-06-30": "19.29", "2013-03-31": "18.43", "2012-12-31": "19.06", "2012-09-30": "16.78", "2012-06-30": "15.29", "2012-03-31": "19.87", "2011-12-31": "16.93", "2011-09-30": "19.21", "2011-06-30": "34.09", "2011-03-31": "36.85", "2010-12-31": "57.60", "2010-09-30": "173.24", "2010-06-30": "56.95", "2010-03-31": "74.14", "2009-12-31": "254.30", "2009-09-30": "0.00", "2009-06-30": "0.00", "2009-03-31": "11.02", "2008-12-31": "14.28", "2008-09-30": "12.97", "2008-06-30": "13.23", "2008-03-31": "28.28", "2007-12-31": "29.75", "2007-09-30": "76.99", "2007-06-30": "7.32", "2007-03-31": "9.02", "2006-12-31": "9.98"}, "price sales": {"2021-02-11": "5.84", "2020-12-31": "5.75", "2020-09-30": "2.50", "2020-06-30": "1.83", "2020-03-31": "1.09", "2019-12-31": "2.23", "2019-09-30": "1.72", "2019-06-30": "1.93", "2019-03-31": "1.87", "2018-12-31": "1.51", "2018-09-30": "1.92", "2018-06-30": "2.54", "2018-03-31": "2.78", "2017-12-31": "2.68", "2017-09-30": "2.54", "2017-06-30": "2.46", "2017-03-31": "2.28", "2016-12-31": "1.87", "2016-09-30": "2.22", "2016-06-30": "2.11", "2016-03-31": "2.17", "2015-12-31": "1.56", "2015-09-30": "1.14", "2015-06-30": "1.93", "2015-03-31": "2.28", "2014-12-31": "2.46", "2014-09-30": "2.85", "2014-06-30": "3.13", "2014-03-31": "3.37", "2013-12-31": "3.00", "2013-09-30": "2.50", "2013-06-30": "2.04", "2013-03-31": "2.01", "2012-12-31": "1.86", "2012-09-30": "1.85", "2012-06-30": "1.75", "2012-03-31": "2.17", "2011-12-31": "1.97", "2011-09-30": "1.99", "2011-06-30": "2.62", "2011-03-31": "2.47", "2010-12-31": "2.17", "2010-09-30": "1.86", "2010-06-30": "1.74", "2010-03-31": "1.89", "2009-12-31": "1.49", "2009-09-30": "1.80", "2009-06-30": "0.86", "2009-03-31": "0.46", "2008-12-31": "0.96", "2008-09-30": "1.81", "2008-06-30": "1.90", "2008-03-31": "2.47", "2007-12-31": "2.89", "2007-09-30": "4.10", "2007-06-30": "2.69", "2007-03-31": "3.44", "2006-12-31": "4.13"}, "price book": {"current": "0.00", "2021-02-11": "0.00", "2020-09-30": "-14.17", "2020-06-30": "29.30", "2020-03-31": "6.54", "2019-12-31": "9.59", "2019-09-30": "6.89", "2019-06-30": "7.02", "2019-03-31": "6.48", "2018-12-31": "5.61", "2018-09-30": "8.54", "2018-06-30": "9.47", "2018-03-31": "23.03", "2017-12-31": "15.15", "2017-09-30": "36.05", "2017-06-30": "35.93", "2017-03-31": "30.92", "2016-12-31": "31.62", "2016-09-30": "-141.60", "2016-06-30": "4971.31", "2016-03-31": "107.01", "2015-12-31": "291.11", "2015-09-30": "-79.73", "2015-06-30": "-80.95", "2015-03-31": "-77.31", "2014-12-31": "63.01", "2014-09-30": "56.17", "2014-06-30": "63.06", "2014-03-31": "60.21", "2013-12-31": "126.78", "2013-09-30": "55.19", "2013-06-30": "60.29", "2013-03-31": "37.78", "2012-12-31": "88.97", "2012-09-30": "12.27", "2012-06-30": "13.24", "2012-03-31": "21.42", "2011-12-31": "4.66", "2011-09-30": "3.59", "2011-06-30": "4.67", "2011-03-31": "4.30", "2010-12-31": "3.86", "2010-09-30": "2.15", "2010-06-30": "1.88", "2010-03-31": "1.90", "2009-12-31": "1.49", "2009-09-30": "2.85", "2009-06-30": "1.45", "2009-03-31": "0.83", "2008-12-31": "1.83", "2008-09-30": "3.75", "2008-06-30": "3.24", "2008-03-31": "3.96", "2007-12-31": "4.07", "2007-09-30": "5.37", "2007-06-30": "3.18", "2007-03-31": "3.35", "2006-12-31": "3.44", "2006-09-30": "1.67", "2006-06-30": "2.61", "2006-03-31": "2.71"}, "price fcf": {"2021-02-11": "", "2020-09-30": "$-10.35", "2020-06-30": "$-7.79", "2020-03-31": "$-4.02", "2019-12-31": "$-1.51", "2019-09-30": "$0.82", "2019-06-30": "$1.78", "2019-03-31": "$0.81", "2018-12-31": "$-4.30", "2018-09-30": "$-2.98", "2018-06-30": "$-2.10", "2018-03-31": "$1.00", "2017-12-31": "$9.37", "2017-09-30": "$6.49", "2017-06-30": "$3.47", "2017-03-31": "$1.90", "2016-12-31": "$-2.47", "2016-09-30": "$-5.33", "2016-06-30": "$-7.35", "2016-03-31": "$-9.53", "2015-12-31": "$-13.26", "2015-09-30": "$-14.14", "2015-06-30": "$-10.12", "2015-03-31": "$-6.50", "2014-12-31": "$-0.89", "2014-09-30": "$4.88", "2014-06-30": "$6.13", "2014-03-31": "$8.40", "2013-12-31": "$11.63", "2013-09-30": "$10.35", "2013-06-30": "$10.77", "2013-03-31": "$9.98", "2012-12-31": "$9.07", "2012-09-30": "$10.29", "2012-06-30": "$9.80", "2012-03-31": "$10.94", "2011-12-31": "$10.60", "2011-09-30": "$11.17", "2011-06-30": "$10.55", "2011-03-31": "$8.14", "2010-12-31": "$6.24", "2010-09-30": "$3.83", "2010-06-30": "$3.45", "2010-03-31": "$1.97", "2009-12-31": "$0.45", "2009-09-30": "$-2.84", "2009-06-30": "$-6.06", "2009-03-31": "$-7.16", "2008-12-31": "$-7.34", "2008-09-30": "$-5.80", "2008-06-30": "$-4.90", "2008-03-31": "$-4.43", "2007-12-31": "$-2.90", "2007-09-30": "$-2.50", "2007-06-30": "$-2.14", "2007-03-31": "$-2.52", "2006-12-31": "$-3.61"}, "net worth": {"value": "$12.23B"}, "current ratio": {"2020-12-31": "0.00", "2020-09-30": "2.29", "2020-06-30": "2.27", "2020-03-31": "1.81", "2019-12-31": "1.44", "2019-09-30": "1.09", "2019-06-30": "1.00", "2019-03-31": "1.19", "2018-12-31": "1.40", "2018-09-30": "1.14", "2018-06-30": "1.08", "2018-03-31": "1.17", "2017-12-31": "1.77", "2017-09-30": "1.73", "2017-06-30": "1.97", "2017-03-31": "2.04", "2016-12-31": "2.11", "2016-09-30": "1.44", "2016-06-30": "2.43", "2016-03-31": "2.68", "2015-12-31": "2.26", "2015-09-30": "2.11", "2015-06-30": "1.70", "2015-03-31": "1.91", "2014-12-31": "2.13", "2014-09-30": "2.58", "2014-06-30": "2.82", "2014-03-31": "3.06", "2013-12-31": "2.04", "2013-09-30": "1.70", "2013-06-30": "1.82", "2013-03-31": "2.03", "2012-12-31": "1.95", "2012-09-30": "2.36", "2012-06-30": "1.85", "2012-03-31": "1.72", "2011-12-31": "1.09", "2011-09-30": "1.66", "2011-06-30": "1.79", "2011-03-31": "2.02", "2010-12-31": "1.76", "2010-09-30": "2.94", "2010-06-30": "3.08", "2010-03-31": "3.24", "2009-12-31": "3.15", "2009-09-30": "2.39", "2009-06-30": "2.44", "2009-03-31": "3.29", "2008-12-31": "1.95", "2008-09-30": "2.13", "2008-06-30": "1.86", "2008-03-31": "2.71", "2007-12-31": "2.70", "2007-09-30": "1.83", "2007-06-30": "2.09", "2007-03-31": "2.11", "2006-12-31": "2.15", "2006-09-30": "3.36", "2006-06-30": "2.61", "2006-03-31": "2.87", "2005-12-31": "2.54", "2005-09-30": "3.07", "2005-06-30": "2.48", "2005-03-31": "2.31"}, "quick ratio": {"2020-12-31": "0.00", "2020-09-30": "2.25", "2020-06-30": "2.22", "2020-03-31": "1.77", "2019-12-31": "1.40", "2019-09-30": "1.05", "2019-06-30": "0.96", "2019-03-31": "1.16", "2018-12-31": "1.37", "2018-09-30": "1.11", "2018-06-30": "1.04", "2018-03-31": "1.13", "2017-12-31": "1.74", "2017-09-30": "1.69", "2017-06-30": "1.92", "2017-03-31": "1.99", "2016-12-31": "2.05", "2016-09-30": "1.38", "2016-06-30": "2.36", "2016-03-31": "2.61", "2015-12-31": "2.19", "2015-09-30": "2.05", "2015-06-30": "1.65", "2015-03-31": "1.85", "2014-12-31": "2.07", "2014-09-30": "2.53", "2014-06-30": "2.76", "2014-03-31": "3.00", "2013-12-31": "1.99", "2013-09-30": "1.66", "2013-06-30": "1.77", "2013-03-31": "1.97", "2012-12-31": "1.89", "2012-09-30": "2.30", "2012-06-30": "1.80", "2012-03-31": "1.67", "2011-12-31": "1.05", "2011-09-30": "1.61", "2011-06-30": "1.72", "2011-03-31": "1.93", "2010-12-31": "1.66", "2010-09-30": "2.81", "2010-06-30": "2.94", "2010-03-31": "3.07", "2009-12-31": "3.00", "2009-09-30": "2.21", "2009-06-30": "2.24", "2009-03-31": "3.10", "2008-12-31": "1.78", "2008-09-30": "2.03", "2008-06-30": "1.77", "2008-03-31": "2.58", "2007-12-31": "2.58", "2007-09-30": "1.72", "2007-06-30": "1.97", "2007-03-31": "1.98", "2006-12-31": "2.02", "2006-09-30": "3.24", "2006-06-30": "2.39", "2006-03-31": "2.68", "2005-12-31": "2.39", "2005-09-30": "2.93", "2005-06-30": "2.38", "2005-03-31": "2.29"}, "debt equity ratio": {"current": "45.50", "2020-12-31": "0.00", "2020-09-30": "-26.55", "2020-06-30": "53.29", "2020-03-31": "13.38", "2019-12-31": "8.00", "2019-09-30": "6.97", "2019-06-30": "6.11", "2019-03-31": "5.87", "2018-12-31": "6.28", "2018-09-30": "7.04", "2018-06-30": "5.49", "2018-03-31": "14.84", "2017-12-31": "10.76", "2017-09-30": "30.21", "2017-06-30": "32.15", "2017-03-31": "32.54", "2016-12-31": "45.35", "2016-09-30": "-170.57", "2016-06-30": "6258.80", "2016-03-31": "130.55", "2015-12-31": "477.79", "2015-09-30": "-165.21", "2015-06-30": "-84.89", "2015-03-31": "-63.19", "2014-12-31": "41.93", "2014-09-30": "30.29", "2014-06-30": "30.48", "2014-03-31": "27.41", "2013-12-31": "62.29", "2013-09-30": "32.44", "2013-06-30": "42.78", "2013-03-31": "26.44", "2012-12-31": "69.01", "2012-09-30": "10.06", "2012-06-30": "11.56", "2012-03-31": "15.79", "2011-12-31": "2.10", "2011-09-30": "1.60", "2011-06-30": "1.60", "2011-03-31": "1.59", "2010-12-31": "1.80", "2010-09-30": "1.23", "2010-06-30": "1.23", "2010-03-31": "1.26", "2009-12-31": "1.40", "2009-09-30": "2.62", "2009-06-30": "2.59", "2009-03-31": "3.02", "2008-12-31": "3.22", "2008-09-30": "4.20", "2008-06-30": "2.90", "2008-03-31": "2.53", "2007-12-31": "2.23", "2007-09-30": "1.67", "2007-06-30": "1.89", "2007-03-31": "1.75", "2006-12-31": "1.83", "2006-09-30": "1.28", "2006-06-30": "1.61", "2006-03-31": "1.55", "2005-12-31": "1.52", "2005-09-30": "1.51", "2005-06-30": "1.48", "2005-03-31": "1.40"}, "return on equity": {"2020-12-31": "-1150.49%", "2020-09-30": "-331.15%", "2020-06-30": "-99.80%", "2020-03-31": "-25.32%", "2019-12-31": "7.11%", "2019-09-30": "36.54%", "2019-06-30": "46.12%", "2019-03-31": "49.76%", "2018-12-31": "38.55%", "2018-09-30": "46.07%", "2018-06-30": "51.54%", "2018-03-31": "68.02%", "2017-12-31": "136.81%", "2017-09-30": "108.27%", "2017-06-30": "120.66%", "2017-03-31": "195.26%", "2016-12-31": "349.46%", "2016-09-30": "2097.56%", "2016-06-30": "2981.82%", "2016-03-31": "-1820.29%", "2015-12-31": "-261.28%", "2015-09-30": "-800.00%", "2015-06-30": "505.69%", "2015-03-31": "284.65%", "2014-12-31": "262.71%", "2014-09-30": "323.40%", "2014-06-30": "336.86%", "2014-03-31": "345.41%", "2013-12-31": "353.03%", "2013-09-30": "313.78%", "2013-06-30": "174.29%", "2013-03-31": "133.25%", "2012-12-31": "108.02%", "2012-09-30": "58.42%", "2012-06-30": "38.95%", "2012-03-31": "28.08%", "2011-12-31": "23.49%", "2011-09-30": "20.27%", "2011-06-30": "13.63%", "2011-03-31": "10.55%", "2010-12-31": "5.21%", "2010-09-30": "1.23%", "2010-06-30": "3.73%", "2010-03-31": "3.20%", "2009-12-31": "0.92%", "2009-09-30": "-7.47%", "2009-06-30": "-7.01%", "2009-03-31": "8.00%", "2008-12-31": "13.12%", "2008-09-30": "22.06%", "2008-06-30": "20.20%", "2008-03-31": "10.21%", "2007-12-31": "10.89%", "2007-09-30": "7.96%", "2007-06-30": "44.20%", "2007-03-31": "38.76%", "2006-12-31": "35.59%", "2006-09-30": "38.59%", "2006-06-30": "-3.19%", "2006-03-31": "-4.59%", "2005-12-31": "-5.76%"}, "return on assets": {"2020-12-31": "-19.18%", "2020-09-30": "-13.13%", "2020-06-30": "-7.93%", "2020-03-31": "-2.81%", "2019-12-31": "0.93%", "2019-09-30": "5.01%", "2019-06-30": "6.33%", "2019-03-31": "6.98%", "2018-12-31": "4.62%", "2018-09-30": "4.89%", "2018-06-30": "4.27%", "2018-03-31": "3.60%", "2017-12-31": "6.13%", "2017-09-30": "3.08%", "2017-06-30": "2.35%", "2017-03-31": "2.37%", "2016-12-31": "2.19%", "2016-09-30": "2.02%", "2016-06-30": "3.15%", "2016-03-31": "3.11%", "2015-12-31": "2.00%", "2015-09-30": "2.31%", "2015-06-30": "3.39%", "2015-03-31": "5.03%", "2014-12-31": "8.03%", "2014-09-30": "9.36%", "2014-06-30": "9.55%", "2014-03-31": "9.04%", "2013-12-31": "9.18%", "2013-09-30": "8.17%", "2013-06-30": "7.28%", "2013-03-31": "7.46%", "2012-12-31": "6.67%", "2012-09-30": "7.81%", "2012-06-30": "8.16%", "2012-03-31": "8.04%", "2011-12-31": "8.69%", "2011-09-30": "7.67%", "2011-06-30": "5.39%", "2011-03-31": "4.34%", "2010-12-31": "2.22%", "2010-09-30": "0.54%", "2010-06-30": "1.48%", "2010-03-31": "1.14%", "2009-12-31": "0.28%", "2009-09-30": "-1.94%", "2009-06-30": "-1.67%", "2009-03-31": "1.86%", "2008-12-31": "3.15%", "2008-09-30": "5.68%", "2008-06-30": "6.10%", "2008-03-31": "3.31%", "2007-12-31": "3.76%", "2007-09-30": "2.86%", "2007-06-30": "16.64%", "2007-03-31": "14.96%", "2006-12-31": "13.99%", "2006-09-30": "15.61%", "2006-06-30": "-1.25%", "2006-03-31": "-1.82%", "2005-12-31": "-2.32%"}, "return on investments": {"2020-12-31": "-13.36%", "2020-09-30": "-6.81%", "2020-06-30": "-3.07%", "2020-03-31": "3.29%", "2019-12-31": "7.87%", "2019-09-30": "8.11%", "2019-06-30": "9.31%", "2019-03-31": "10.10%", "2018-12-31": "7.11%", "2018-09-30": "7.75%", "2018-06-30": "7.43%", "2018-03-31": "7.07%", "2017-12-31": "10.26%", "2017-09-30": "8.74%", "2017-06-30": "7.11%", "2017-03-31": "6.24%", "2016-12-31": "5.39%", "2016-09-30": "5.71%", "2016-06-30": "6.64%", "2016-03-31": "7.18%", "2015-12-31": "7.88%", "2015-09-30": "9.08%", "2015-06-30": "11.72%", "2015-03-31": "14.07%", "2014-12-31": "16.58%", "2014-09-30": "19.07%", "2014-06-30": "19.73%", "2014-03-31": "19.75%", "2013-12-31": "20.28%", "2013-09-30": "19.16%", "2013-06-30": "17.85%", "2013-03-31": "17.89%", "2012-12-31": "16.87%", "2012-09-30": "17.74%", "2012-06-30": "18.16%", "2012-03-31": "17.46%", "2011-12-31": "17.90%", "2011-09-30": "16.72%", "2011-06-30": "14.49%", "2011-03-31": "12.95%", "2010-12-31": "9.94%", "2010-09-30": "6.72%", "2010-06-30": "6.00%", "2010-03-31": "5.11%", "2009-12-31": "3.71%", "2009-09-30": "3.07%", "2009-06-30": "3.02%", "2009-03-31": "4.07%", "2008-12-31": "5.38%", "2008-09-30": "7.37%", "2008-06-30": "8.23%", "2008-03-31": "8.46%", "2007-12-31": "9.49%", "2007-09-30": "9.62%", "2007-06-30": "6.94%", "2007-03-31": "4.07%", "2006-12-31": "1.74%", "2006-09-30": "0.08%", "2006-06-30": "0.99%", "2006-03-31": "0.76%", "2005-12-31": "-0.66%"}, "return on tangible equity": {"2020-09-30": "-442.32%", "2020-06-30": "-114.64%", "2020-03-31": "-27.96%", "2019-12-31": "7.74%", "2019-09-30": "40.07%", "2019-06-30": "51.25%", "2019-03-31": "56.12%", "2018-12-31": "45.26%", "2018-09-30": "54.21%", "2018-06-30": "61.94%", "2018-03-31": "87.68%", "2017-12-31": "175.79%", "2017-09-30": "166.11%", "2017-06-30": "249.32%", "2017-03-31": "1165.22%", "2016-12-31": "-546.89%", "2016-09-30": "-209.76%", "2016-06-30": "-325.56%", "2016-03-31": "-244.83%", "2015-12-31": "-104.30%", "2015-09-30": "-155.40%", "2015-06-30": "-1036.67%", "2015-03-31": "507.18%", "2014-12-31": "320.26%", "2014-09-30": "365.07%", "2014-06-30": "383.76%", "2014-03-31": "401.07%", "2013-12-31": "414.20%", "2013-09-30": "370.96%", "2013-06-30": "193.06%", "2013-03-31": "144.06%", "2012-12-31": "116.20%", "2012-09-30": "60.47%", "2012-06-30": "39.87%", "2012-03-31": "28.58%", "2011-12-31": "23.83%", "2011-09-30": "20.57%", "2011-06-30": "13.83%", "2011-03-31": "10.70%", "2010-12-31": "5.28%", "2010-09-30": "1.25%", "2010-06-30": "3.79%", "2010-03-31": "3.25%", "2009-12-31": "0.94%", "2009-09-30": "-7.68%", "2009-06-30": "-7.22%", "2009-03-31": "8.25%", "2008-12-31": "13.54%", "2008-09-30": "22.78%", "2008-06-30": "20.85%", "2008-03-31": "10.55%", "2007-12-31": "11.27%", "2007-09-30": "8.26%", "2007-06-30": "45.83%", "2007-03-31": "40.26%", "2006-12-31": "36.96%", "2006-09-30": "40.06%", "2006-06-30": "-3.29%", "2006-03-31": "-4.69%", "2005-12-31": "-5.83%"}, "dividend yield history": {"last payout": "$0.00", "last yield": "0.00%"}}