{"ticker": "XEL", "price": {"title": "Xcel Energy Historical Annual Stock Price Data", "value": 61.57, "historical": {"2021": {"Average Stock Price": "64.2759", "Year Open": "65.6550", "Year High": "66.5000", "Year Low": "61.5700", "Year Close": "61.5700", "Annual % Change": "-7.65%"}, "2020": {"Average Stock Price": "66.5504", "Year Open": "62.3800", "Year High": "74.7100", "Year Low": "50.0000", "Year Close": "66.6700", "Annual % Change": "5.01%"}, "2019": {"Average Stock Price": "58.9623", "Year Open": "48.2200", "Year High": "65.8200", "Year Low": "48.0300", "Year Close": "63.4900", "Annual % Change": "28.86%"}, "2018": {"Average Stock Price": "46.6873", "Year Open": "47.8100", "Year High": "53.6800", "Year Low": "42.1300", "Year Close": "49.2700", "Annual % Change": "2.41%"}, "2017": {"Average Stock Price": "46.5215", "Year Open": "40.6200", "Year High": "51.8000", "Year Low": "40.2900", "Year Close": "48.1100", "Annual % Change": "18.21%"}, "2016": {"Average Stock Price": "40.8034", "Year Open": "35.7000", "Year High": "45.3300", "Year Low": "35.7000", "Year Close": "40.7000", "Annual % Change": "13.34%"}, "2015": {"Average Stock Price": "34.7683", "Year Open": "36.1200", "Year High": "38.1100", "Year Low": "31.9200", "Year Close": "35.9100", "Annual % Change": "-0.03%"}, "2014": {"Average Stock Price": "31.2804", "Year Open": "27.5100", "Year High": "37.2500", "Year Low": "27.3500", "Year Close": "35.9200", "Annual % Change": "28.56%"}, "2013": {"Average Stock Price": "28.7129", "Year Open": "27.3800", "Year High": "31.7900", "Year Low": "26.9100", "Year Close": "27.9400", "Annual % Change": "4.61%"}, "2012": {"Average Stock Price": "27.4220", "Year Open": "27.3400", "Year High": "29.5800", "Year Low": "26.0000", "Year Close": "26.7100", "Annual % Change": "-3.36%"}, "2011": {"Average Stock Price": "24.5011", "Year Open": "23.5600", "Year High": "27.7100", "Year Low": "21.8200", "Year Close": "27.6400", "Annual % Change": "17.37%"}, "2010": {"Average Stock Price": "22.0285", "Year Open": "21.0800", "Year High": "24.3300", "Year Low": "20.0400", "Year Close": "23.5500", "Annual % Change": "10.98%"}, "2009": {"Average Stock Price": "18.8933", "Year Open": "18.8400", "Year High": "21.7700", "Year Low": "16.1900", "Year Close": "21.2200", "Annual % Change": "14.39%"}, "2008": {"Average Stock Price": "19.9524", "Year Open": "22.1700", "Year High": "22.7500", "Year Low": "16.2900", "Year Close": "18.5500", "Annual % Change": "-17.81%"}, "2007": {"Average Stock Price": "22.4951", "Year Open": "23.4300", "Year High": "24.9900", "Year Low": "19.8000", "Year Close": "22.5700", "Annual % Change": "-2.12%"}, "2006": {"Average Stock Price": "19.9509", "Year Open": "18.5700", "Year High": "23.4700", "Year Low": "17.8900", "Year Close": "23.0600", "Annual % Change": "24.92%"}, "2005": {"Average Stock Price": "18.4440", "Year Open": "18.0200", "Year High": "19.9000", "Year Low": "16.5700", "Year Close": "18.4600", "Annual % Change": "1.43%"}, "2004": {"Average Stock Price": "17.3296", "Year Open": "16.9700", "Year High": "18.7300", "Year Low": "15.6700", "Year Close": "18.2000", "Annual % Change": "7.18%"}, "2003": {"Average Stock Price": "14.2465", "Year Open": "11.3500", "Year High": "17.3400", "Year Low": "10.5900", "Year Close": "16.9800", "Annual % Change": "54.36%"}, "2002": {"Average Stock Price": "17.0780", "Year Open": "28.2100", "Year High": "28.3400", "Year Low": "5.6600", "Year Close": "11.0000", "Annual % Change": "-60.35%"}, "2001": {"Average Stock Price": "28.1995", "Year Open": "28.3100", "Year High": "31.6400", "Year Low": "24.5600", "Year Close": "27.7400", "Annual % Change": "-4.54%"}, "2000": {"Average Stock Price": "22.9156", "Year Open": "19.0000", "Year High": "29.7500", "Year Low": "16.2500", "Year Close": "29.0600", "Annual % Change": "49.03%"}, "1999": {"Average Stock Price": "23.7034", "Year Open": "27.4400", "Year High": "27.6300", "Year Low": "19.5000", "Year Close": "19.5000", "Annual % Change": "-29.73%"}, "1998": {"Average Stock Price": "27.9375", "Year Open": "28.9400", "Year High": "30.6300", "Year Low": "25.8800", "Year Close": "27.7500", "Annual % Change": "-4.72%"}, "1997": {"Average Stock Price": "24.7758", "Year Open": "22.8750", "Year High": "29.3750", "Year Low": "22.2500", "Year Close": "29.1250", "Annual % Change": "26.96%"}, "1996": {"Average Stock Price": "23.8681", "Year Open": "24.7500", "Year High": "26.3750", "Year Low": "22.3125", "Year Close": "22.9400", "Annual % Change": "-6.62%"}, "1995": {"Average Stock Price": "22.7039", "Year Open": "22.1250", "Year High": "24.6900", "Year Low": "21.3150", "Year Close": "24.5650", "Annual % Change": "11.66%"}, "1994": {"Average Stock Price": "21.2454", "Year Open": "21.5650", "Year High": "23.4400", "Year Low": "19.4400", "Year Close": "22.0000", "Annual % Change": "2.02%"}, "1993": {"Average Stock Price": "22.5249", "Year Open": "21.6900", "Year High": "23.9400", "Year Low": "20.5650", "Year Close": "21.5650", "Annual % Change": "-0.28%"}, "1992": {"Average Stock Price": "20.9110", "Year Open": "21.3750", "Year High": "22.5650", "Year Low": "19.3150", "Year Close": "21.6250", "Annual % Change": "0.58%"}, "1991": {"Average Stock Price": "18.1955", "Year Open": "16.7500", "Year High": "21.9400", "Year Low": "16.0000", "Year Close": "21.5000", "Annual % Change": "26.47%"}, "1990": {"Average Stock Price": "17.2492", "Year Open": "20.2500", "Year High": "20.2500", "Year Low": "14.4400", "Year Close": "17.0000", "Annual % Change": "-14.47%"}, "1989": {"Average Stock Price": "17.5630", "Year Open": "16.1900", "Year High": "19.9400", "Year Low": "15.2500", "Year Close": "19.8750", "Annual % Change": "21.37%"}, "1988": {"Average Stock Price": "15.7669", "Year Open": "15.2500", "Year High": "17.0000", "Year Low": "14.6250", "Year Close": "16.3750", "Annual % Change": "10.57%"}, "1987": {"Average Stock Price": "16.2380", "Year Open": "17.4400", "Year High": "19.3100", "Year Low": "13.7500", "Year Close": "14.8100", "Annual % Change": "-14.14%"}, "1986": {"Average Stock Price": "16.3850", "Year Open": "13.1250", "Year High": "19.8750", "Year Low": "12.5300", "Year Close": "17.2500", "Annual % Change": "30.19%"}}}, "market cap": {"value": "$32.64B"}, "income statement": {"Revenue": {"2020-12-31": "11526.00000", "2019-12-31": "11529.00000", "2018-12-31": "11537.00000", "2017-12-31": "11404.00000", "2016-12-31": "11107.00000", "2015-12-31": "11024.00000", "2014-12-31": "11686.13000", "2013-12-31": "10914.92000", "2012-12-31": "10128.22000", "2011-12-31": "10654.77000", "2010-12-31": "10310.95000", "2009-12-31": "9644.30300", "2008-12-31": "11203.16000", "2007-12-31": "10034.17000", "2006-12-31": "9840.30400", "2005-12-31": "9625.47700"}, "Cost Of Goods Sold": {"2020-12-31": "4238.00000", "2019-12-31": "4468.00000", "2018-12-31": "4732.00000", "2017-12-31": "4614.00000", "2016-12-31": "4487.00000", "2015-12-31": "4704.00000", "2014-12-31": "5616.97300", "2013-12-31": "5134.74600", "2012-12-31": "4533.94100", "2011-12-31": "5186.06700", "2010-12-31": "5203.12600", "2009-12-31": "4961.03700", "2008-12-31": "6801.76000", "2007-12-31": "1571.99200", "2006-12-31": "1669.10400", "2005-12-31": "5769.96200"}, "Gross Profit": {"2020-12-31": "7288.00000", "2019-12-31": "7061.00000", "2018-12-31": "6805.00000", "2017-12-31": "6790.00000", "2016-12-31": "6620.00000", "2015-12-31": "6320.00000", "2014-12-31": "6069.16200", "2013-12-31": "5780.17600", "2012-12-31": "5594.28200", "2011-12-31": "5468.70300", "2010-12-31": "5107.82100", "2009-12-31": "4683.26600", "2008-12-31": "4401.39600", "2007-12-31": "8462.17900", "2006-12-31": "8171.20000", "2005-12-31": "3855.51500"}, "Research And Development Expenses": {"2020-12-31": "", "2019-12-31": "", "2018-12-31": "", "2017-12-31": "", "2016-12-31": "", "2015-12-31": "", "2014-12-31": "", "2013-12-31": "", "2012-12-31": "", "2011-12-31": "", "2010-12-31": "", "2009-12-31": "", "2008-12-31": "", "2007-12-31": "", "2006-12-31": "", "2005-12-31": ""}, "SG&A Expenses": {"2020-12-31": "2936.00000", "2019-12-31": "2907.00000", "2018-12-31": "2908.00000", "2017-12-31": "2815.00000", "2016-12-31": "2832.00000", "2015-12-31": "2842.00000", "2014-12-31": "2800.21500", "2013-12-31": "2694.03200", "2012-12-31": "2585.01900", "2011-12-31": "2515.10400", "2010-12-31": "2389.14300", "2009-12-31": "2214.53000", "2008-12-31": "2064.51300", "2007-12-31": "6203.60200", "2006-12-31": "6105.45500", "2005-12-31": "1995.47500"}, "Other Operating Income Or Expenses": {"2020-12-31": "-288.00000", "2019-12-31": "-285.00000", "2018-12-31": "-290.00000", "2017-12-31": "-273.00000", "2016-12-31": "-245.00000", "2015-12-31": "-354.00000", "2014-12-31": "-301.77200", "2013-12-31": "-260.72600", "2012-12-31": "-260.52700", "2011-12-31": "-281.37800", "2010-12-31": "-239.82700", "2009-12-31": "-182.11200", "2008-12-31": "-117.71300", "2007-12-31": "-101.77200", "2006-12-31": "-85.85300", "2005-12-31": ""}, "Operating Expenses": {"2020-12-31": "9410.00000", "2019-12-31": "9425.00000", "2018-12-31": "9572.00000", "2017-12-31": "9181.00000", "2016-12-31": "8867.00000", "2015-12-31": "9024.00000", "2014-12-31": "9738.00600", "2013-12-31": "9067.36700", "2012-12-31": "8305.54000", "2011-12-31": "8873.16800", "2010-12-31": "8690.97800", "2009-12-31": "8175.73100", "2008-12-31": "9812.36400", "2007-12-31": "8683.09700", "2006-12-31": "8663.30900", "2005-12-31": "8532.75800"}, "Operating Income": {"2020-12-31": "2116.00000", "2019-12-31": "2104.00000", "2018-12-31": "1965.00000", "2017-12-31": "2223.00000", "2016-12-31": "2240.00000", "2015-12-31": "2000.00000", "2014-12-31": "1948.12900", "2013-12-31": "1847.55500", "2012-12-31": "1822.68300", "2011-12-31": "1781.60200", "2010-12-31": "1619.97000", "2009-12-31": "1468.57100", "2008-12-31": "1390.79200", "2007-12-31": "1351.07300", "2006-12-31": "1176.99500", "2005-12-31": "1092.71900"}, "Total Non-Operating Income/Expense": {"2020-12-31": "-649.00000", "2019-12-31": "-604.00000", "2018-12-31": "-523.00000", "2017-12-31": "-533.00000", "2016-12-31": "-536.00000", "2015-12-31": "-473.00000", "2014-12-31": "-403.00900", "2013-12-31": "-415.34500", "2012-12-31": "-467.25100", "2011-12-31": "-472.11400", "2010-12-31": "-431.37800", "2009-12-31": "-411.73400", "2008-12-31": "-406.38500", "2007-12-31": "-480.68990", "2006-12-31": "-426.90200", "2005-12-31": "-420.14200"}, "Pre-Tax Income": {"2020-12-31": "1467.00000", "2019-12-31": "1500.00000", "2018-12-31": "1442.00000", "2017-12-31": "1690.00000", "2016-12-31": "1704.00000", "2015-12-31": "1527.00000", "2014-12-31": "1545.12100", "2013-12-31": "1432.21000", "2012-12-31": "1355.43200", "2011-12-31": "1309.48800", "2010-12-31": "1188.59100", "2009-12-31": "1056.83800", "2008-12-31": "984.40600", "2007-12-31": "870.38300", "2006-12-31": "750.09200", "2005-12-31": "672.57700"}, "Income Taxes": {"2020-12-31": "-6.00000", "2019-12-31": "128.00000", "2018-12-31": "181.00000", "2017-12-31": "542.00000", "2016-12-31": "581.00000", "2015-12-31": "543.00000", "2014-12-31": "523.81500", "2013-12-31": "483.97600", "2012-12-31": "450.20300", "2011-12-31": "468.31600", "2010-12-31": "436.63500", "2009-12-31": "371.31400", "2008-12-31": "338.68600", "2007-12-31": "294.48400", "2006-12-31": "181.41100", "2005-12-31": "173.53900"}, "Income After Taxes": {"2020-12-31": "1473.00000", "2019-12-31": "1372.00000", "2018-12-31": "1261.00000", "2017-12-31": "1148.00000", "2016-12-31": "1123.00000", "2015-12-31": "984.00000", "2014-12-31": "1021.30600", "2013-12-31": "948.23390", "2012-12-31": "905.22900", "2011-12-31": "841.17200", "2010-12-31": "751.95590", "2009-12-31": "685.52400", "2008-12-31": "645.72000", "2007-12-31": "575.89900", "2006-12-31": "568.68100", "2005-12-31": "499.03800"}, "Other Income": {"2020-12-31": "", "2019-12-31": "", "2018-12-31": "", "2017-12-31": "", "2016-12-31": "", "2015-12-31": "", "2014-12-31": "", "2013-12-31": "", "2012-12-31": "", "2011-12-31": "", "2010-12-31": "", "2009-12-31": "", "2008-12-31": "", "2007-12-31": "", "2006-12-31": "", "2005-12-31": ""}, "Income From Continuous Operations": {"2020-12-31": "1473.00000", "2019-12-31": "1372.00000", "2018-12-31": "1261.00000", "2017-12-31": "1148.00000", "2016-12-31": "1123.00000", "2015-12-31": "984.00000", "2014-12-31": "1021.30600", "2013-12-31": "948.23390", "2012-12-31": "905.22900", "2011-12-31": "841.17200", "2010-12-31": "751.95600", "2009-12-31": "685.52400", "2008-12-31": "645.72000", "2007-12-31": "575.89900", "2006-12-31": "568.68100", "2005-12-31": "499.03800"}, "Income From Discontinued Operations": {"2020-12-31": "", "2019-12-31": "", "2018-12-31": "", "2017-12-31": "", "2016-12-31": "", "2015-12-31": "", "2014-12-31": "", "2013-12-31": "", "2012-12-31": "", "2011-12-31": "", "2010-12-31": "3.87800", "2009-12-31": "-4.63700", "2008-12-31": "-0.16600", "2007-12-31": "1.44900", "2006-12-31": "3.07300", "2005-12-31": "13.93400"}, "Net Income": {"2020-12-31": "1473.00000", "2019-12-31": "1372.00000", "2018-12-31": "1261.00000", "2017-12-31": "1148.00000", "2016-12-31": "1123.00000", "2015-12-31": "984.00000", "2014-12-31": "1021.30600", "2013-12-31": "948.23400", "2012-12-31": "905.22900", "2011-12-31": "834.37800", "2010-12-31": "751.59300", "2009-12-31": "676.64600", "2008-12-31": "641.31300", "2007-12-31": "573.10700", "2006-12-31": "567.51300", "2005-12-31": "508.73100"}, "EBITDA": {"2020-12-31": "2116.00000", "2019-12-31": "4008.00000", "2018-12-31": "3746.00000", "2017-12-31": "3832.00000", "2016-12-31": "3676.00000", "2015-12-31": "3244.00000", "2014-12-31": "3093.64300", "2013-12-31": "2941.73400", "2012-12-31": "2862.42600", "2011-12-31": "2785.16300", "2010-12-31": "2591.17200", "2009-12-31": "2377.84600", "2008-12-31": "2291.25800", "2007-12-31": "2230.30100", "2006-12-31": "2071.84900", "2005-12-31": "1908.50300"}, "EBIT": {"2020-12-31": "2116.00000", "2019-12-31": "2104.00000", "2018-12-31": "1965.00000", "2017-12-31": "2223.00000", "2016-12-31": "2240.00000", "2015-12-31": "2000.00000", "2014-12-31": "1948.12900", "2013-12-31": "1847.55500", "2012-12-31": "1822.68300", "2011-12-31": "1781.60200", "2010-12-31": "1619.97000", "2009-12-31": "1468.57100", "2008-12-31": "1390.79200", "2007-12-31": "1351.07300", "2006-12-31": "1176.99500", "2005-12-31": "1092.71900"}, "Basic Shares Outstanding": {"2020-12-31": "527.00000", "2019-12-31": "519.00000", "2018-12-31": "511.00000", "2017-12-31": "509.00000", "2016-12-31": "509.00000", "2015-12-31": "508.00000", "2014-12-31": "503.84700", "2013-12-31": "496.07300", "2012-12-31": "487.89900", "2011-12-31": "485.03900", "2010-12-31": "462.05200", "2009-12-31": "456.43300", "2008-12-31": "437.05400", "2007-12-31": "416.13900", "2006-12-31": "405.68900", "2005-12-31": "402.33000"}, "Shares Outstanding": {"2020-12-31": "528.00000", "2019-12-31": "520.00000", "2018-12-31": "511.00000", "2017-12-31": "509.00000", "2016-12-31": "509.00000", "2015-12-31": "508.00000", "2014-12-31": "504.11700", "2013-12-31": "496.53200", "2012-12-31": "488.43400", "2011-12-31": "485.61500", "2010-12-31": "463.39100", "2009-12-31": "457.13900", "2008-12-31": "441.81300", "2007-12-31": "433.13100", "2006-12-31": "429.60500", "2005-12-31": "425.67100"}, "Basic EPS": {"2020-12-31": "2.79000", "2019-12-31": "2.64000", "2018-12-31": "2.47000", "2017-12-31": "2.26000", "2016-12-31": "2.21000", "2015-12-31": "1.94000", "2014-12-31": "2.03000", "2013-12-31": "1.91000", "2012-12-31": "1.86000", "2011-12-31": "1.72000", "2010-12-31": "1.63000", "2009-12-31": "1.48000", "2008-12-31": "1.47000", "2007-12-31": "1.38000", "2006-12-31": "1.40000", "2005-12-31": "1.26000"}, "EPS - Earnings Per Share": {"2020-12-31": "2.79000", "2019-12-31": "2.64000", "2018-12-31": "2.47000", "2017-12-31": "2.25000", "2016-12-31": "2.21000", "2015-12-31": "1.94000", "2014-12-31": "2.03000", "2013-12-31": "1.91000", "2012-12-31": "1.85000", "2011-12-31": "1.72000", "2010-12-31": "1.62000", "2009-12-31": "1.48000", "2008-12-31": "1.46000", "2007-12-31": "1.35000", "2006-12-31": "1.36000", "2005-12-31": "1.23000"}}, "income statement, quarterly": {"Revenue": {"2020-12-31": "2947.00000", "2020-09-30": "3182.00000", "2020-06-30": "2586.00000", "2020-03-31": "2811.00000", "2019-12-31": "2798.00000", "2019-09-30": "3013.00000", "2019-06-30": "2577.00000", "2019-03-31": "3141.00000", "2018-12-31": "2880.00000", "2018-09-30": "3048.00000", "2018-06-30": "2658.00000", "2018-03-31": "2951.00000", "2017-12-31": "2796.00000", "2017-09-30": "3017.00000", "2017-06-30": "2645.00000", "2017-03-31": "2946.00000", "2016-12-31": "2794.73100", "2016-09-30": "3040.14700", "2016-06-30": "2499.84900", "2016-03-31": "2772.27300", "2015-12-31": "2645.33500", "2015-09-30": "2901.31200", "2015-06-30": "2515.13400", "2015-03-31": "2962.21900", "2014-12-31": "2928.62800", "2014-09-30": "2869.80700", "2014-06-30": "2685.09600", "2014-03-31": "3202.60400", "2013-12-31": "2730.82200", "2013-09-30": "2822.33800", "2013-06-30": "2578.91300", "2013-03-31": "2782.84900", "2012-12-31": "2551.13500", "2012-09-30": "2724.34100", "2012-06-30": "2274.66800", "2012-03-31": "2578.07900", "2011-12-31": "2568.41000", "2011-09-30": "2831.59800", "2011-06-30": "2438.22200", "2011-03-31": "2816.54000", "2010-12-31": "2566.93500", "2010-09-30": "2628.78700", "2010-06-30": "2307.76400", "2010-03-31": "2807.46200", "2009-12-31": "2618.11600", "2009-09-30": "2314.56200", "2009-06-30": "2016.08300", "2009-03-31": "2695.54200", "2008-12-31": "2707.57400", "2008-09-30": "2851.68000", "2008-06-30": "2615.51500", "2008-03-31": "3028.38800", "2007-12-31": "2603.21900", "2007-09-30": "2399.99700", "2007-06-30": "2267.29200", "2007-03-31": "2763.66200", "2006-12-31": "2466.73600", "2006-09-30": "2411.59100", "2006-06-30": "2073.87300", "2006-03-31": "2888.10400", "2005-12-31": "2884.76600", "2005-09-30": "2286.12300", "2005-06-30": "2064.05500", "2005-03-31": "2390.53300"}, "Cost Of Goods Sold": {"2020-12-31": "1174.00000", "2020-09-30": "1046.00000", "2020-06-30": "927.00000", "2020-03-31": "1091.00000", "2019-12-31": "1114.00000", "2019-09-30": "1016.00000", "2019-06-30": "935.00000", "2019-03-31": "1403.00000", "2018-12-31": "1263.00000", "2018-09-30": "1107.00000", "2018-06-30": "1047.00000", "2018-03-31": "1315.00000", "2017-12-31": "1196.00000", "2017-09-30": "1078.00000", "2017-06-30": "1041.00000", "2017-03-31": "1299.00000", "2016-12-31": "1236.93800", "2016-09-30": "1113.47700", "2016-06-30": "954.37100", "2016-03-31": "1182.21400", "2015-12-31": "1142.91200", "2015-09-30": "1089.00000", "2015-06-30": "1039.53600", "2015-03-31": "1432.55200", "2014-12-31": "1469.61900", "2014-09-30": "1187.21100", "2014-06-30": "1259.86500", "2014-03-31": "1700.27800", "2013-12-31": "1373.89600", "2013-09-30": "1180.33100", "2013-06-30": "1207.69000", "2013-03-31": "1372.82900", "2012-12-31": "1230.81500", "2012-09-30": "1063.82000", "2012-06-30": "950.07600", "2012-03-31": "1289.23000", "2011-12-31": "1298.93500", "2011-09-30": "1244.51300", "2011-06-30": "1159.36000", "2011-03-31": "1483.25900", "2010-12-31": "1321.88800", "2010-09-30": "1186.20000", "2010-06-30": "1117.75500", "2010-03-31": "1577.28300", "2009-12-31": "2357.77400", "2009-09-30": "1058.65600", "2009-06-30": "947.47600", "2009-03-31": "597.13100", "2008-12-31": "1617.49700", "2008-09-30": "1674.26700", "2008-06-30": "1593.33600", "2008-03-31": "1916.66000", "2007-12-31": "-2605.10300", "2007-09-30": "1195.54100", "2007-06-30": "1255.17500", "2007-03-31": "1726.37800", "2006-12-31": "-2610.50600", "2006-09-30": "1301.78700", "2006-06-30": "1124.47300", "2006-03-31": "1853.35000", "2005-12-31": "1929.51900", "2005-09-30": "1252.39200", "2005-06-30": "1149.59700", "2005-03-31": "1438.45400"}, "Gross Profit": {"2020-12-31": "1773.00000", "2020-09-30": "2136.00000", "2020-06-30": "1659.00000", "2020-03-31": "1720.00000", "2019-12-31": "1684.00000", "2019-09-30": "1997.00000", "2019-06-30": "1642.00000", "2019-03-31": "1738.00000", "2018-12-31": "1617.00000", "2018-09-30": "1941.00000", "2018-06-30": "1611.00000", "2018-03-31": "1636.00000", "2017-12-31": "1600.00000", "2017-09-30": "1939.00000", "2017-06-30": "1604.00000", "2017-03-31": "1647.00000", "2016-12-31": "1557.79300", "2016-09-30": "1926.67000", "2016-06-30": "1545.47800", "2016-03-31": "1590.05900", "2015-12-31": "1502.42300", "2015-09-30": "1812.31200", "2015-06-30": "1475.59800", "2015-03-31": "1529.66700", "2014-12-31": "1459.00900", "2014-09-30": "1682.59600", "2014-06-30": "1425.23100", "2014-03-31": "1502.32600", "2013-12-31": "1356.92600", "2013-09-30": "1642.00700", "2013-06-30": "1371.22300", "2013-03-31": "1410.02000", "2012-12-31": "1320.32000", "2012-09-30": "1660.52100", "2012-06-30": "1324.59200", "2012-03-31": "1288.84900", "2011-12-31": "1269.47500", "2011-09-30": "1587.08500", "2011-06-30": "1278.86200", "2011-03-31": "1333.28100", "2010-12-31": "1245.04700", "2010-09-30": "1442.58700", "2010-06-30": "1190.00900", "2010-03-31": "1230.17900", "2009-12-31": "260.34180", "2009-09-30": "1255.90600", "2009-06-30": "1068.60700", "2009-03-31": "2098.41100", "2008-12-31": "1090.07700", "2008-09-30": "1177.41300", "2008-06-30": "1022.17900", "2008-03-31": "1111.72800", "2007-12-31": "5208.32100", "2007-09-30": "1204.45600", "2007-06-30": "1012.11700", "2007-03-31": "1037.28400", "2006-12-31": "5077.24200", "2006-09-30": "1109.80400", "2006-06-30": "949.40000", "2006-03-31": "1034.75400", "2005-12-31": "955.24730", "2005-09-30": "1033.73100", "2005-06-30": "914.45790", "2005-03-31": "952.07890"}, "Research And Development Expenses": {"2020-12-31": "", "2020-09-30": "", "2020-06-30": "", "2020-03-31": "", "2019-12-31": "", "2019-09-30": "", "2019-06-30": "", "2019-03-31": "", "2018-12-31": "", "2018-09-30": "", "2018-06-30": "", "2018-03-31": "", "2017-12-31": "", "2017-09-30": "", "2017-06-30": "", "2017-03-31": "", "2016-12-31": "", "2016-09-30": "", "2016-06-30": "", "2016-03-31": "", "2015-12-31": "", "2015-09-30": "", "2015-06-30": "", "2015-03-31": "", "2014-12-31": "", "2014-09-30": "", "2014-06-30": "", "2014-03-31": "", "2013-12-31": "", "2013-09-30": "", "2013-06-30": "", "2013-03-31": "", "2012-12-31": "", "2012-09-30": "", "2012-06-30": "", "2012-03-31": "", "2011-12-31": "", "2011-09-30": "", "2011-06-30": "", "2011-03-31": "", "2010-12-31": "", "2010-09-30": "", "2010-06-30": "", "2010-03-31": "", "2009-12-31": "", "2009-09-30": "", "2009-06-30": "", "2009-03-31": "", "2008-12-31": "", "2008-09-30": "", "2008-06-30": "", "2008-03-31": "", "2007-12-31": "", "2007-09-30": "", "2007-06-30": "", "2007-03-31": "", "2006-12-31": "", "2006-09-30": "", "2006-06-30": "", "2006-03-31": "", "2005-12-31": "", "2005-09-30": "", "2005-06-30": "", "2005-03-31": ""}, "SG&A Expenses": {"2020-12-31": "775.00000", "2020-09-30": "737.00000", "2020-06-30": "696.00000", "2020-03-31": "728.00000", "2019-12-31": "715.00000", "2019-09-30": "717.00000", "2019-06-30": "728.00000", "2019-03-31": "747.00000", "2018-12-31": "763.00000", "2018-09-30": "728.00000", "2018-06-30": "715.00000", "2018-03-31": "702.00000", "2017-12-31": "716.00000", "2017-09-30": "670.00000", "2017-06-30": "707.00000", "2017-03-31": "722.00000", "2016-12-31": "666.62100", "2016-09-30": "707.19900", "2016-06-30": "735.44700", "2016-03-31": "722.73300", "2015-12-31": "706.46900", "2015-09-30": "689.06500", "2015-06-30": "724.01000", "2015-03-31": "722.45610", "2014-12-31": "727.13890", "2014-09-30": "686.34900", "2014-06-30": "701.88200", "2014-03-31": "684.84500", "2013-12-31": "706.17410", "2013-09-30": "680.59200", "2013-06-30": "664.60800", "2013-03-31": "642.65800", "2012-12-31": "702.94920", "2012-09-30": "632.11600", "2012-06-30": "633.64600", "2012-03-31": "616.30800", "2011-12-31": "661.86820", "2011-09-30": "621.98000", "2011-06-30": "624.65900", "2011-03-31": "606.59700", "2010-12-31": "637.72090", "2010-09-30": "591.42500", "2010-06-30": "597.64800", "2010-03-31": "562.34900", "2009-12-31": "-350.00290", "2009-09-30": "545.37900", "2009-06-30": "545.47400", "2009-03-31": "1473.68000", "2008-12-31": "505.93200", "2008-09-30": "492.80500", "2008-06-30": "525.34300", "2008-03-31": "540.43300", "2007-12-31": "4675.78800", "2007-09-30": "488.55100", "2007-06-30": "493.52000", "2007-03-31": "545.74300", "2006-12-31": "4576.17200", "2006-09-30": "489.90600", "2006-06-30": "520.03200", "2006-03-31": "519.34500", "2005-12-31": "512.65410", "2005-09-30": "479.20800", "2005-06-30": "518.24700", "2005-03-31": "485.36600"}, "Other Operating Income Or Expenses": {"2020-12-31": "-73.00000", "2020-09-30": "-73.00000", "2020-06-30": "-68.00000", "2020-03-31": "-74.00000", "2019-12-31": "-73.00000", "2019-09-30": "-75.00000", "2019-06-30": "-65.00000", "2019-03-31": "-72.00000", "2018-12-31": "-73.00000", "2018-09-30": "-77.00000", "2018-06-30": "-69.00000", "2018-03-31": "-71.00000", "2017-12-31": "-66.00000", "2017-09-30": "-74.00000", "2017-06-30": "-65.00000", "2017-03-31": "-68.00000", "2016-12-31": "-67.73400", "2016-09-30": "-63.91400", "2016-06-30": "-55.91600", "2016-03-31": "-57.43600", "2015-12-31": "-59.27700", "2015-09-30": "-57.31400", "2015-06-30": "-54.14100", "2015-03-31": "-183.26800", "2014-12-31": "-78.22000", "2014-09-30": "-75.17200", "2014-06-30": "-70.83400", "2014-03-31": "-77.54600", "2013-12-31": "-68.43800", "2013-09-30": "-67.81100", "2013-06-30": "-60.44500", "2013-03-31": "-64.03200", "2012-12-31": "-69.28500", "2012-09-30": "-68.92000", "2012-06-30": "-58.61500", "2012-03-31": "-63.70700", "2011-12-31": "-69.30300", "2011-09-30": "-71.28000", "2011-06-30": "-65.49700", "2011-03-31": "-75.29800", "2010-12-31": "-65.37600", "2010-09-30": "-60.86100", "2010-06-30": "-55.55100", "2010-03-31": "-58.03900", "2009-12-31": "-48.31900", "2009-09-30": "-47.15700", "2009-06-30": "-41.41700", "2009-03-31": "-45.21900", "2008-12-31": "-25.43400", "2008-09-30": "-27.48300", "2008-06-30": "-29.22600", "2008-03-31": "-35.57000", "2007-12-31": "-46.90800", "2007-09-30": "-34.60000", "2007-06-30": "-20.26400", "2007-03-31": "", "2006-12-31": "", "2006-09-30": "", "2006-06-30": "", "2006-03-31": "", "2005-12-31": "", "2005-09-30": "", "2005-06-30": "", "2005-03-31": ""}, "Operating Expenses": {"2020-12-31": "2521.00000", "2020-09-30": "2369.00000", "2020-06-30": "2164.00000", "2020-03-31": "2356.00000", "2019-12-31": "2348.00000", "2019-09-30": "2255.00000", "2019-06-30": "2167.00000", "2019-03-31": "2655.00000", "2018-12-31": "2541.00000", "2018-09-30": "2352.00000", "2018-06-30": "2208.00000", "2018-03-31": "2471.00000", "2017-12-31": "2355.00000", "2017-09-30": "2193.00000", "2017-06-30": "2179.00000", "2017-03-31": "2454.00000", "2016-12-31": "2303.23600", "2016-09-30": "2213.09300", "2016-06-30": "2068.26800", "2016-03-31": "2282.40300", "2015-12-31": "2204.83700", "2015-09-30": "2115.50000", "2015-06-30": "2092.28900", "2015-03-31": "2611.37400", "2014-12-31": "2537.37900", "2014-09-30": "2204.12700", "2014-06-30": "2287.88800", "2014-03-31": "2708.61200", "2013-12-31": "2405.24000", "2013-09-30": "2157.22500", "2013-06-30": "2176.67700", "2013-03-31": "2328.22500", "2012-12-31": "2234.73800", "2012-09-30": "2003.90700", "2012-06-30": "1868.97800", "2012-03-31": "2197.91700", "2011-12-31": "2224.40900", "2011-09-30": "2180.10200", "2011-06-30": "2078.78000", "2011-03-31": "2389.87700", "2010-12-31": "2244.56300", "2010-09-30": "2060.15700", "2010-06-30": "1982.46000", "2010-03-31": "2403.79700", "2009-12-31": "2264.85700", "2009-09-30": "1849.41400", "2009-06-30": "1736.71500", "2009-03-31": "2324.74500", "2008-12-31": "2354.72900", "2008-09-30": "2403.68600", "2008-06-30": "2355.67900", "2008-03-31": "2698.27000", "2007-12-31": "2314.27600", "2007-09-30": "1905.15200", "2007-06-30": "1978.13500", "2007-03-31": "2485.53400", "2006-12-31": "2239.43400", "2006-09-30": "2000.35000", "2006-06-30": "1848.17000", "2006-03-31": "2575.35500", "2005-12-31": "2634.02600", "2005-09-30": "1921.39800", "2005-06-30": "1861.82000", "2005-03-31": "2115.51400"}, "Operating Income": {"2020-12-31": "426.00000", "2020-09-30": "813.00000", "2020-06-30": "422.00000", "2020-03-31": "455.00000", "2019-12-31": "450.00000", "2019-09-30": "758.00000", "2019-06-30": "410.00000", "2019-03-31": "486.00000", "2018-12-31": "339.00000", "2018-09-30": "696.00000", "2018-06-30": "450.00000", "2018-03-31": "480.00000", "2017-12-31": "441.00000", "2017-09-30": "824.00000", "2017-06-30": "466.00000", "2017-03-31": "492.00000", "2016-12-31": "491.49490", "2016-09-30": "827.05420", "2016-06-30": "431.58110", "2016-03-31": "489.86990", "2015-12-31": "440.49780", "2015-09-30": "785.81200", "2015-06-30": "422.84500", "2015-03-31": "350.84500", "2014-12-31": "391.24930", "2014-09-30": "665.67990", "2014-06-30": "397.20800", "2014-03-31": "493.99190", "2013-12-31": "325.58200", "2013-09-30": "665.11280", "2013-06-30": "402.23610", "2013-03-31": "454.62400", "2012-12-31": "316.39700", "2012-09-30": "720.43400", "2012-06-30": "405.69010", "2012-03-31": "380.16210", "2011-12-31": "344.00120", "2011-09-30": "651.49610", "2011-06-30": "359.44190", "2011-03-31": "426.66280", "2010-12-31": "322.37110", "2010-09-30": "568.63010", "2010-06-30": "325.30380", "2010-03-31": "403.66500", "2009-12-31": "353.25830", "2009-09-30": "465.14790", "2009-06-30": "279.36800", "2009-03-31": "370.79690", "2008-12-31": "352.84500", "2008-09-30": "447.99370", "2008-06-30": "259.83590", "2008-03-31": "330.11790", "2007-12-31": "288.94310", "2007-09-30": "494.84510", "2007-06-30": "289.15690", "2007-03-31": "278.12820", "2006-12-31": "227.30200", "2006-09-30": "411.24110", "2006-06-30": "225.70300", "2006-03-31": "312.74930", "2005-12-31": "250.74000", "2005-09-30": "364.72500", "2005-06-30": "202.23500", "2005-03-31": "275.01880"}, "Total Non-Operating Income/Expense": {"2020-12-31": "-168.00000", "2020-09-30": "-167.00000", "2020-06-30": "-148.00000", "2020-03-31": "-166.00000", "2019-12-31": "-151.00000", "2019-09-30": "-159.00000", "2019-06-30": "-148.00000", "2019-03-31": "-146.00000", "2018-12-31": "-130.00000", "2018-09-30": "-132.00000", "2018-06-30": "-131.00000", "2018-03-31": "-130.00000", "2017-12-31": "-133.00000", "2017-09-30": "-127.00000", "2017-06-30": "-137.00000", "2017-03-31": "-136.00000", "2016-12-31": "-154.85600", "2016-09-30": "-130.84700", "2016-06-30": "-130.38900", "2016-03-31": "-119.90800", "2015-12-31": "-121.44800", "2015-09-30": "-120.32000", "2015-06-30": "-116.03300", "2015-03-31": "-115.19900", "2014-12-31": "-107.09400", "2014-09-30": "-101.12900", "2014-06-30": "-97.78600", "2014-03-31": "-97.00000", "2013-12-31": "-102.22700", "2013-09-30": "-107.01200", "2013-06-30": "-106.48600", "2013-03-31": "-99.62000", "2012-12-31": "-106.11700", "2012-09-30": "-119.44200", "2012-06-30": "-120.81400", "2012-03-31": "-120.87800", "2011-12-31": "-124.78400", "2011-09-30": "-119.89700", "2011-06-30": "-116.23800", "2011-03-31": "-111.19500", "2010-12-31": "-114.19600", "2010-09-30": "-89.94200", "2010-06-30": "-112.81300", "2010-03-31": "-114.42700", "2009-12-31": "-91.67700", "2009-09-30": "-107.74500", "2009-06-30": "-104.45800", "2009-03-31": "-107.85400", "2008-12-31": "-102.21100", "2008-09-30": "-104.09700", "2008-06-30": "-100.02700", "2008-03-31": "-100.05000", "2007-12-31": "-99.45590", "2007-09-30": "-119.13500", "2007-06-30": "-150.39400", "2007-03-31": "-111.70500", "2006-12-31": "-117.45100", "2006-09-30": "-99.47000", "2006-06-30": "-100.38000", "2006-03-31": "-109.60100", "2005-12-31": "-108.29300", "2005-09-30": "-106.27500", "2005-06-30": "-99.87500", "2005-03-31": "-105.69900"}, "Pre-Tax Income": {"2020-12-31": "258.00000", "2020-09-30": "646.00000", "2020-06-30": "274.00000", "2020-03-31": "289.00000", "2019-12-31": "299.00000", "2019-09-30": "599.00000", "2019-06-30": "262.00000", "2019-03-31": "340.00000", "2018-12-31": "209.00000", "2018-09-30": "564.00000", "2018-06-30": "319.00000", "2018-03-31": "350.00000", "2017-12-31": "308.00000", "2017-09-30": "697.00000", "2017-06-30": "329.00000", "2017-03-31": "356.00000", "2016-12-31": "336.63910", "2016-09-30": "696.20700", "2016-06-30": "301.19200", "2016-03-31": "369.96200", "2015-12-31": "319.05000", "2015-09-30": "665.49200", "2015-06-30": "306.81200", "2015-03-31": "235.64600", "2014-12-31": "284.15590", "2014-09-30": "564.55100", "2014-06-30": "299.42200", "2014-03-31": "396.99200", "2013-12-31": "223.35490", "2013-09-30": "558.10100", "2013-06-30": "295.75000", "2013-03-31": "355.00400", "2012-12-31": "210.28000", "2012-09-30": "600.99200", "2012-06-30": "284.87600", "2012-03-31": "259.28400", "2011-12-31": "219.21710", "2011-09-30": "531.59900", "2011-06-30": "243.20400", "2011-03-31": "315.46800", "2010-12-31": "208.17400", "2010-09-30": "478.68800", "2010-06-30": "212.49100", "2010-03-31": "289.23800", "2009-12-31": "261.58200", "2009-09-30": "357.40300", "2009-06-30": "174.91000", "2009-03-31": "262.94300", "2008-12-31": "250.63200", "2008-09-30": "343.89700", "2008-06-30": "159.80900", "2008-03-31": "230.06800", "2007-12-31": "189.48700", "2007-09-30": "375.71000", "2007-06-30": "138.76300", "2007-03-31": "166.42300", "2006-12-31": "109.85000", "2006-09-30": "311.77100", "2006-06-30": "125.32300", "2006-03-31": "203.14800", "2005-12-31": "142.44700", "2005-09-30": "258.45000", "2005-06-30": "102.36000", "2005-03-31": "169.32000"}, "Income Taxes": {"2020-12-31": "-30.00000", "2020-09-30": "43.00000", "2020-06-30": "-13.00000", "2020-03-31": "-6.00000", "2019-12-31": "7.00000", "2019-09-30": "72.00000", "2019-06-30": "24.00000", "2019-03-31": "25.00000", "2018-12-31": "-5.00000", "2018-09-30": "73.00000", "2018-06-30": "54.00000", "2018-03-31": "59.00000", "2017-12-31": "118.00000", "2017-09-30": "205.00000", "2017-06-30": "102.00000", "2017-03-31": "117.00000", "2016-12-31": "109.54100", "2016-09-30": "238.41200", "2016-06-30": "104.39700", "2016-03-31": "128.65000", "2015-12-31": "110.51000", "2015-09-30": "239.02900", "2015-06-30": "109.88100", "2015-03-31": "83.58000", "2014-12-31": "87.81700", "2014-09-30": "195.96900", "2014-06-30": "104.25800", "2014-03-31": "135.77100", "2013-12-31": "73.30000", "2013-09-30": "193.34900", "2013-06-30": "98.89300", "2013-03-31": "118.43400", "2012-12-31": "70.04200", "2012-09-30": "202.84500", "2012-06-30": "101.80100", "2012-03-31": "75.51500", "2011-12-31": "78.47800", "2011-09-30": "193.30400", "2011-06-30": "84.53300", "2011-03-31": "112.00100", "2010-12-31": "71.67100", "2010-09-30": "166.20000", "2010-06-30": "76.86600", "2010-03-31": "121.89800", "2009-12-31": "90.73300", "2009-09-30": "135.61000", "2009-06-30": "57.84600", "2009-03-31": "87.12500", "2008-12-31": "85.73200", "2008-09-30": "121.55100", "2008-06-30": "54.81900", "2008-03-31": "76.58400", "2007-12-31": "54.51700", "2007-09-30": "120.99000", "2007-06-30": "71.06800", "2007-03-31": "47.90900", "2006-12-31": "2.91800", "2006-09-30": "97.92300", "2006-06-30": "27.23400", "2006-03-31": "53.33600", "2005-12-31": "43.36500", "2005-09-30": "60.63300", "2005-06-30": "24.68400", "2005-03-31": "44.85700"}, "Income After Taxes": {"2020-12-31": "288.00000", "2020-09-30": "603.00000", "2020-06-30": "287.00000", "2020-03-31": "295.00000", "2019-12-31": "292.00000", "2019-09-30": "527.00000", "2019-06-30": "238.00000", "2019-03-31": "315.00000", "2018-12-31": "214.00000", "2018-09-30": "491.00000", "2018-06-30": "265.00000", "2018-03-31": "291.00000", "2017-12-31": "190.00000", "2017-09-30": "492.00000", "2017-06-30": "227.00000", "2017-03-31": "239.00000", "2016-12-31": "227.09800", "2016-09-30": "457.79500", "2016-06-30": "196.79500", "2016-03-31": "241.31200", "2015-12-31": "208.54000", "2015-09-30": "426.46300", "2015-06-30": "196.93100", "2015-03-31": "152.06600", "2014-12-31": "196.33890", "2014-09-30": "368.58200", "2014-06-30": "195.16400", "2014-03-31": "261.22100", "2013-12-31": "150.05490", "2013-09-30": "364.75200", "2013-06-30": "196.85700", "2013-03-31": "236.57000", "2012-12-31": "140.23800", "2012-09-30": "398.14700", "2012-06-30": "183.07500", "2012-03-31": "183.76900", "2011-12-31": "140.73900", "2011-09-30": "338.29500", "2011-06-30": "158.67100", "2011-03-31": "203.46700", "2010-12-31": "136.50300", "2010-09-30": "312.48800", "2010-06-30": "135.62500", "2010-03-31": "167.34000", "2009-12-31": "170.84900", "2009-09-30": "221.79300", "2009-06-30": "117.06400", "2009-03-31": "175.81800", "2008-12-31": "164.90000", "2008-09-30": "222.34600", "2008-06-30": "104.99000", "2008-03-31": "153.48400", "2007-12-31": "134.97000", "2007-09-30": "254.72000", "2007-06-30": "67.69500", "2007-03-31": "118.51400", "2006-12-31": "106.93200", "2006-09-30": "213.84800", "2006-06-30": "98.08900", "2006-03-31": "149.81200", "2005-12-31": "99.08200", "2005-09-30": "197.81700", "2005-06-30": "77.67600", "2005-03-31": "124.46300"}, "Other Income": {"2020-12-31": "", "2020-09-30": "", "2020-06-30": "", "2020-03-31": "", "2019-12-31": "", "2019-09-30": "", "2019-06-30": "", "2019-03-31": "", "2018-12-31": "", "2018-09-30": "", "2018-06-30": "", "2018-03-31": "", "2017-12-31": "", "2017-09-30": "", "2017-06-30": "", "2017-03-31": "", "2016-12-31": "", "2016-09-30": "", "2016-06-30": "", "2016-03-31": "", "2015-12-31": "", "2015-09-30": "", "2015-06-30": "", "2015-03-31": "", "2014-12-31": "", "2014-09-30": "", "2014-06-30": "", "2014-03-31": "", "2013-12-31": "", "2013-09-30": "", "2013-06-30": "", "2013-03-31": "", "2012-12-31": "", "2012-09-30": "", "2012-06-30": "", "2012-03-31": "", "2011-12-31": "", "2011-09-30": "", "2011-06-30": "", "2011-03-31": "", "2010-12-31": "", "2010-09-30": "", "2010-06-30": "", "2010-03-31": "", "2009-12-31": "", "2009-09-30": "", "2009-06-30": "", "2009-03-31": "", "2008-12-31": "", "2008-09-30": "", "2008-06-30": "", "2008-03-31": "", "2007-12-31": "", "2007-09-30": "", "2007-06-30": "", "2007-03-31": "", "2006-12-31": "", "2006-09-30": "", "2006-06-30": "", "2006-03-31": "", "2005-12-31": "", "2005-09-30": "", "2005-06-30": "", "2005-03-31": ""}, "Income From Continuous Operations": {"2020-12-31": "288.00000", "2020-09-30": "603.00000", "2020-06-30": "287.00000", "2020-03-31": "295.00000", "2019-12-31": "292.00000", "2019-09-30": "527.00000", "2019-06-30": "238.00000", "2019-03-31": "315.00000", "2018-12-31": "214.00000", "2018-09-30": "491.00000", "2018-06-30": "265.00000", "2018-03-31": "291.00000", "2017-12-31": "190.00000", "2017-09-30": "492.00000", "2017-06-30": "227.00000", "2017-03-31": "239.00000", "2016-12-31": "227.09800", "2016-09-30": "457.79500", "2016-06-30": "196.79500", "2016-03-31": "241.31200", "2015-12-31": "208.54000", "2015-09-30": "426.46300", "2015-06-30": "196.93100", "2015-03-31": "152.06600", "2014-12-31": "196.33890", "2014-09-30": "368.58200", "2014-06-30": "195.16400", "2014-03-31": "261.22100", "2013-12-31": "150.05490", "2013-09-30": "364.75200", "2013-06-30": "196.85700", "2013-03-31": "236.57000", "2012-12-31": "140.23800", "2012-09-30": "398.14700", "2012-06-30": "183.07500", "2012-03-31": "183.76900", "2011-12-31": "140.73900", "2011-09-30": "338.29500", "2011-06-30": "158.67100", "2011-03-31": "203.46700", "2010-12-31": "136.50300", "2010-09-30": "312.48800", "2010-06-30": "135.62500", "2010-03-31": "167.34000", "2009-12-31": "170.84900", "2009-09-30": "221.79300", "2009-06-30": "117.06400", "2009-03-31": "175.81800", "2008-12-31": "163.55800", "2008-09-30": "222.69500", "2008-06-30": "105.47300", "2008-03-31": "153.99400", "2007-12-31": "134.97000", "2007-09-30": "254.72000", "2007-06-30": "67.69500", "2007-03-31": "118.51400", "2006-12-31": "106.93200", "2006-09-30": "213.84800", "2006-06-30": "98.08900", "2006-03-31": "149.81200", "2005-12-31": "99.08200", "2005-09-30": "197.81700", "2005-06-30": "77.67600", "2005-03-31": "124.46300"}, "Income From Discontinued Operations": {"2020-12-31": "", "2020-09-30": "", "2020-06-30": "", "2020-03-31": "", "2019-12-31": "", "2019-09-30": "", "2019-06-30": "", "2019-03-31": "", "2018-12-31": "", "2018-09-30": "", "2018-06-30": "", "2018-03-31": "", "2017-12-31": "", "2017-09-30": "", "2017-06-30": "", "2017-03-31": "", "2016-12-31": "", "2016-09-30": "", "2016-06-30": "", "2016-03-31": "", "2015-12-31": "", "2015-09-30": "", "2015-06-30": "", "2015-03-31": "", "2014-12-31": "", "2014-09-30": "", "2014-06-30": "", "2014-03-31": "", "2013-12-31": "", "2013-09-30": "", "2013-06-30": "", "2013-03-31": "", "2012-12-31": "", "2012-09-30": "-0.04100", "2012-06-30": "-0.01500", "2012-03-31": "0.12400", "2011-12-31": "", "2011-09-30": "0.03700", "2011-06-30": "0.09100", "2011-03-31": "0.10200", "2010-12-31": "0.13100", "2010-09-30": "-0.18200", "2010-06-30": "4.15100", "2010-03-31": "-0.22200", "2009-12-31": "-1.96400", "2009-09-30": "-0.96500", "2009-06-30": "0.04300", "2009-03-31": "-1.75100", "2008-12-31": "0.51800", "2008-09-30": "0.09400", "2008-06-30": "0.09900", "2008-03-31": "-0.87700", "2007-12-31": "-0.92700", "2007-09-30": "0.09700", "2007-06-30": "1.08200", "2007-03-31": "1.19700", "2006-12-31": "-9.21300", "2006-09-30": "10.61400", "2006-06-30": "0.18600", "2006-03-31": "1.48600", "2005-12-31": "12.98700", "2005-09-30": "-1.79800", "2005-06-30": "5.73000", "2005-03-31": "-2.98500"}, "Net Income": {"2020-12-31": "288.00000", "2020-09-30": "603.00000", "2020-06-30": "287.00000", "2020-03-31": "295.00000", "2019-12-31": "292.00000", "2019-09-30": "527.00000", "2019-06-30": "238.00000", "2019-03-31": "315.00000", "2018-12-31": "214.00000", "2018-09-30": "491.00000", "2018-06-30": "265.00000", "2018-03-31": "291.00000", "2017-12-31": "190.00000", "2017-09-30": "492.00000", "2017-06-30": "227.00000", "2017-03-31": "239.00000", "2016-12-31": "227.09800", "2016-09-30": "457.79500", "2016-06-30": "196.79500", "2016-03-31": "241.31200", "2015-12-31": "208.54000", "2015-09-30": "426.46300", "2015-06-30": "196.93100", "2015-03-31": "152.06600", "2014-12-31": "196.33900", "2014-09-30": "368.58200", "2014-06-30": "195.16400", "2014-03-31": "261.22100", "2013-12-31": "150.05500", "2013-09-30": "364.75200", "2013-06-30": "196.85700", "2013-03-31": "236.57000", "2012-12-31": "140.17000", "2012-09-30": "398.10600", "2012-06-30": "183.06000", "2012-03-31": "183.89300", "2011-12-31": "140.50900", "2011-09-30": "333.65800", "2011-06-30": "157.70200", "2011-03-31": "202.50900", "2010-12-31": "135.57300", "2010-09-30": "311.24600", "2010-06-30": "138.71600", "2010-03-31": "166.05800", "2009-12-31": "167.82400", "2009-09-30": "219.76800", "2009-06-30": "116.04700", "2009-03-31": "173.00700", "2008-12-31": "163.01500", "2008-09-30": "221.72900", "2008-06-30": "104.51200", "2008-03-31": "152.05700", "2007-12-31": "132.98200", "2007-09-30": "253.75700", "2007-06-30": "67.71700", "2007-03-31": "118.65100", "2006-12-31": "96.65800", "2006-09-30": "223.40200", "2006-06-30": "97.21500", "2006-03-31": "150.23800", "2005-12-31": "111.00800", "2005-09-30": "194.95900", "2005-06-30": "82.34600", "2005-03-31": "120.41800"}, "EBITDA": {"2020-12-31": "", "2020-09-30": "1359.00000", "2020-06-30": "930.00000", "2020-03-31": "954.00000", "2019-12-31": "933.00000", "2019-09-30": "1240.00000", "2019-06-30": "880.00000", "2019-03-31": "955.00000", "2018-12-31": "815.00000", "2018-09-30": "1170.00000", "2018-06-30": "863.00000", "2018-03-31": "898.00000", "2017-12-31": "849.00000", "2017-09-30": "1229.00000", "2017-06-30": "862.00000", "2017-03-31": "892.00000", "2016-12-31": "859.25780", "2016-09-30": "1189.30100", "2016-06-30": "789.36710", "2016-03-31": "838.07390", "2015-12-31": "764.66180", "2015-09-30": "1102.54200", "2015-06-30": "721.48190", "2015-03-31": "655.31400", "2014-12-31": "679.10830", "2014-09-30": "955.84090", "2014-06-30": "686.94010", "2014-03-31": "771.75390", "2013-12-31": "607.66400", "2013-09-30": "923.38080", "2013-06-30": "677.19600", "2013-03-31": "733.49300", "2012-12-31": "573.99500", "2012-09-30": "991.80100", "2012-06-30": "658.92310", "2012-03-31": "637.70720", "2011-12-31": "567.07430", "2011-09-30": "928.39900", "2011-06-30": "609.83890", "2011-03-31": "679.85080", "2010-12-31": "572.11610", "2010-09-30": "821.90410", "2010-06-30": "558.61990", "2010-03-31": "638.53200", "2009-12-31": "585.66330", "2009-09-30": "687.93900", "2009-06-30": "502.79300", "2009-03-31": "601.45090", "2008-12-31": "535.67900", "2008-09-30": "684.77660", "2008-06-30": "502.97390", "2008-03-31": "567.82890", "2007-12-31": "491.87610", "2007-09-30": "707.68620", "2007-06-30": "520.75090", "2007-03-31": "509.98820", "2006-12-31": "450.63100", "2006-09-30": "642.57810", "2006-06-30": "446.96800", "2006-03-31": "531.67220", "2005-12-31": "460.67700", "2005-09-30": "560.95900", "2005-06-30": "406.34100", "2005-03-31": "480.52580"}, "EBIT": {"2020-12-31": "426.00000", "2020-09-30": "813.00000", "2020-06-30": "422.00000", "2020-03-31": "455.00000", "2019-12-31": "450.00000", "2019-09-30": "758.00000", "2019-06-30": "410.00000", "2019-03-31": "486.00000", "2018-12-31": "339.00000", "2018-09-30": "696.00000", "2018-06-30": "450.00000", "2018-03-31": "480.00000", "2017-12-31": "441.00000", "2017-09-30": "824.00000", "2017-06-30": "466.00000", "2017-03-31": "492.00000", "2016-12-31": "491.49490", "2016-09-30": "827.05420", "2016-06-30": "431.58110", "2016-03-31": "489.86990", "2015-12-31": "440.49800", "2015-09-30": "785.81200", "2015-06-30": "422.84500", "2015-03-31": "350.84500", "2014-12-31": "391.24900", "2014-09-30": "665.67990", "2014-06-30": "397.20800", "2014-03-31": "493.99190", "2013-12-31": "325.58180", "2013-09-30": "665.11280", "2013-06-30": "402.23610", "2013-03-31": "454.62400", "2012-12-31": "316.39650", "2012-09-30": "720.43400", "2012-06-30": "405.69010", "2012-03-31": "380.16210", "2011-12-31": "344.00070", "2011-09-30": "651.49610", "2011-06-30": "359.44190", "2011-03-31": "426.66280", "2010-12-31": "322.37070", "2010-09-30": "568.63010", "2010-06-30": "325.30380", "2010-03-31": "403.66500", "2009-12-31": "353.25840", "2009-09-30": "465.14790", "2009-06-30": "279.36800", "2009-03-31": "370.79690", "2008-12-31": "352.84450", "2008-09-30": "447.99370", "2008-06-30": "259.83590", "2008-03-31": "330.11790", "2007-12-31": "288.94310", "2007-09-30": "494.84510", "2007-06-30": "289.15690", "2007-03-31": "278.12820", "2006-12-31": "227.30180", "2006-09-30": "411.24110", "2006-06-30": "225.70300", "2006-03-31": "312.74930", "2005-12-31": "250.74000", "2005-09-30": "364.72500", "2005-06-30": "202.23500", "2005-03-31": "275.01880"}, "Basic Shares Outstanding": {"2020-12-31": "530.00000", "2020-09-30": "526.00000", "2020-06-30": "527.00000", "2020-03-31": "526.00000", "2019-12-31": "519.00000", "2019-09-30": "519.00000", "2019-06-30": "516.00000", "2019-03-31": "515.00000", "2018-12-31": "511.00000", "2018-09-30": "510.00000", "2018-06-30": "510.00000", "2018-03-31": "509.00000", "2017-12-31": "509.00000", "2017-09-30": "509.00000", "2017-06-30": "509.00000", "2017-03-31": "508.00000", "2016-12-31": "509.00000", "2016-09-30": "508.94100", "2016-06-30": "508.93000", "2016-03-31": "508.66700", "2015-12-31": "508.00000", "2015-09-30": "508.03100", "2015-06-30": "507.70700", "2015-03-31": "506.98300", "2014-12-31": "503.84700", "2014-09-30": "506.08200", "2014-06-30": "503.27200", "2014-03-31": "499.52300", "2013-12-31": "496.07300", "2013-09-30": "498.14900", "2013-06-30": "497.74700", "2013-03-31": "489.78100", "2012-12-31": "487.89900", "2012-09-30": "488.08400", "2012-06-30": "487.71700", "2012-03-31": "487.36000", "2011-12-31": "485.03900", "2011-09-30": "485.34400", "2011-06-30": "484.91800", "2011-03-31": "483.64100", "2010-12-31": "462.05200", "2010-09-30": "460.47100", "2010-06-30": "460.04100", "2010-03-31": "458.91800", "2009-12-31": "456.43300", "2009-09-30": "456.76900", "2009-06-30": "456.30700", "2009-03-31": "455.19200", "2008-12-31": "437.05400", "2008-09-30": "434.13100", "2008-06-30": "430.81100", "2008-03-31": "429.56300", "2007-12-31": "416.13900", "2007-09-30": "419.82200", "2007-06-30": "412.71000", "2007-03-31": "408.00300", "2006-12-31": "405.68900", "2006-09-30": "406.12300", "2006-06-30": "405.43400", "2006-03-31": "404.12500", "2005-12-31": "402.33000", "2005-09-30": "402.73500", "2005-06-30": "402.21400", "2005-03-31": "401.11600"}, "Shares Outstanding": {"2020-12-31": "532.00000", "2020-09-30": "528.00000", "2020-06-30": "527.00000", "2020-03-31": "527.00000", "2019-12-31": "520.00000", "2019-09-30": "521.00000", "2019-06-30": "518.00000", "2019-03-31": "516.00000", "2018-12-31": "511.00000", "2018-09-30": "511.00000", "2018-06-30": "510.00000", "2018-03-31": "509.00000", "2017-12-31": "509.00000", "2017-09-30": "509.00000", "2017-06-30": "509.00000", "2017-03-31": "509.00000", "2016-12-31": "509.00000", "2016-09-30": "509.56600", "2016-06-30": "509.49000", "2016-03-31": "509.15000", "2015-12-31": "508.00000", "2015-09-30": "508.42700", "2015-06-30": "508.07400", "2015-03-31": "507.39300", "2014-12-31": "504.11700", "2014-09-30": "506.36500", "2014-06-30": "503.45600", "2014-03-31": "499.74600", "2013-12-31": "496.53200", "2013-09-30": "498.64100", "2013-06-30": "498.03600", "2013-03-31": "490.53100", "2012-12-31": "488.43400", "2012-09-30": "488.57800", "2012-06-30": "488.01700", "2012-03-31": "487.99500", "2011-12-31": "485.61500", "2011-09-30": "485.89400", "2011-06-30": "485.24100", "2011-03-31": "484.30100", "2010-12-31": "463.39100", "2010-09-30": "462.01900", "2010-06-30": "460.43200", "2010-03-31": "459.69700", "2009-12-31": "457.13900", "2009-09-30": "457.45300", "2009-06-30": "456.76600", "2009-03-31": "455.95200", "2008-12-31": "441.81300", "2008-09-30": "439.39700", "2008-06-30": "435.86800", "2008-03-31": "434.85300", "2007-12-31": "433.13100", "2007-09-30": "433.38700", "2007-06-30": "432.86100", "2007-03-31": "432.05400", "2006-12-31": "429.60500", "2006-09-30": "430.00000", "2006-06-30": "429.09900", "2006-03-31": "427.46100", "2005-12-31": "425.67100", "2005-09-30": "426.08500", "2005-06-30": "425.55200", "2005-03-31": "424.44900"}, "Basic EPS": {"2020-12-31": "0.54000", "2020-09-30": "1.15000", "2020-06-30": "0.54000", "2020-03-31": "0.56000", "2019-12-31": "0.55000", "2019-09-30": "1.02000", "2019-06-30": "0.46000", "2019-03-31": "0.61000", "2018-12-31": "0.42000", "2018-09-30": "0.96000", "2018-06-30": "0.52000", "2018-03-31": "0.57000", "2017-12-31": "0.37000", "2017-09-30": "0.97000", "2017-06-30": "0.45000", "2017-03-31": "0.47000", "2016-12-31": "0.45000", "2016-09-30": "0.90000", "2016-06-30": "0.39000", "2016-03-31": "0.47000", "2015-12-31": "0.41000", "2015-09-30": "0.84000", "2015-06-30": "0.39000", "2015-03-31": "0.30000", "2014-12-31": "0.39000", "2014-09-30": "0.73000", "2014-06-30": "0.39000", "2014-03-31": "0.52000", "2013-12-31": "0.30000", "2013-09-30": "0.73000", "2013-06-30": "0.40000", "2013-03-31": "0.48000", "2012-12-31": "0.28000", "2012-09-30": "0.82000", "2012-06-30": "0.38000", "2012-03-31": "0.38000", "2011-12-31": "0.28000", "2011-09-30": "0.69000", "2011-06-30": "0.33000", "2011-03-31": "0.42000", "2010-12-31": "0.29000", "2010-09-30": "0.68000", "2010-06-30": "0.30000", "2010-03-31": "0.36000", "2009-12-31": "0.37000", "2009-09-30": "0.48000", "2009-06-30": "0.25000", "2009-03-31": "0.38000", "2008-12-31": "0.37000", "2008-09-30": "0.51000", "2008-06-30": "0.24000", "2008-03-31": "0.35000", "2007-12-31": "0.33000", "2007-09-30": "0.60000", "2007-06-30": "0.16000", "2007-03-31": "0.29000", "2006-12-31": "0.24000", "2006-09-30": "0.55000", "2006-06-30": "0.24000", "2006-03-31": "0.37000", "2005-12-31": "0.28000", "2005-09-30": "0.48000", "2005-06-30": "0.20000", "2005-03-31": "0.30000"}, "EPS - Earnings Per Share": {"2020-12-31": "0.54000", "2020-09-30": "1.14000", "2020-06-30": "0.54000", "2020-03-31": "0.56000", "2019-12-31": "0.56000", "2019-09-30": "1.01000", "2019-06-30": "0.46000", "2019-03-31": "0.61000", "2018-12-31": "0.42000", "2018-09-30": "0.96000", "2018-06-30": "0.52000", "2018-03-31": "0.57000", "2017-12-31": "0.36000", "2017-09-30": "0.97000", "2017-06-30": "0.45000", "2017-03-31": "0.47000", "2016-12-31": "0.45000", "2016-09-30": "0.90000", "2016-06-30": "0.39000", "2016-03-31": "0.47000", "2015-12-31": "0.41000", "2015-09-30": "0.84000", "2015-06-30": "0.39000", "2015-03-31": "0.30000", "2014-12-31": "0.39000", "2014-09-30": "0.73000", "2014-06-30": "0.39000", "2014-03-31": "0.52000", "2013-12-31": "0.30000", "2013-09-30": "0.73000", "2013-06-30": "0.40000", "2013-03-31": "0.48000", "2012-12-31": "0.28000", "2012-09-30": "0.81000", "2012-06-30": "0.38000", "2012-03-31": "0.38000", "2011-12-31": "0.28000", "2011-09-30": "0.69000", "2011-06-30": "0.33000", "2011-03-31": "0.42000", "2010-12-31": "0.29000", "2010-09-30": "0.67000", "2010-06-30": "0.30000", "2010-03-31": "0.36000", "2009-12-31": "0.37000", "2009-09-30": "0.48000", "2009-06-30": "0.25000", "2009-03-31": "0.38000", "2008-12-31": "0.36000", "2008-09-30": "0.51000", "2008-06-30": "0.24000", "2008-03-31": "0.35000", "2007-12-31": "0.32000", "2007-09-30": "0.59000", "2007-06-30": "0.16000", "2007-03-31": "0.28000", "2006-12-31": "0.23000", "2006-09-30": "0.53000", "2006-06-30": "0.24000", "2006-03-31": "0.36000", "2005-12-31": "0.27000", "2005-09-30": "0.47000", "2005-06-30": "0.20000", "2005-03-31": "0.29000"}}, "balance sheet": {"Cash On Hand": {"2020-12-31": "", "2019-12-31": "248.00000", "2018-12-31": "147.00000", "2017-12-31": "83.00000", "2016-12-31": "85.00000", "2015-12-31": "84.94000", "2014-12-31": "79.60800", "2013-12-31": "107.14400", "2012-12-31": "82.32300", "2011-12-31": "155.97100", "2010-12-31": "108.43700", "2009-12-31": "115.64800", "2008-12-31": "249.19800", "2007-12-31": "51.12000", "2006-12-31": "37.45800", "2005-12-31": "72.19600"}, "Receivables": {"2020-12-31": "", "2019-12-31": "837.00000", "2018-12-31": "860.00000", "2017-12-31": "797.00000", "2016-12-31": "776.00000", "2015-12-31": "724.60600", "2014-12-31": "826.50600", "2013-12-31": "744.16000", "2012-12-31": "718.04600", "2011-12-31": "753.12000", "2010-12-31": "718.47400", "2009-12-31": "730.15200", "2008-12-31": "900.78100", "2007-12-31": "951.58000", "2006-12-31": "833.29300", "2005-12-31": "1011.56900"}, "Inventory": {"2020-12-31": "", "2019-12-31": "544.00000", "2018-12-31": "548.00000", "2017-12-31": "610.00000", "2016-12-31": "604.00000", "2015-12-31": "608.58400", "2014-12-31": "597.18300", "2013-12-31": "576.53800", "2012-12-31": "535.57400", "2011-12-31": "618.23200", "2010-12-31": "560.80000", "2009-12-31": "566.20500", "2008-12-31": "666.70900", "2007-12-31": "531.61000", "2006-12-31": "506.19000", "2005-12-31": "535.15700"}, "Pre-Paid Expenses": {"2020-12-31": "", "2019-12-31": "228.00000", "2018-12-31": "233.00000", "2017-12-31": "251.00000", "2016-12-31": "245.00000", "2015-12-31": "318.75700", "2014-12-31": "356.60000", "2013-12-31": "252.25800", "2012-12-31": "171.31500", "2011-12-31": "121.48000", "2010-12-31": "193.62100", "2009-12-31": "192.79100", "2008-12-31": "263.90600", "2007-12-31": "244.13400", "2006-12-31": "205.74300", "2005-12-31": "99.90400"}, "Other Current Assets": {"2020-12-31": "", "2019-12-31": "1256.00000", "2018-12-31": "1306.00000", "2017-12-31": "1232.00000", "2016-12-31": "1132.00000", "2015-12-31": "1033.33900", "2014-12-31": "1258.27300", "2013-12-31": "1196.73800", "2012-12-31": "1085.35300", "2011-12-31": "1155.31500", "2010-12-31": "1151.31100", "2009-12-31": "1148.76000", "2008-12-31": "878.29400", "2007-12-31": "899.92800", "2006-12-31": "874.46200", "2005-12-31": "1222.22400"}, "Total Current Assets": {"2020-12-31": "", "2019-12-31": "3113.00000", "2018-12-31": "3094.00000", "2017-12-31": "2973.00000", "2016-12-31": "2842.00000", "2015-12-31": "2770.22600", "2014-12-31": "3364.38000", "2013-12-31": "3218.04000", "2012-12-31": "2625.13900", "2011-12-31": "2982.56400", "2010-12-31": "2732.64300", "2009-12-31": "2976.63500", "2008-12-31": "3015.52900", "2007-12-31": "2807.19300", "2006-12-31": "2634.18600", "2005-12-31": "3141.86100"}, "Property, Plant, And Equipment": {"2020-12-31": "", "2019-12-31": "39483.00000", "2018-12-31": "36944.00000", "2017-12-31": "34329.00000", "2016-12-31": "32842.00000", "2015-12-31": "31205.85000", "2014-12-31": "28756.92000", "2013-12-31": "26122.16000", "2012-12-31": "23809.35000", "2011-12-31": "22353.37000", "2010-12-31": "20663.08000", "2009-12-31": "18508.30000", "2008-12-31": "17688.72000", "2007-12-31": "16675.69000", "2006-12-31": "15548.66000", "2005-12-31": "14696.31000"}, "Long-Term Investments": {"2020-12-31": "", "2019-12-31": "", "2018-12-31": "", "2017-12-31": "", "2016-12-31": "", "2015-12-31": "", "2014-12-31": "", "2013-12-31": "", "2012-12-31": "", "2011-12-31": "", "2010-12-31": "", "2009-12-31": "", "2008-12-31": "", "2007-12-31": "", "2006-12-31": "", "2005-12-31": ""}, "Goodwill And Intangible Assets": {"2020-12-31": "", "2019-12-31": "", "2018-12-31": "", "2017-12-31": "", "2016-12-31": "", "2015-12-31": "", "2014-12-31": "", "2013-12-31": "", "2012-12-31": "", "2011-12-31": "", "2010-12-31": "", "2009-12-31": "", "2008-12-31": "", "2007-12-31": "", "2006-12-31": "", "2005-12-31": ""}, "Other Long-Term Assets": {"2020-12-31": "", "2019-12-31": "514.00000", "2018-12-31": "306.00000", "2017-12-31": "326.00000", "2016-12-31": "298.00000", "2015-12-31": "83.66400", "2014-12-31": "229.73200", "2013-12-31": "302.08300", "2012-12-31": "326.30500", "2011-12-31": "308.81300", "2010-12-31": "364.07000", "2009-12-31": "451.82600", "2008-12-31": "483.43000", "2007-12-31": "525.93900", "2006-12-31": "573.26600", "2005-12-31": "616.14900"}, "Total Long-Term Assets": {"2020-12-31": "", "2019-12-31": "45663.00000", "2018-12-31": "42893.00000", "2017-12-31": "40057.00000", "2016-12-31": "38313.00000", "2015-12-31": "36051.25000", "2014-12-31": "33593.50000", "2013-12-31": "30689.45000", "2012-12-31": "28515.55000", "2011-12-31": "26514.70000", "2010-12-31": "24655.04000", "2009-12-31": "22329.33000", "2008-12-31": "21942.96000", "2007-12-31": "20377.54000", "2006-12-31": "19324.16000", "2005-12-31": "18363.06000"}, "Total Assets": {"2020-12-31": "0.00000", "2019-12-31": "50448.00000", "2018-12-31": "45987.00000", "2017-12-31": "43030.00000", "2016-12-31": "41155.00000", "2015-12-31": "38821.48000", "2014-12-31": "36957.88000", "2013-12-31": "33907.49000", "2012-12-31": "31140.69000", "2011-12-31": "29497.27000", "2010-12-31": "27387.69000", "2009-12-31": "25305.96000", "2008-12-31": "24958.49000", "2007-12-31": "23184.73000", "2006-12-31": "21958.35000", "2005-12-31": "21504.92000"}, "Total Current Liabilities": {"2020-12-31": "", "2019-12-31": "4568.00000", "2018-12-31": "4460.00000", "2017-12-31": "4088.00000", "2016-12-31": "3247.00000", "2015-12-31": "4058.29700", "2014-12-31": "4064.58300", "2013-12-31": "3654.49800", "2012-12-31": "2937.07300", "2011-12-31": "3588.63900", "2010-12-31": "2536.53300", "2009-12-31": "3089.99900", "2008-12-31": "3046.24500", "2007-12-31": "3641.12400", "2006-12-31": "2865.28100", "2005-12-31": "3672.82600"}, "Long Term Debt": {"2020-12-31": "", "2019-12-31": "17407.00000", "2018-12-31": "15803.00000", "2017-12-31": "14520.00000", "2016-12-31": "14195.00000", "2015-12-31": "12398.88000", "2014-12-31": "11499.63000", "2013-12-31": "10910.75000", "2012-12-31": "10143.91000", "2011-12-31": "8848.51300", "2010-12-31": "9263.14400", "2009-12-31": "7888.62800", "2008-12-31": "7731.68800", "2007-12-31": "6342.16000", "2006-12-31": "6449.63800", "2005-12-31": "5897.78900"}, "Other Non-Current Liabilities": {"2020-12-31": "", "2019-12-31": "8342.00000", "2018-12-31": "8289.00000", "2017-12-31": "8022.00000", "2016-12-31": "4733.00000", "2015-12-31": "4600.51700", "2014-12-31": "4315.59400", "2013-12-31": "3596.78100", "2012-12-31": "3504.69600", "2011-12-31": "3468.89100", "2010-12-31": "2953.78300", "2009-12-31": "2844.39900", "2008-12-31": "3183.03300", "2007-12-31": "3552.59500", "2006-12-31": "3638.51900", "2005-12-31": "3780.53600"}, "Total Long Term Liabilities": {"2020-12-31": "", "2019-12-31": "32641.00000", "2018-12-31": "29305.00000", "2017-12-31": "27487.00000", "2016-12-31": "26887.00000", "2015-12-31": "24162.26000", "2014-12-31": "22678.82000", "2013-12-31": "20687.04000", "2012-12-31": "19329.54000", "2011-12-31": "17426.43000", "2010-12-31": "16662.66000", "2009-12-31": "14827.74000", "2008-12-31": "14843.53000", "2007-12-31": "13137.62000", "2006-12-31": "13171.26000", "2005-12-31": "12331.86000"}, "Total Liabilities": {"2020-12-31": "", "2019-12-31": "37209.00000", "2018-12-31": "33765.00000", "2017-12-31": "31575.00000", "2016-12-31": "30134.00000", "2015-12-31": "28220.56000", "2014-12-31": "26743.40000", "2013-12-31": "24341.54000", "2012-12-31": "22266.61000", "2011-12-31": "21015.07000", "2010-12-31": "19199.19000", "2009-12-31": "17917.74000", "2008-12-31": "17889.77000", "2007-12-31": "16778.74000", "2006-12-31": "16036.54000", "2005-12-31": "16004.68000"}, "Common Stock Net": {"2020-12-31": "", "2019-12-31": "1311.00000", "2018-12-31": "1285.00000", "2017-12-31": "1269.00000", "2016-12-31": "1268.00000", "2015-12-31": "1268.83900", "2014-12-31": "1264.33300", "2013-12-31": "1244.92900", "2012-12-31": "1219.89900", "2011-12-31": "1216.23400", "2010-12-31": "1205.83400", "2009-12-31": "1143.77300", "2008-12-31": "1134.48000", "2007-12-31": "1071.95700", "2006-12-31": "1018.24200", "2005-12-31": "1008.46800"}, "Retained Earnings (Accumulated Deficit)": {"2020-12-31": "", "2019-12-31": "5413.00000", "2018-12-31": "4893.00000", "2017-12-31": "4413.00000", "2016-12-31": "3982.00000", "2015-12-31": "3552.72800", "2014-12-31": "3220.95800", "2013-12-31": "2807.98300", "2012-12-31": "2413.81600", "2011-12-31": "2032.55600", "2010-12-31": "1701.70300", "2009-12-31": "1419.20100", "2008-12-31": "1187.91100", "2007-12-31": "963.91600", "2006-12-31": "771.24900", "2005-12-31": "562.13800"}, "Comprehensive Income": {"2020-12-31": "", "2019-12-31": "-141.00000", "2018-12-31": "-124.00000", "2017-12-31": "-125.00000", "2016-12-31": "-110.00000", "2015-12-31": "-109.75300", "2014-12-31": "-108.13900", "2013-12-31": "-106.27500", "2012-12-31": "-112.65300", "2011-12-31": "-94.03500", "2010-12-31": "-53.09300", "2009-12-31": "-49.70900", "2008-12-31": "-53.66900", "2007-12-31": "-21.78800", "2006-12-31": "-16.32600", "2005-12-31": "-132.06100"}, "Other Share Holders Equity": {"2020-12-31": "", "2019-12-31": "", "2018-12-31": "", "2017-12-31": "", "2016-12-31": "", "2015-12-31": "", "2014-12-31": "", "2013-12-31": "", "2012-12-31": "", "2011-12-31": "", "2010-12-31": "", "2009-12-31": "", "2008-12-31": "", "2007-12-31": "", "2006-12-31": "", "2005-12-31": ""}, "Share Holder Equity": {"2020-12-31": "", "2019-12-31": "13239.00000", "2018-12-31": "12222.00000", "2017-12-31": "11455.00000", "2016-12-31": "11021.00000", "2015-12-31": "10600.92000", "2014-12-31": "10214.48000", "2013-12-31": "9565.95000", "2012-12-31": "8874.07700", "2011-12-31": "8482.19800", "2010-12-31": "8188.49900", "2009-12-31": "7388.22500", "2008-12-31": "7068.72100", "2007-12-31": "6405.98200", "2006-12-31": "5921.80200", "2005-12-31": "5500.23500"}, "Total Liabilities And Share Holders Equity": {"2020-12-31": "", "2019-12-31": "50448.00000", "2018-12-31": "45987.00000", "2017-12-31": "43030.00000", "2016-12-31": "41155.00000", "2015-12-31": "38821.48000", "2014-12-31": "36957.88000", "2013-12-31": "33907.49000", "2012-12-31": "31140.69000", "2011-12-31": "29497.27000", "2010-12-31": "27387.69000", "2009-12-31": "25305.96000", "2008-12-31": "24958.49000", "2007-12-31": "23184.73000", "2006-12-31": "21958.35000", "2005-12-31": "21504.92000"}}, "balance sheet, quarterly": {"Cash On Hand": {"2020-12-31": "", "2020-09-30": "885.00000", "2020-06-30": "1625.00000", "2020-03-31": "244.00000", "2019-12-31": "248.00000", "2019-09-30": "864.00000", "2019-06-30": "353.00000", "2019-03-31": "94.00000", "2018-12-31": "147.00000", "2018-09-30": "213.00000", "2018-06-30": "332.00000", "2018-03-31": "116.00000", "2017-12-31": "83.00000", "2017-09-30": "167.84100", "2017-06-30": "61.38200", "2017-03-31": "73.98500", "2016-12-31": "85.00000", "2016-09-30": "353.38500", "2016-06-30": "76.71100", "2016-03-31": "101.49100", "2015-12-31": "84.94000", "2015-09-30": "404.40900", "2015-06-30": "135.59700", "2015-03-31": "133.04400", "2014-12-31": "79.60800", "2014-09-30": "137.86800", "2014-06-30": "99.54000", "2014-03-31": "132.31300", "2013-12-31": "107.14400", "2013-09-30": "101.83400", "2013-06-30": "58.82100", "2013-03-31": "112.96000", "2012-12-31": "82.32300", "2012-09-30": "747.27300", "2012-06-30": "63.85800", "2012-03-31": "108.79700", "2011-12-31": "155.97100", "2011-09-30": "294.16200", "2011-06-30": "101.60300", "2011-03-31": "94.33800", "2010-12-31": "108.43700", "2010-09-30": "213.45500", "2010-06-30": "65.98800", "2010-03-31": "79.50400", "2009-12-31": "115.64800", "2009-09-30": "90.20600", "2009-06-30": "380.25300", "2009-03-31": "301.31500", "2008-12-31": "249.19800", "2008-09-30": "383.97500", "2008-06-30": "70.87100", "2008-03-31": "175.84100", "2007-12-31": "51.12000", "2007-09-30": "360.86800", "2007-06-30": "38.83100", "2007-03-31": "65.00300", "2006-12-31": "37.45800", "2006-09-30": "32.96100", "2006-06-30": "161.21300", "2006-03-31": "81.90700", "2005-12-31": "72.19600", "2005-09-30": "185.67600", "2005-06-30": "54.46800", "2005-03-31": "68.98600"}, "Receivables": {"2020-12-31": "", "2020-09-30": "899.00000", "2020-06-30": "799.00000", "2020-03-31": "839.00000", "2019-12-31": "837.00000", "2019-09-30": "821.00000", "2019-06-30": "737.00000", "2019-03-31": "974.00000", "2018-12-31": "860.00000", "2018-09-30": "856.00000", "2018-06-30": "808.00000", "2018-03-31": "868.00000", "2017-12-31": "797.00000", "2017-09-30": "807.62100", "2017-06-30": "759.37800", "2017-03-31": "781.24800", "2016-12-31": "776.00000", "2016-09-30": "754.24800", "2016-06-30": "689.56400", "2016-03-31": "729.38600", "2015-12-31": "724.60600", "2015-09-30": "741.23000", "2015-06-30": "676.22300", "2015-03-31": "826.79700", "2014-12-31": "826.50600", "2014-09-30": "760.21300", "2014-06-30": "742.73000", "2014-03-31": "885.09800", "2013-12-31": "744.16000", "2013-09-30": "786.87400", "2013-06-30": "719.06900", "2013-03-31": "789.20900", "2012-12-31": "718.04600", "2012-09-30": "704.58000", "2012-06-30": "645.26400", "2012-03-31": "718.14500", "2011-12-31": "753.12000", "2011-09-30": "752.12300", "2011-06-30": "679.56000", "2011-03-31": "765.42100", "2010-12-31": "718.47400", "2010-09-30": "703.96000", "2010-06-30": "662.46100", "2010-03-31": "748.05800", "2009-12-31": "730.15200", "2009-09-30": "635.56300", "2009-06-30": "721.41000", "2009-03-31": "786.59900", "2008-12-31": "900.78100", "2008-09-30": "823.39400", "2008-06-30": "865.31500", "2008-03-31": "963.50000", "2007-12-31": "951.58000", "2007-09-30": "750.13100", "2007-06-30": "808.04100", "2007-03-31": "920.92100", "2006-12-31": "833.29300", "2006-09-30": "743.41500", "2006-06-30": "768.60700", "2006-03-31": "941.91800", "2005-12-31": "1011.56900", "2005-09-30": "864.53600", "2005-06-30": "774.33600", "2005-03-31": "780.55500"}, "Inventory": {"2020-12-31": "", "2020-09-30": "512.00000", "2020-06-30": "487.00000", "2020-03-31": "488.00000", "2019-12-31": "544.00000", "2019-09-30": "544.00000", "2019-06-30": "483.00000", "2019-03-31": "445.00000", "2018-12-31": "548.00000", "2018-09-30": "528.00000", "2018-06-30": "511.00000", "2018-03-31": "492.00000", "2017-12-31": "610.00000", "2017-09-30": "616.67500", "2017-06-30": "542.04400", "2017-03-31": "519.08100", "2016-12-31": "604.00000", "2016-09-30": "614.90800", "2016-06-30": "526.78500", "2016-03-31": "520.05400", "2015-12-31": "608.58400", "2015-09-30": "644.96300", "2015-06-30": "532.70300", "2015-03-31": "505.21300", "2014-12-31": "597.18300", "2014-09-30": "634.26200", "2014-06-30": "501.27000", "2014-03-31": "436.23700", "2013-12-31": "576.53800", "2013-09-30": "604.62800", "2013-06-30": "494.89000", "2013-03-31": "447.70900", "2012-12-31": "535.57400", "2012-09-30": "562.72100", "2012-06-30": "473.13700", "2012-03-31": "474.35900", "2011-12-31": "618.23200", "2011-09-30": "608.00700", "2011-06-30": "484.77200", "2011-03-31": "442.20500", "2010-12-31": "560.80000", "2010-09-30": "591.72500", "2010-06-30": "464.38300", "2010-03-31": "452.42100", "2009-12-31": "566.20500", "2009-09-30": "554.92900", "2009-06-30": "435.52200", "2009-03-31": "450.80800", "2008-12-31": "666.70900", "2008-09-30": "727.33200", "2008-06-30": "505.08700", "2008-03-31": "425.13300", "2007-12-31": "531.61000", "2007-09-30": "531.36900", "2007-06-30": "409.10800", "2007-03-31": "387.71500", "2006-12-31": "506.19000", "2006-09-30": "541.77700", "2006-06-30": "395.51700", "2006-03-31": "382.43300", "2005-12-31": "535.15700", "2005-09-30": "504.69300", "2005-06-30": "332.79200", "2005-03-31": "321.46200"}, "Pre-Paid Expenses": {"2020-12-31": "", "2020-09-30": "310.00000", "2020-06-30": "281.00000", "2020-03-31": "298.00000", "2019-12-31": "228.00000", "2019-09-30": "232.00000", "2019-06-30": "216.00000", "2019-03-31": "266.00000", "2018-12-31": "233.00000", "2018-09-30": "228.00000", "2018-06-30": "242.00000", "2018-03-31": "251.00000", "2017-12-31": "251.00000", "2017-09-30": "198.90800", "2017-06-30": "331.74000", "2017-03-31": "322.20100", "2016-12-31": "245.00000", "2016-09-30": "229.99600", "2016-06-30": "242.04400", "2016-03-31": "334.96800", "2015-12-31": "318.75700", "2015-09-30": "259.80900", "2015-06-30": "263.47900", "2015-03-31": "273.72600", "2014-12-31": "356.60000", "2014-09-30": "270.52900", "2014-06-30": "270.71700", "2014-03-31": "295.47900", "2013-12-31": "252.25800", "2013-09-30": "236.76400", "2013-06-30": "264.25300", "2013-03-31": "246.07900", "2012-12-31": "171.31500", "2012-09-30": "174.71500", "2012-06-30": "195.35700", "2012-03-31": "192.74600", "2011-12-31": "121.48000", "2011-09-30": "191.85200", "2011-06-30": "186.88400", "2011-03-31": "184.79100", "2010-12-31": "193.62100", "2010-09-30": "296.09700", "2010-06-30": "305.27500", "2010-03-31": "289.27600", "2009-12-31": "192.79100", "2009-09-30": "311.02800", "2009-06-30": "253.18800", "2009-03-31": "238.36800", "2008-12-31": "263.90600", "2008-09-30": "249.03800", "2008-06-30": "171.32100", "2008-03-31": "172.33200", "2007-12-31": "244.13400", "2007-09-30": "189.13500", "2007-06-30": "180.17900", "2007-03-31": "206.30600", "2006-12-31": "205.74300", "2006-09-30": "189.23900", "2006-06-30": "169.25400", "2006-03-31": "146.77600", "2005-12-31": "99.90400", "2005-09-30": "110.18900", "2005-06-30": "141.92000", "2005-03-31": "155.79300"}, "Other Current Assets": {"2020-12-31": "", "2020-09-30": "1231.00000", "2020-06-30": "1198.00000", "2020-03-31": "1114.00000", "2019-12-31": "1256.00000", "2019-09-30": "1139.00000", "2019-06-30": "1150.00000", "2019-03-31": "1130.00000", "2018-12-31": "1306.00000", "2018-09-30": "1178.00000", "2018-06-30": "1163.00000", "2018-03-31": "1055.00000", "2017-12-31": "1232.00000", "2017-09-30": "1107.82900", "2017-06-30": "1062.00600", "2017-03-31": "936.63900", "2016-12-31": "1132.00000", "2016-09-30": "928.32300", "2016-06-30": "962.35100", "2016-03-31": "866.20500", "2015-12-31": "1033.33900", "2015-09-30": "941.29900", "2015-06-30": "1011.06000", "2015-03-31": "935.20300", "2014-12-31": "1258.27300", "2014-09-30": "1110.67500", "2014-06-30": "1226.79800", "2014-03-31": "1127.56100", "2013-12-31": "1196.73800", "2013-09-30": "1064.66900", "2013-06-30": "1122.81700", "2013-03-31": "1015.52100", "2012-12-31": "1085.35300", "2012-09-30": "955.67800", "2012-06-30": "1004.32200", "2012-03-31": "886.43400", "2011-12-31": "1155.31500", "2011-09-30": "1015.32900", "2011-06-30": "1026.14400", "2011-03-31": "1027.37400", "2010-12-31": "1151.31100", "2010-09-30": "627.82700", "2010-06-30": "675.84900", "2010-03-31": "643.15410", "2009-12-31": "1148.76000", "2009-09-30": "671.03100", "2009-06-30": "676.92500", "2009-03-31": "611.50900", "2008-12-31": "878.29400", "2008-09-30": "749.09000", "2008-06-30": "971.11100", "2008-03-31": "826.52000", "2007-12-31": "899.92800", "2007-09-30": "661.97800", "2007-06-30": "745.63600", "2007-03-31": "672.07000", "2006-12-31": "874.46200", "2006-09-30": "736.73500", "2006-06-30": "737.14300", "2006-03-31": "679.46410", "2005-12-31": "1222.22400", "2005-09-30": "1301.09700", "2005-06-30": "962.03500", "2005-03-31": "792.17400"}, "Total Current Assets": {"2020-12-31": "", "2020-09-30": "3837.00000", "2020-06-30": "4390.00000", "2020-03-31": "2983.00000", "2019-12-31": "3113.00000", "2019-09-30": "3600.00000", "2019-06-30": "2939.00000", "2019-03-31": "2909.00000", "2018-12-31": "3094.00000", "2018-09-30": "3003.00000", "2018-06-30": "3056.00000", "2018-03-31": "2782.00000", "2017-12-31": "2973.00000", "2017-09-30": "2898.87400", "2017-06-30": "2756.55000", "2017-03-31": "2633.15400", "2016-12-31": "2842.00000", "2016-09-30": "3076.16300", "2016-06-30": "2704.09900", "2016-03-31": "2732.61700", "2015-12-31": "2770.22600", "2015-09-30": "3344.42200", "2015-06-30": "3048.92200", "2015-03-31": "3057.44600", "2014-12-31": "3364.38000", "2014-09-30": "3196.59400", "2014-06-30": "3123.82000", "2014-03-31": "3129.34600", "2013-12-31": "3218.04000", "2013-09-30": "3120.74100", "2013-06-30": "2818.20000", "2013-03-31": "2704.67100", "2012-12-31": "2625.13900", "2012-09-30": "3370.84400", "2012-06-30": "2560.40800", "2012-03-31": "2542.83400", "2011-12-31": "2982.56400", "2011-09-30": "2861.47300", "2011-06-30": "2478.96300", "2011-03-31": "2514.12900", "2010-12-31": "2732.64300", "2010-09-30": "2529.51300", "2010-06-30": "2263.94700", "2010-03-31": "2344.29400", "2009-12-31": "2976.63500", "2009-09-30": "2390.79700", "2009-06-30": "2558.69100", "2009-03-31": "2452.31000", "2008-12-31": "3015.52900", "2008-09-30": "3030.67800", "2008-06-30": "2688.26000", "2008-03-31": "2687.75300", "2007-12-31": "2807.19300", "2007-09-30": "2654.95100", "2007-06-30": "2330.32600", "2007-03-31": "2378.72100", "2006-12-31": "2634.18600", "2006-09-30": "2542.29600", "2006-06-30": "2483.56000", "2006-03-31": "2538.38200", "2005-12-31": "3141.86100", "2005-09-30": "3194.12800", "2005-06-30": "2477.54800", "2005-03-31": "2433.12000"}, "Property, Plant, And Equipment": {"2020-12-31": "", "2020-09-30": "42227.00000", "2020-06-30": "41124.00000", "2020-03-31": "40776.00000", "2019-12-31": "39483.00000", "2019-09-30": "38703.00000", "2019-06-30": "37651.00000", "2019-03-31": "37114.00000", "2018-12-31": "36944.00000", "2018-09-30": "35879.00000", "2018-06-30": "35289.00000", "2018-03-31": "34679.00000", "2017-12-31": "34329.00000", "2017-09-30": "33949.95000", "2017-06-30": "33543.84000", "2017-03-31": "33158.38000", "2016-12-31": "32842.00000", "2016-09-30": "32206.70000", "2016-06-30": "31823.28000", "2016-03-31": "31433.41000", "2015-12-31": "31205.85000", "2015-09-30": "29828.61000", "2015-06-30": "29350.36000", "2015-03-31": "28966.91000", "2014-12-31": "28756.92000", "2014-09-30": "27630.36000", "2014-06-30": "27070.38000", "2014-03-31": "26541.48000", "2013-12-31": "26122.16000", "2013-09-30": "25342.58000", "2013-06-30": "24813.41000", "2013-03-31": "24219.23000", "2012-12-31": "23809.35000", "2012-09-30": "23401.60000", "2012-06-30": "23047.85000", "2012-03-31": "22672.69000", "2011-12-31": "22353.37000", "2011-09-30": "21729.49000", "2011-06-30": "21513.54000", "2011-03-31": "20908.33000", "2010-12-31": "20663.08000", "2010-09-30": "19444.84000", "2010-06-30": "19074.19000", "2010-03-31": "18744.54000", "2009-12-31": "18508.30000", "2009-09-30": "18514.79000", "2009-06-30": "18201.10000", "2009-03-31": "17947.48000", "2008-12-31": "17688.72000", "2008-09-30": "17554.99000", "2008-06-30": "17278.84000", "2008-03-31": "16955.14000", "2007-12-31": "16675.69000", "2007-09-30": "16346.14000", "2007-06-30": "16109.75000", "2007-03-31": "15835.38000", "2006-12-31": "15548.66000", "2006-09-30": "15305.69000", "2006-06-30": "15086.26000", "2006-03-31": "14882.78000", "2005-12-31": "14696.31000", "2005-09-30": "14428.32000", "2005-06-30": "14343.60000", "2005-03-31": "14204.55000"}, "Long-Term Investments": {"2020-12-31": "", "2020-09-30": "", "2020-06-30": "", "2020-03-31": "", "2019-12-31": "", "2019-09-30": "", "2019-06-30": "", "2019-03-31": "", "2018-12-31": "", "2018-09-30": "", "2018-06-30": "", "2018-03-31": "", "2017-12-31": "", "2017-09-30": "", "2017-06-30": "", "2017-03-31": "", "2016-12-31": "", "2016-09-30": "", "2016-06-30": "", "2016-03-31": "", "2015-12-31": "", "2015-09-30": "", "2015-06-30": "", "2015-03-31": "", "2014-12-31": "", "2014-09-30": "", "2014-06-30": "", "2014-03-31": "", "2013-12-31": "", "2013-09-30": "", "2013-06-30": "", "2013-03-31": "", "2012-12-31": "", "2012-09-30": "", "2012-06-30": "", "2012-03-31": "", "2011-12-31": "", "2011-09-30": "", "2011-06-30": "", "2011-03-31": "", "2010-12-31": "", "2010-09-30": "", "2010-06-30": "", "2010-03-31": "", "2009-12-31": "", "2009-09-30": "", "2009-06-30": "", "2009-03-31": "", "2008-12-31": "", "2008-09-30": "", "2008-06-30": "", "2008-03-31": "", "2007-12-31": "", "2007-09-30": "", "2007-06-30": "", "2007-03-31": "", "2006-12-31": "", "2006-09-30": "", "2006-06-30": "", "2006-03-31": "", "2005-12-31": "", "2005-09-30": "48.13400", "2005-06-30": "69.41100", "2005-03-31": "67.15600"}, "Goodwill And Intangible Assets": {"2020-12-31": "", "2020-09-30": "", "2020-06-30": "", "2020-03-31": "", "2019-12-31": "", "2019-09-30": "", "2019-06-30": "", "2019-03-31": "", "2018-12-31": "", "2018-09-30": "", "2018-06-30": "", "2018-03-31": "", "2017-12-31": "", "2017-09-30": "", "2017-06-30": "", "2017-03-31": "", "2016-12-31": "", "2016-09-30": "", "2016-06-30": "", "2016-03-31": "", "2015-12-31": "", "2015-09-30": "", "2015-06-30": "", "2015-03-31": "", "2014-12-31": "", "2014-09-30": "", "2014-06-30": "", "2014-03-31": "", "2013-12-31": "", "2013-09-30": "", "2013-06-30": "", "2013-03-31": "", "2012-12-31": "", "2012-09-30": "", "2012-06-30": "", "2012-03-31": "", "2011-12-31": "", "2011-09-30": "", "2011-06-30": "", "2011-03-31": "", "2010-12-31": "", "2010-09-30": "", "2010-06-30": "", "2010-03-31": "", "2009-12-31": "", "2009-09-30": "", "2009-06-30": "", "2009-03-31": "", "2008-12-31": "", "2008-09-30": "", "2008-06-30": "", "2008-03-31": "", "2007-12-31": "", "2007-09-30": "", "2007-06-30": "", "2007-03-31": "", "2006-12-31": "", "2006-09-30": "", "2006-06-30": "", "2006-03-31": "", "2005-12-31": "", "2005-09-30": "", "2005-06-30": "", "2005-03-31": ""}, "Other Long-Term Assets": {"2020-12-31": "", "2020-09-30": "379.00000", "2020-06-30": "1057.00000", "2020-03-31": "555.00000", "2019-12-31": "514.00000", "2019-09-30": "500.00000", "2019-06-30": "513.00000", "2019-03-31": "524.00000", "2018-12-31": "306.00000", "2018-09-30": "314.00000", "2018-06-30": "320.00000", "2018-03-31": "329.00000", "2017-12-31": "326.00000", "2017-09-30": "308.24100", "2017-06-30": "305.88000", "2017-03-31": "296.03200", "2016-12-31": "298.00000", "2016-09-30": "119.08500", "2016-06-30": "89.05900", "2016-03-31": "88.61000", "2015-12-31": "83.66400", "2015-09-30": "236.80100", "2015-06-30": "229.47800", "2015-03-31": "226.34700", "2014-12-31": "229.73200", "2014-09-30": "230.94200", "2014-06-30": "233.24100", "2014-03-31": "237.57700", "2013-12-31": "302.08300", "2013-09-30": "274.06300", "2013-06-30": "284.46300", "2013-03-31": "288.24400", "2012-12-31": "326.30500", "2012-09-30": "339.24500", "2012-06-30": "330.58100", "2012-03-31": "338.59500", "2011-12-31": "308.81300", "2011-09-30": "322.85700", "2011-06-30": "332.88400", "2011-03-31": "345.94200", "2010-12-31": "364.07000", "2010-09-30": "424.22100", "2010-06-30": "411.80800", "2010-03-31": "422.65500", "2009-12-31": "451.82600", "2009-09-30": "463.25400", "2009-06-30": "447.05800", "2009-03-31": "479.81300", "2008-12-31": "483.43000", "2008-09-30": "558.56800", "2008-06-30": "531.79700", "2008-03-31": "565.92900", "2007-12-31": "525.93900", "2007-09-30": "526.87200", "2007-06-30": "544.75000", "2007-03-31": "567.84590", "2006-12-31": "573.26600", "2006-09-30": "608.46400", "2006-06-30": "673.00200", "2006-03-31": "683.83600", "2005-12-31": "616.14900", "2005-09-30": "571.91800", "2005-06-30": "514.16500", "2005-03-31": "586.49400"}, "Total Long-Term Assets": {"2020-12-31": "", "2020-09-30": "48337.00000", "2020-06-30": "47837.00000", "2020-03-31": "46890.00000", "2019-12-31": "45663.00000", "2019-09-30": "44922.00000", "2019-06-30": "43882.00000", "2019-03-31": "43322.00000", "2018-12-31": "42893.00000", "2018-09-30": "41832.00000", "2018-06-30": "41184.00000", "2018-03-31": "40377.00000", "2017-12-31": "40057.00000", "2017-09-30": "39569.92000", "2017-06-30": "39104.44000", "2017-03-31": "38652.18000", "2016-12-31": "38313.00000", "2016-09-30": "37248.59000", "2016-06-30": "36786.06000", "2016-03-31": "36337.23000", "2015-12-31": "36051.25000", "2015-09-30": "34685.27000", "2015-06-30": "34219.88000", "2015-03-31": "33821.21000", "2014-12-31": "33593.50000", "2014-09-30": "32166.85000", "2014-06-30": "31593.82000", "2014-03-31": "31069.41000", "2013-12-31": "30689.45000", "2013-09-30": "30005.91000", "2013-06-30": "29448.06000", "2013-03-31": "28883.00000", "2012-12-31": "28515.55000", "2012-09-30": "27686.65000", "2012-06-30": "27259.73000", "2012-03-31": "26910.42000", "2011-12-31": "26514.70000", "2011-09-30": "25676.38000", "2011-06-30": "25524.26000", "2011-03-31": "24952.52000", "2010-12-31": "24655.04000", "2010-09-30": "23771.96000", "2010-06-30": "23299.27000", "2010-03-31": "22990.21000", "2009-12-31": "22329.33000", "2009-09-30": "22690.41000", "2009-06-30": "22428.56000", "2009-03-31": "22175.95000", "2008-12-31": "21942.96000", "2008-09-30": "21470.05000", "2008-06-30": "21030.38000", "2008-03-31": "20670.87000", "2007-12-31": "20377.54000", "2007-09-30": "20169.25000", "2007-06-30": "19958.10000", "2007-03-31": "19600.77000", "2006-12-31": "19324.16000", "2006-09-30": "18678.10000", "2006-06-30": "18775.29000", "2006-03-31": "18602.80000", "2005-12-31": "18363.06000", "2005-09-30": "18344.75000", "2005-06-30": "17995.98000", "2005-03-31": "17867.72000"}, "Total Assets": {"2020-12-31": "0.00000", "2020-09-30": "53708.00000", "2020-06-30": "53456.00000", "2020-03-31": "51133.00000", "2019-12-31": "50448.00000", "2019-09-30": "50240.00000", "2019-06-30": "48584.00000", "2019-03-31": "47850.00000", "2018-12-31": "45987.00000", "2018-09-30": "44835.00000", "2018-06-30": "44240.00000", "2018-03-31": "43159.00000", "2017-12-31": "43030.00000", "2017-09-30": "42468.79000", "2017-06-30": "41860.99000", "2017-03-31": "41285.34000", "2016-12-31": "41155.00000", "2016-09-30": "40324.75000", "2016-06-30": "39490.16000", "2016-03-31": "39069.84000", "2015-12-31": "38821.48000", "2015-09-30": "38029.70000", "2015-06-30": "37268.81000", "2015-03-31": "36878.65000", "2014-12-31": "36957.88000", "2014-09-30": "35363.44000", "2014-06-30": "34717.64000", "2014-03-31": "34198.75000", "2013-12-31": "33907.49000", "2013-09-30": "33126.65000", "2013-06-30": "32266.26000", "2013-03-31": "31587.68000", "2012-12-31": "31140.69000", "2012-09-30": "31057.50000", "2012-06-30": "29820.14000", "2012-03-31": "29453.25000", "2011-12-31": "29497.27000", "2011-09-30": "28537.85000", "2011-06-30": "28003.22000", "2011-03-31": "27466.65000", "2010-12-31": "27387.69000", "2010-09-30": "26301.47000", "2010-06-30": "25563.21000", "2010-03-31": "25334.50000", "2009-12-31": "25305.96000", "2009-09-30": "25081.21000", "2009-06-30": "24987.25000", "2009-03-31": "24628.26000", "2008-12-31": "24958.49000", "2008-09-30": "24500.73000", "2008-06-30": "23718.64000", "2008-03-31": "23358.62000", "2007-12-31": "23184.73000", "2007-09-30": "22824.20000", "2007-06-30": "22288.43000", "2007-03-31": "21979.49000", "2006-12-31": "21958.35000", "2006-09-30": "21220.40000", "2006-06-30": "21258.85000", "2006-03-31": "21141.18000", "2005-12-31": "21504.92000", "2005-09-30": "21538.88000", "2005-06-30": "20473.53000", "2005-03-31": "20300.84000"}, "Total Current Liabilities": {"2020-12-31": "", "2020-09-30": "4393.00000", "2020-06-30": "5473.00000", "2020-03-31": "5839.00000", "2019-12-31": "4568.00000", "2019-09-30": "5021.00000", "2019-06-30": "5060.00000", "2019-03-31": "4424.00000", "2018-12-31": "4460.00000", "2018-09-30": "3838.00000", "2018-06-30": "4178.00000", "2018-03-31": "4122.00000", "2017-12-31": "4088.00000", "2017-09-30": "3340.40600", "2017-06-30": "3690.70400", "2017-03-31": "3707.97600", "2016-12-31": "3247.00000", "2016-09-30": "3453.97200", "2016-06-30": "3506.38100", "2016-03-31": "3188.56800", "2015-12-31": "4058.29700", "2015-09-30": "3085.02000", "2015-06-30": "3537.25100", "2015-03-31": "3774.52800", "2014-12-31": "4064.58300", "2014-09-30": "3470.86900", "2014-06-30": "3059.92900", "2014-03-31": "3467.74800", "2013-12-31": "3654.49800", "2013-09-30": "2839.06100", "2013-06-30": "2696.81000", "2013-03-31": "2526.51700", "2012-12-31": "2937.07300", "2012-09-30": "3160.53400", "2012-06-30": "3831.22200", "2012-03-31": "3708.04200", "2011-12-31": "3588.63900", "2011-09-30": "2653.18300", "2011-06-30": "2638.75900", "2011-03-31": "2484.75600", "2010-12-31": "2536.53300", "2010-09-30": "2199.48400", "2010-06-30": "2345.66700", "2010-03-31": "2759.83800", "2009-12-31": "3089.99900", "2009-09-30": "2386.49800", "2009-06-30": "2551.29700", "2009-03-31": "2681.58800", "2008-12-31": "3046.24500", "2008-09-30": "3023.32600", "2008-06-30": "3210.81500", "2008-03-31": "2931.13800", "2007-12-31": "3641.12400", "2007-09-30": "2480.66400", "2007-06-30": "2672.70800", "2007-03-31": "2755.59300", "2006-12-31": "2865.28100", "2006-09-30": "2278.70000", "2006-06-30": "2569.53500", "2006-03-31": "3255.64400", "2005-12-31": "3672.82600", "2005-09-30": "2810.63500", "2005-06-30": "2188.14400", "2005-03-31": "2003.02100"}, "Long Term Debt": {"2020-12-31": "", "2020-09-30": "19960.00000", "2020-06-30": "19463.00000", "2020-03-31": "17010.00000", "2019-12-31": "17407.00000", "2019-09-30": "16819.00000", "2019-06-30": "15996.00000", "2019-03-31": "16118.00000", "2018-12-31": "15803.00000", "2018-09-30": "15508.00000", "2018-06-30": "15311.00000", "2018-03-31": "14522.00000", "2017-12-31": "14520.00000", "2017-09-30": "14572.97000", "2017-06-30": "14091.83000", "2017-03-31": "13696.46000", "2016-12-31": "14195.00000", "2016-09-30": "13402.58000", "2016-06-30": "13104.77000", "2016-03-31": "13148.39000", "2015-12-31": "12398.88000", "2015-09-30": "12690.75000", "2015-06-30": "11896.13000", "2015-03-31": "11499.47000", "2014-12-31": "11499.63000", "2014-09-30": "11501.72000", "2014-06-30": "11752.78000", "2014-03-31": "11205.32000", "2013-12-31": "10910.75000", "2013-09-30": "10914.27000", "2013-06-30": "10816.48000", "2013-03-31": "10642.01000", "2012-12-31": "10143.91000", "2012-09-30": "10105.95000", "2012-06-30": "8706.40300", "2012-03-31": "8598.36300", "2011-12-31": "8848.51300", "2011-09-30": "9450.15700", "2011-06-30": "9263.55600", "2011-03-31": "9264.12300", "2010-12-31": "9263.14400", "2010-09-30": "8864.75900", "2010-06-30": "8409.81500", "2010-03-31": "7862.88800", "2009-12-31": "7888.62800", "2009-09-30": "7945.40000", "2009-06-30": "8055.63800", "2009-03-31": "7666.30400", "2008-12-31": "7731.68800", "2008-09-30": "7485.79800", "2008-06-30": "7139.55600", "2008-03-31": "7139.77000", "2007-12-31": "6342.16000", "2007-09-30": "7252.80000", "2007-06-30": "6614.81300", "2007-03-31": "6452.27400", "2006-12-31": "6449.63800", "2006-09-30": "6688.49900", "2006-06-30": "6237.08500", "2006-03-31": "5544.89900", "2005-12-31": "5897.78900", "2005-09-30": "6158.53800", "2005-06-30": "6377.13200", "2005-03-31": "6476.61100"}, "Other Non-Current Liabilities": {"2020-12-31": "", "2020-09-30": "8790.00000", "2020-06-30": "8758.00000", "2020-03-31": "8657.00000", "2019-12-31": "8342.00000", "2019-09-30": "8328.00000", "2019-06-30": "8295.00000", "2019-03-31": "8305.00000", "2018-12-31": "8289.00000", "2018-09-30": "8242.00000", "2018-06-30": "8188.00000", "2018-03-31": "8108.00000", "2017-12-31": "8022.00000", "2017-09-30": "4708.93800", "2017-06-30": "4788.31700", "2017-03-31": "4784.91200", "2016-12-31": "4733.00000", "2016-09-30": "4720.14200", "2016-06-30": "4664.77800", "2016-03-31": "4687.49300", "2015-12-31": "4600.51700", "2015-09-30": "4385.74300", "2015-06-30": "4387.47700", "2015-03-31": "4380.86500", "2014-12-31": "4315.59400", "2014-09-30": "3756.73700", "2014-06-30": "3705.67900", "2014-03-31": "3645.95800", "2013-12-31": "3596.78100", "2013-09-30": "3561.26700", "2013-06-30": "3562.72000", "2013-03-31": "3559.46400", "2012-12-31": "3504.69600", "2012-09-30": "3495.75400", "2012-06-30": "3477.38500", "2012-03-31": "3496.64200", "2011-12-31": "3468.89100", "2011-09-30": "3171.03200", "2011-06-30": "3177.66900", "2011-03-31": "2948.38900", "2010-12-31": "2953.78300", "2010-09-30": "2985.39400", "2010-06-30": "2935.83400", "2010-03-31": "2934.30000", "2009-12-31": "2844.39900", "2009-09-30": "3272.83800", "2009-06-30": "3222.26400", "2009-03-31": "3199.73500", "2008-12-31": "3183.03300", "2008-09-30": "3664.89100", "2008-06-30": "3634.79300", "2008-03-31": "3588.04200", "2007-12-31": "3552.59500", "2007-09-30": "3594.02400", "2007-06-30": "3711.64900", "2007-03-31": "3686.93000", "2006-12-31": "3638.51900", "2006-09-30": "3745.30000", "2006-06-30": "3951.46200", "2006-03-31": "3890.92600", "2005-12-31": "3780.53600", "2005-09-30": "4341.97100", "2005-06-30": "3859.36300", "2005-03-31": "3777.14200"}, "Total Long Term Liabilities": {"2020-12-31": "", "2020-09-30": "35538.00000", "2020-06-30": "34598.00000", "2020-03-31": "31992.00000", "2019-12-31": "32641.00000", "2019-09-30": "32078.00000", "2019-06-30": "31158.00000", "2019-03-31": "31097.00000", "2018-12-31": "29305.00000", "2018-09-30": "28832.00000", "2018-06-30": "28412.00000", "2018-03-31": "27476.00000", "2017-12-31": "27487.00000", "2017-09-30": "27689.01000", "2017-06-30": "27047.13000", "2017-03-31": "26507.25000", "2016-12-31": "26887.00000", "2016-09-30": "25882.84000", "2016-06-30": "25280.65000", "2016-03-31": "25209.64000", "2015-12-31": "24162.26000", "2015-09-30": "24399.85000", "2015-06-30": "23462.49000", "2015-03-31": "22889.25000", "2014-12-31": "22678.82000", "2014-09-30": "21737.91000", "2014-06-30": "21736.94000", "2014-03-31": "20983.58000", "2013-12-31": "20687.04000", "2013-09-30": "20740.30000", "2013-06-30": "20269.21000", "2013-03-31": "19906.05000", "2012-12-31": "19329.54000", "2012-09-30": "19046.80000", "2012-06-30": "17415.42000", "2012-03-31": "17207.54000", "2011-12-31": "17426.43000", "2011-09-30": "17348.39000", "2011-06-30": "17024.92000", "2011-03-31": "16695.43000", "2010-12-31": "16662.66000", "2010-09-30": "16391.32000", "2010-06-30": "15720.74000", "2010-03-31": "15113.81000", "2009-12-31": "14827.74000", "2009-09-30": "15398.55000", "2009-06-30": "15257.25000", "2009-03-31": "14792.61000", "2008-12-31": "14843.53000", "2008-09-30": "14524.08000", "2008-06-30": "14028.38000", "2008-03-31": "13965.45000", "2007-12-31": "13137.62000", "2007-09-30": "14077.05000", "2007-06-30": "13515.83000", "2007-03-31": "13250.67000", "2006-12-31": "13171.26000", "2006-09-30": "13149.81000", "2006-06-30": "13029.08000", "2006-03-31": "12261.97000", "2005-12-31": "12331.86000", "2005-09-30": "13245.23000", "2005-06-30": "12933.01000", "2005-03-31": "12925.93000"}, "Total Liabilities": {"2020-12-31": "", "2020-09-30": "39931.00000", "2020-06-30": "40071.00000", "2020-03-31": "37831.00000", "2019-12-31": "37209.00000", "2019-09-30": "37099.00000", "2019-06-30": "36218.00000", "2019-03-31": "35521.00000", "2018-12-31": "33765.00000", "2018-09-30": "32670.00000", "2018-06-30": "32590.00000", "2018-03-31": "31598.00000", "2017-12-31": "31575.00000", "2017-09-30": "31029.42000", "2017-06-30": "30737.83000", "2017-03-31": "30215.23000", "2016-12-31": "30134.00000", "2016-09-30": "29336.81000", "2016-06-30": "28787.03000", "2016-03-31": "28398.21000", "2015-12-31": "28220.56000", "2015-09-30": "27484.87000", "2015-06-30": "26999.74000", "2015-03-31": "26663.78000", "2014-12-31": "26743.40000", "2014-09-30": "25208.78000", "2014-06-30": "24796.87000", "2014-03-31": "24451.33000", "2013-12-31": "24341.54000", "2013-09-30": "23579.37000", "2013-06-30": "22966.02000", "2013-03-31": "22432.56000", "2012-12-31": "22266.61000", "2012-09-30": "22207.34000", "2012-06-30": "21246.64000", "2012-03-31": "20915.58000", "2011-12-31": "21015.07000", "2011-09-30": "20001.57000", "2011-06-30": "19663.68000", "2011-03-31": "19180.19000", "2010-12-31": "19199.19000", "2010-09-30": "18590.81000", "2010-06-30": "18066.41000", "2010-03-31": "17873.65000", "2009-12-31": "17917.74000", "2009-09-30": "17785.05000", "2009-06-30": "17808.55000", "2009-03-31": "17474.20000", "2008-12-31": "17889.77000", "2008-09-30": "17547.41000", "2008-06-30": "17239.19000", "2008-03-31": "16896.59000", "2007-12-31": "16778.74000", "2007-09-30": "16557.72000", "2007-06-30": "16188.53000", "2007-03-31": "16006.26000", "2006-12-31": "16036.54000", "2006-09-30": "15428.51000", "2006-06-30": "15598.62000", "2006-03-31": "15517.61000", "2005-12-31": "16004.68000", "2005-09-30": "16055.87000", "2005-06-30": "15121.16000", "2005-03-31": "14928.95000"}, "Common Stock Net": {"2020-12-31": "", "2020-09-30": "1314.00000", "2020-06-30": "1313.00000", "2020-03-31": "1313.00000", "2019-12-31": "1311.00000", "2019-09-30": "1311.00000", "2019-06-30": "1287.00000", "2019-03-31": "1287.00000", "2018-12-31": "1285.00000", "2018-09-30": "1283.00000", "2018-06-30": "1272.00000", "2018-03-31": "1272.00000", "2017-12-31": "1269.00000", "2017-09-30": "1269.40700", "2017-06-30": "1269.40700", "2017-03-31": "1269.40700", "2016-12-31": "1268.00000", "2016-09-30": "1269.88200", "2016-06-30": "1269.88200", "2016-03-31": "1269.88200", "2015-12-31": "1268.83900", "2015-09-30": "1268.16800", "2015-06-30": "1267.39800", "2015-03-31": "1266.65900", "2014-12-31": "1264.33300", "2014-09-30": "1263.56000", "2014-06-30": "1262.76400", "2014-03-31": "1252.87900", "2013-12-31": "1244.92900", "2013-09-30": "1244.06400", "2013-06-30": "1243.23900", "2013-03-31": "1236.88800", "2012-12-31": "1219.89900", "2012-09-30": "1219.03200", "2012-06-30": "1218.21400", "2012-03-31": "1217.33900", "2011-12-31": "1216.23400", "2011-09-30": "1212.36900", "2011-06-30": "1211.35600", "2011-03-31": "1210.41100", "2010-12-31": "1205.83400", "2010-09-30": "1150.26100", "2010-06-30": "1149.06900", "2010-03-31": "1148.03800", "2009-12-31": "1143.77300", "2009-09-30": "1140.62900", "2009-06-30": "1139.29200", "2009-03-31": "1138.14100", "2008-12-31": "1134.48000", "2008-09-30": "1121.53900", "2008-06-30": "1077.29200", "2008-03-31": "1076.28100", "2007-12-31": "1071.95700", "2007-09-30": "1049.81400", "2007-06-30": "1048.77400", "2007-03-31": "1022.15200", "2006-12-31": "1018.24200", "2006-09-30": "1016.31200", "2006-06-30": "1013.90100", "2006-03-31": "1012.71900", "2005-12-31": "1008.46800", "2005-09-30": "1007.20400", "2005-06-30": "1005.89400", "2005-03-31": "1004.58800"}, "Retained Earnings (Accumulated Deficit)": {"2020-12-31": "", "2020-09-30": "5912.00000", "2020-06-30": "5538.00000", "2020-03-31": "5478.00000", "2019-12-31": "5413.00000", "2019-09-30": "5336.00000", "2019-06-30": "5024.00000", "2019-03-31": "4996.00000", "2018-12-31": "4893.00000", "2018-09-30": "4876.00000", "2018-06-30": "4580.00000", "2018-03-31": "4510.00000", "2017-12-31": "4413.00000", "2017-09-30": "4386.05000", "2017-06-30": "4079.06800", "2017-03-31": "4036.35200", "2016-12-31": "3982.00000", "2016-09-30": "3924.12500", "2016-06-30": "3643.65300", "2016-03-31": "3620.42100", "2015-12-31": "3552.72800", "2015-09-30": "3506.86100", "2015-06-30": "3243.64500", "2015-03-31": "3209.90400", "2014-12-31": "3220.95800", "2014-09-30": "3177.38700", "2014-06-30": "2961.40600", "2014-03-31": "2918.21500", "2013-12-31": "2807.98300", "2013-09-30": "2797.48600", "2013-06-30": "2572.93500", "2013-03-31": "2516.33200", "2012-12-31": "2413.81600", "2012-09-30": "2406.01600", "2012-06-30": "2140.63900", "2012-03-31": "2089.27500", "2011-12-31": "2032.55600", "2011-09-30": "2019.44000", "2011-06-30": "1812.50500", "2011-03-31": "1781.38600", "2010-12-31": "1701.70300", "2010-09-30": "1688.48900", "2010-06-30": "1493.99700", "2010-03-31": "1472.30800", "2009-12-31": "1419.20100", "2009-09-30": "1363.91800", "2009-06-30": "1256.40500", "2009-03-31": "1252.47100", "2008-12-31": "1187.91100", "2008-09-30": "1132.67200", "2008-06-30": "1017.48800", "2008-03-31": "1015.31700", "2007-12-31": "963.91600", "2007-09-30": "933.67500", "2007-06-30": "779.60300", "2007-03-31": "801.14800", "2006-12-31": "771.24900", "2006-09-30": "765.21400", "2006-06-30": "632.26300", "2006-03-31": "625.28300", "2005-12-31": "562.13800", "2005-09-30": "537.85900", "2005-06-30": "429.51800", "2005-03-31": "433.67900"}, "Comprehensive Income": {"2020-12-31": "", "2020-09-30": "-143.00000", "2020-06-30": "-145.00000", "2020-03-31": "-148.00000", "2019-12-31": "-141.00000", "2019-09-30": "-142.00000", "2019-06-30": "-135.00000", "2019-03-31": "-127.00000", "2018-12-31": "-124.00000", "2018-09-30": "-119.00000", "2018-06-30": "-122.00000", "2018-03-31": "-124.00000", "2017-12-31": "-125.00000", "2017-09-30": "-104.80900", "2017-06-30": "-106.79500", "2017-03-31": "-108.58100", "2016-12-31": "-110.00000", "2016-09-30": "-104.96100", "2016-06-30": "-106.79500", "2016-03-31": "-108.60800", "2015-12-31": "-109.75300", "2015-09-30": "-103.63900", "2015-06-30": "-105.18600", "2015-03-31": "-106.68800", "2014-12-31": "-108.13900", "2014-09-30": "-102.00100", "2014-06-30": "-103.36600", "2014-03-31": "-104.82000", "2013-12-31": "-106.27500", "2013-09-30": "-109.98000", "2013-06-30": "-111.83500", "2013-03-31": "-113.62000", "2012-12-31": "-112.65300", "2012-09-30": "-109.60000", "2012-06-30": "-102.00600", "2012-03-31": "-67.51500", "2011-12-31": "-94.03500", "2011-09-30": "-80.96900", "2011-06-30": "-50.98300", "2011-03-31": "-51.84700", "2010-12-31": "-53.09300", "2010-09-30": "-50.73700", "2010-06-30": "-52.08500", "2010-03-31": "-48.62700", "2009-12-31": "-49.70900", "2009-09-30": "-54.45600", "2009-06-30": "-49.35400", "2009-03-31": "-52.19600", "2008-12-31": "-53.66900", "2008-09-30": "-28.92100", "2008-06-30": "-26.54900", "2008-03-31": "-27.60300", "2007-12-31": "-21.78800", "2007-09-30": "-11.08300", "2007-06-30": "-9.29400", "2007-03-31": "-16.63500", "2006-12-31": "-16.32600", "2006-09-30": "-119.68500", "2006-06-30": "-103.71300", "2006-03-31": "-114.03900", "2005-12-31": "-132.06100", "2005-09-30": "-115.99600", "2005-06-30": "-128.23100", "2005-03-31": "-103.90900"}, "Other Share Holders Equity": {"2020-12-31": "", "2020-09-30": "", "2020-06-30": "", "2020-03-31": "", "2019-12-31": "", "2019-09-30": "", "2019-06-30": "", "2019-03-31": "", "2018-12-31": "", "2018-09-30": "", "2018-06-30": "", "2018-03-31": "", "2017-12-31": "", "2017-09-30": "", "2017-06-30": "", "2017-03-31": "", "2016-12-31": "", "2016-09-30": "", "2016-06-30": "", "2016-03-31": "", "2015-12-31": "", "2015-09-30": "", "2015-06-30": "", "2015-03-31": "", "2014-12-31": "", "2014-09-30": "", "2014-06-30": "", "2014-03-31": "", "2013-12-31": "", "2013-09-30": "", "2013-06-30": "", "2013-03-31": "", "2012-12-31": "", "2012-09-30": "", "2012-06-30": "", "2012-03-31": "", "2011-12-31": "", "2011-09-30": "", "2011-06-30": "", "2011-03-31": "", "2010-12-31": "", "2010-09-30": "", "2010-06-30": "", "2010-03-31": "", "2009-12-31": "", "2009-09-30": "", "2009-06-30": "", "2009-03-31": "", "2008-12-31": "", "2008-09-30": "", "2008-06-30": "", "2008-03-31": "", "2007-12-31": "", "2007-09-30": "", "2007-06-30": "", "2007-03-31": "", "2006-12-31": "", "2006-09-30": "", "2006-06-30": "", "2006-03-31": "", "2005-12-31": "", "2005-09-30": "", "2005-06-30": "", "2005-03-31": ""}, "Share Holder Equity": {"2020-12-31": "", "2020-09-30": "13777.00000", "2020-06-30": "13385.00000", "2020-03-31": "13302.00000", "2019-12-31": "13239.00000", "2019-09-30": "13141.00000", "2019-06-30": "12366.00000", "2019-03-31": "12329.00000", "2018-12-31": "12222.00000", "2018-09-30": "12165.00000", "2018-06-30": "11650.00000", "2018-03-31": "11561.00000", "2017-12-31": "11455.00000", "2017-09-30": "11439.38000", "2017-06-30": "11123.16000", "2017-03-31": "11070.11000", "2016-12-31": "11021.00000", "2016-09-30": "10987.94000", "2016-06-30": "10703.13000", "2016-03-31": "10671.63000", "2015-12-31": "10600.92000", "2015-09-30": "10544.83000", "2015-06-30": "10269.07000", "2015-03-31": "10214.87000", "2014-12-31": "10214.48000", "2014-09-30": "10154.66000", "2014-06-30": "9920.77200", "2014-03-31": "9747.42400", "2013-12-31": "9565.95000", "2013-09-30": "9547.28600", "2013-06-30": "9300.24500", "2013-03-31": "9155.11300", "2012-12-31": "8874.07700", "2012-09-30": "8850.16300", "2012-06-30": "8573.50500", "2012-03-31": "8537.67100", "2011-12-31": "8482.19800", "2011-09-30": "8536.28300", "2011-06-30": "8339.54500", "2011-03-31": "8286.46300", "2010-12-31": "8188.49900", "2010-09-30": "7710.65700", "2010-06-30": "7496.80200", "2010-03-31": "7460.85100", "2009-12-31": "7388.22500", "2009-09-30": "7296.16000", "2009-06-30": "7178.70300", "2009-03-31": "7154.06200", "2008-12-31": "7068.72100", "2008-09-30": "6953.32000", "2008-06-30": "6479.45000", "2008-03-31": "6462.02800", "2007-12-31": "6405.98200", "2007-09-30": "6266.48000", "2007-06-30": "6099.89600", "2007-03-31": "5973.23100", "2006-12-31": "5921.80200", "2006-09-30": "5791.88500", "2006-06-30": "5660.23000", "2006-03-31": "5623.57100", "2005-12-31": "5500.23500", "2005-09-30": "5483.01300", "2005-06-30": "5352.37000", "2005-03-31": "5371.88700"}, "Total Liabilities And Share Holders Equity": {"2020-12-31": "", "2020-09-30": "53708.00000", "2020-06-30": "53456.00000", "2020-03-31": "51133.00000", "2019-12-31": "50448.00000", "2019-09-30": "50240.00000", "2019-06-30": "48584.00000", "2019-03-31": "47850.00000", "2018-12-31": "45987.00000", "2018-09-30": "44835.00000", "2018-06-30": "44240.00000", "2018-03-31": "43159.00000", "2017-12-31": "43030.00000", "2017-09-30": "42468.79000", "2017-06-30": "41860.99000", "2017-03-31": "41285.34000", "2016-12-31": "41155.00000", "2016-09-30": "40324.75000", "2016-06-30": "39490.16000", "2016-03-31": "39069.84000", "2015-12-31": "38821.48000", "2015-09-30": "38029.70000", "2015-06-30": "37268.81000", "2015-03-31": "36878.65000", "2014-12-31": "36957.88000", "2014-09-30": "35363.44000", "2014-06-30": "34717.64000", "2014-03-31": "34198.75000", "2013-12-31": "33907.49000", "2013-09-30": "33126.65000", "2013-06-30": "32266.26000", "2013-03-31": "31587.68000", "2012-12-31": "31140.69000", "2012-09-30": "31057.50000", "2012-06-30": "29820.14000", "2012-03-31": "29453.25000", "2011-12-31": "29497.27000", "2011-09-30": "28537.85000", "2011-06-30": "28003.22000", "2011-03-31": "27466.65000", "2010-12-31": "27387.69000", "2010-09-30": "26301.47000", "2010-06-30": "25563.21000", "2010-03-31": "25334.50000", "2009-12-31": "25305.96000", "2009-09-30": "25081.21000", "2009-06-30": "24987.25000", "2009-03-31": "24628.26000", "2008-12-31": "24958.49000", "2008-09-30": "24500.73000", "2008-06-30": "23718.64000", "2008-03-31": "23358.62000", "2007-12-31": "23184.73000", "2007-09-30": "22824.20000", "2007-06-30": "22288.43000", "2007-03-31": "21979.49000", "2006-12-31": "21958.35000", "2006-09-30": "21220.40000", "2006-06-30": "21258.85000", "2006-03-31": "21141.18000", "2005-12-31": "21504.92000", "2005-09-30": "21538.88000", "2005-06-30": "20473.53000", "2005-03-31": "20300.84000"}}, "cash flow statement": {"Net Income/Loss": {"2020-12-31": "0.00000", "2019-12-31": "1372.00000", "2018-12-31": "1261.00000", "2017-12-31": "1148.00000", "2016-12-31": "1123.00000", "2015-12-31": "984.00000", "2014-12-31": "1021.30600", "2013-12-31": "948.23400", "2012-12-31": "905.22900", "2011-12-31": "841.17200", "2010-12-31": "755.83400", "2009-12-31": "680.88700", "2008-12-31": "645.55400", "2007-12-31": "577.34800", "2006-12-31": "571.75400", "2005-12-31": "512.97200"}, "Total Depreciation And Amortization - Cash Flow": {"2020-12-31": "", "2019-12-31": "1904.00000", "2018-12-31": "1781.00000", "2017-12-31": "1609.00000", "2016-12-31": "1436.00000", "2015-12-31": "1244.00000", "2014-12-31": "1145.51400", "2013-12-31": "1094.17900", "2012-12-31": "1039.74300", "2011-12-31": "1003.56100", "2010-12-31": "971.20200", "2009-12-31": "909.27500", "2008-12-31": "900.46600", "2007-12-31": "879.22800", "2006-12-31": "894.85400", "2005-12-31": "815.78400"}, "Other Non-Cash Items": {"2020-12-31": "", "2019-12-31": "212.00000", "2018-12-31": "221.00000", "2017-12-31": "674.00000", "2016-12-31": "619.00000", "2015-12-31": "723.00000", "2014-12-31": "572.67700", "2013-12-31": "484.18100", "2012-12-31": "452.24700", "2011-12-31": "528.16000", "2010-12-31": "423.04300", "2009-12-31": "488.00500", "2008-12-31": "271.90100", "2007-12-31": "383.83500", "2006-12-31": "168.41400", "2005-12-31": "262.26800"}, "Total Non-Cash Items": {"2020-12-31": "", "2019-12-31": "2116.00000", "2018-12-31": "2002.00000", "2017-12-31": "2283.00000", "2016-12-31": "2055.00000", "2015-12-31": "1967.00000", "2014-12-31": "1718.19100", "2013-12-31": "1578.36000", "2012-12-31": "1491.99000", "2011-12-31": "1531.72100", "2010-12-31": "1394.24500", "2009-12-31": "1397.28000", "2008-12-31": "1172.36700", "2007-12-31": "1263.06300", "2006-12-31": "1063.26800", "2005-12-31": "1078.05200"}, "Change In Accounts Receivable": {"2020-12-31": "", "2019-12-31": "22.00000", "2018-12-31": "-96.00000", "2017-12-31": "-94.00000", "2016-12-31": "-83.00000", "2015-12-31": "66.00000", "2014-12-31": "-125.14600", "2013-12-31": "-108.91100", "2012-12-31": "-197.23600", "2011-12-31": "-79.70100", "2010-12-31": "-29.74900", "2009-12-31": "122.50300", "2008-12-31": "-13.40500", "2007-12-31": "-136.80700", "2006-12-31": "119.81300", "2005-12-31": "-250.30500"}, "Change In Inventories": {"2020-12-31": "", "2019-12-31": "-84.00000", "2018-12-31": "-65.00000", "2017-12-31": "-3.00000", "2016-12-31": "1.00000", "2015-12-31": "-11.00000", "2014-12-31": "-20.55800", "2013-12-31": "-43.58800", "2012-12-31": "82.65800", "2011-12-31": "-57.43200", "2010-12-31": "9.23900", "2009-12-31": "100.50400", "2008-12-31": "-135.09900", "2007-12-31": "-25.46400", "2006-12-31": "28.96700", "2005-12-31": "-94.60500"}, "Change In Accounts Payable": {"2020-12-31": "", "2019-12-31": "-12.00000", "2018-12-31": "90.00000", "2017-12-31": "43.00000", "2016-12-31": "118.00000", "2015-12-31": "-120.00000", "2014-12-31": "-53.24200", "2013-12-31": "132.44100", "2012-12-31": "-100.32700", "2011-12-31": "13.74800", "2010-12-31": "-188.85500", "2009-12-31": "-50.63800", "2008-12-31": "27.46300", "2007-12-31": "-10.01800", "2006-12-31": "-105.70700", "2005-12-31": "281.43000"}, "Change In Assets/Liabilities": {"2020-12-31": "", "2019-12-31": "-191.00000", "2018-12-31": "1.00000", "2017-12-31": "-178.00000", "2016-12-31": "-104.00000", "2015-12-31": "153.00000", "2014-12-31": "118.93500", "2013-12-31": "77.50000", "2012-12-31": "-177.55800", "2011-12-31": "156.01400", "2010-12-31": "-46.77200", "2009-12-31": "-337.63000", "2008-12-31": "-49.20500", "2007-12-31": "-58.03000", "2006-12-31": "245.90100", "2005-12-31": "-343.82700"}, "Total Change In Assets/Liabilities": {"2020-12-31": "", "2019-12-31": "-265.00000", "2018-12-31": "-70.00000", "2017-12-31": "-232.00000", "2016-12-31": "-68.00000", "2015-12-31": "88.00000", "2014-12-31": "-80.01100", "2013-12-31": "57.44200", "2012-12-31": "-392.46300", "2011-12-31": "32.62900", "2010-12-31": "-256.13700", "2009-12-31": "-165.26100", "2008-12-31": "-170.24600", "2007-12-31": "-230.31900", "2006-12-31": "288.97400", "2005-12-31": "-407.30700"}, "Cash Flow From Operating Activities": {"2020-12-31": "", "2019-12-31": "3263.00000", "2018-12-31": "3122.00000", "2017-12-31": "3126.00000", "2016-12-31": "3052.00000", "2015-12-31": "3038.00000", "2014-12-31": "2659.48600", "2013-12-31": "2584.03600", "2012-12-31": "2004.75600", "2011-12-31": "2405.52200", "2010-12-31": "1893.94200", "2009-12-31": "1912.90600", "2008-12-31": "1687.60600", "2007-12-31": "1631.53400", "2006-12-31": "1923.99600", "2005-12-31": "1183.71700"}, "Net Change In Property, Plant, And Equipment": {"2020-12-31": "", "2019-12-31": "-4225.00000", "2018-12-31": "-3957.00000", "2017-12-31": "-3244.00000", "2016-12-31": "-3195.00000", "2015-12-31": "-3683.00000", "2014-12-31": "-3199.79100", "2013-12-31": "-3358.20700", "2012-12-31": "-2570.20900", "2011-12-31": "-2205.56700", "2010-12-31": "-2128.37000", "2009-12-31": "-1777.60800", "2008-12-31": "-2113.65500", "2007-12-31": "-2096.85700", "2006-12-31": "-1602.95000", "2005-12-31": "-1300.21600"}, "Net Change In Intangible Assets": {"2020-12-31": "", "2019-12-31": "", "2018-12-31": "", "2017-12-31": "", "2016-12-31": "", "2015-12-31": "", "2014-12-31": "", "2013-12-31": "", "2012-12-31": "", "2011-12-31": "", "2010-12-31": "", "2009-12-31": "", "2008-12-31": "", "2007-12-31": "", "2006-12-31": "", "2005-12-31": ""}, "Net Acquisitions/Divestitures": {"2020-12-31": "", "2019-12-31": "", "2018-12-31": "", "2017-12-31": "", "2016-12-31": "", "2015-12-31": "", "2014-12-31": "", "2013-12-31": "", "2012-12-31": "", "2011-12-31": "", "2010-12-31": "-732.49500", "2009-12-31": "", "2008-12-31": "", "2007-12-31": "38.95000", "2006-12-31": "", "2005-12-31": ""}, "Net Change In Short-term Investments": {"2020-12-31": "", "2019-12-31": "", "2018-12-31": "", "2017-12-31": "", "2016-12-31": "", "2015-12-31": "", "2014-12-31": "", "2013-12-31": "", "2012-12-31": "", "2011-12-31": "10.42800", "2010-12-31": "-1.13400", "2009-12-31": "-9.29400", "2008-12-31": "", "2007-12-31": "", "2006-12-31": "", "2005-12-31": ""}, "Net Change In Long-Term Investments": {"2020-12-31": "", "2019-12-31": "-20.00000", "2018-12-31": "-20.00000", "2017-12-31": "-28.00000", "2016-12-31": "-68.00000", "2015-12-31": "33.00000", "2014-12-31": "80.23500", "2013-12-31": "59.58900", "2012-12-31": "46.91100", "2011-12-31": "48.77710", "2010-12-31": "53.04130", "2009-12-31": "53.87500", "2008-12-31": "-77.64300", "2007-12-31": "-35.84400", "2006-12-31": "-23.02390", "2005-12-31": "-59.84500"}, "Net Change In Investments - Total": {"2020-12-31": "", "2019-12-31": "-20.00000", "2018-12-31": "-20.00000", "2017-12-31": "-28.00000", "2016-12-31": "-68.00000", "2015-12-31": "33.00000", "2014-12-31": "80.23500", "2013-12-31": "59.58900", "2012-12-31": "46.91100", "2011-12-31": "59.20510", "2010-12-31": "51.90730", "2009-12-31": "44.58100", "2008-12-31": "-77.64300", "2007-12-31": "-35.84400", "2006-12-31": "-23.02390", "2005-12-31": "-59.84500"}, "Investing Activities - Other": {"2020-12-31": "", "2019-12-31": "-98.00000", "2018-12-31": "-9.00000", "2017-12-31": "-24.00000", "2016-12-31": "2.00000", "2015-12-31": "27.00000", "2014-12-31": "2.30500", "2013-12-31": "85.23400", "2012-12-31": "190.35600", "2011-12-31": "-101.43900", "2010-12-31": "2.23400", "2009-12-31": "-1.65300", "2008-12-31": "34.59700", "2007-12-31": "11.64200", "2006-12-31": "75.86400", "2005-12-31": "134.42600"}, "Cash Flow From Investing Activities": {"2020-12-31": "", "2019-12-31": "-4343.00000", "2018-12-31": "-3986.00000", "2017-12-31": "-3296.00000", "2016-12-31": "-3261.00000", "2015-12-31": "-3623.00000", "2014-12-31": "-3117.25100", "2013-12-31": "-3213.38400", "2012-12-31": "-2332.94200", "2011-12-31": "-2247.80100", "2010-12-31": "-2806.72400", "2009-12-31": "-1734.68000", "2008-12-31": "-2156.70100", "2007-12-31": "-2082.10900", "2006-12-31": "-1550.11000", "2005-12-31": "-1225.63500"}, "Net Long-Term Debt": {"2020-12-31": "", "2019-12-31": "1971.00000", "2018-12-31": "1223.00000", "2017-12-31": "488.00000", "2016-12-31": "1388.00000", "2015-12-31": "1375.00000", "2014-12-31": "561.63600", "2013-12-31": "779.44400", "2012-12-31": "487.36800", "2011-12-31": "582.97500", "2010-12-31": "873.02300", "2009-12-31": "68.61900", "2008-12-31": "1333.74700", "2007-12-31": "394.12600", "2006-12-31": "40.59610", "2005-12-31": "11.71000"}, "Net Current Debt": {"2020-12-31": "", "2019-12-31": "-443.00000", "2018-12-31": "225.00000", "2017-12-31": "422.00000", "2016-12-31": "-454.00000", "2015-12-31": "-174.00000", "2014-12-31": "260.50000", "2013-12-31": "157.00000", "2012-12-31": "383.00000", "2011-12-31": "-247.40000", "2010-12-31": "7.40000", "2009-12-31": "3.75000", "2008-12-31": "-633.31000", "2007-12-31": "462.26000", "2006-12-31": "-119.82000", "2005-12-31": "433.82000"}, "Debt Issuance/Retirement Net - Total": {"2020-12-31": "", "2019-12-31": "1528.00000", "2018-12-31": "1448.00000", "2017-12-31": "910.00000", "2016-12-31": "934.00000", "2015-12-31": "1201.00000", "2014-12-31": "822.13600", "2013-12-31": "936.44400", "2012-12-31": "870.36800", "2011-12-31": "335.57500", "2010-12-31": "880.42300", "2009-12-31": "72.36900", "2008-12-31": "700.43710", "2007-12-31": "856.38600", "2006-12-31": "-79.22390", "2005-12-31": "445.53000"}, "Net Common Equity Issued/Repurchased": {"2020-12-31": "", "2019-12-31": "458.00000", "2018-12-31": "230.00000", "2017-12-31": "", "2016-12-31": "-32.00000", "2015-12-31": "7.00000", "2014-12-31": "180.79800", "2013-12-31": "231.76700", "2012-12-31": "-33.78600", "2011-12-31": "38.69100", "2010-12-31": "457.25800", "2009-12-31": "20.13300", "2008-12-31": "352.87100", "2007-12-31": "10.53900", "2006-12-31": "16.27500", "2005-12-31": "9.08500"}, "Net Total Equity Issued/Repurchased": {"2020-12-31": "", "2019-12-31": "458.00000", "2018-12-31": "230.00000", "2017-12-31": "", "2016-12-31": "-32.00000", "2015-12-31": "7.00000", "2014-12-31": "180.79800", "2013-12-31": "231.76700", "2012-12-31": "-33.78600", "2011-12-31": "-66.28900", "2010-12-31": "457.25800", "2009-12-31": "20.13300", "2008-12-31": "352.87100", "2007-12-31": "10.53900", "2006-12-31": "16.27500", "2005-12-31": "9.08500"}, "Total Common And Preferred Stock Dividends Paid": {"2020-12-31": "", "2019-12-31": "-791.00000", "2018-12-31": "-730.00000", "2017-12-31": "-721.00000", "2016-12-31": "-681.00000", "2015-12-31": "-607.00000", "2014-12-31": "-561.41100", "2013-12-31": "-514.04200", "2012-12-31": "-486.75700", "2011-12-31": "-474.76000", "2010-12-31": "-432.11000", "2009-12-31": "-414.92200", "2008-12-31": "-382.28200", "2007-12-31": "-378.89200", "2006-12-31": "-358.74600", "2005-12-31": "-343.09200"}, "Financial Activities - Other": {"2020-12-31": "", "2019-12-31": "-14.00000", "2018-12-31": "-20.00000", "2017-12-31": "-21.00000", "2016-12-31": "-12.00000", "2015-12-31": "-11.00000", "2014-12-31": "-11.29400", "2013-12-31": "", "2012-12-31": "", "2011-12-31": "", "2010-12-31": "", "2009-12-31": "", "2008-12-31": "", "2007-12-31": "-4.85900", "2006-12-31": "", "2005-12-31": "-0.20000"}, "Cash Flow From Financial Activities": {"2020-12-31": "", "2019-12-31": "1181.00000", "2018-12-31": "928.00000", "2017-12-31": "168.00000", "2016-12-31": "209.00000", "2015-12-31": "590.00000", "2014-12-31": "430.22900", "2013-12-31": "654.16900", "2012-12-31": "349.82500", "2011-12-31": "-205.47400", "2010-12-31": "905.57100", "2009-12-31": "-322.42000", "2008-12-31": "671.02600", "2007-12-31": "483.17400", "2006-12-31": "-421.69500", "2005-12-31": "111.32300"}, "Net Cash Flow": {"2020-12-31": "", "2019-12-31": "101.00000", "2018-12-31": "64.00000", "2017-12-31": "-2.00000", "2016-12-31": "", "2015-12-31": "5.00000", "2014-12-31": "-27.53600", "2013-12-31": "24.82100", "2012-12-31": "21.63900", "2011-12-31": "-47.75300", "2010-12-31": "-7.21100", "2009-12-31": "-144.19400", "2008-12-31": "201.93100", "2007-12-31": "13.66200", "2006-12-31": "-34.73800", "2005-12-31": "48.83500"}, "Stock-Based Compensation": {"2020-12-31": "", "2019-12-31": "58.00000", "2018-12-31": "45.00000", "2017-12-31": "57.00000", "2016-12-31": "41.00000", "2015-12-31": "45.00000", "2014-12-31": "32.18900", "2013-12-31": "24.61300", "2012-12-31": "26.97000", "2011-12-31": "45.00600", "2010-12-31": "35.80700", "2009-12-31": "29.67200", "2008-12-31": "25.51100", "2007-12-31": "22.87100", "2006-12-31": "40.38400", "2005-12-31": "27.59800"}, "Common Stock Dividends Paid": {"2020-12-31": "", "2019-12-31": "-791.00000", "2018-12-31": "-730.00000", "2017-12-31": "-721.00000", "2016-12-31": "-681.00000", "2015-12-31": "-607.00000", "2014-12-31": "-561.41100", "2013-12-31": "-514.04200", "2012-12-31": "-486.75700", "2011-12-31": "-474.76000", "2010-12-31": "-432.11000", "2009-12-31": "-414.92200", "2008-12-31": "-382.28200", "2007-12-31": "-378.89200", "2006-12-31": "-358.74600", "2005-12-31": "-343.09200"}}, "cash flow statement, quarterly": {"Net Income/Loss": {"2020-12-31": -1185, "2020-09-30": 603, "2020-06-30": 287, "2020-03-31": "295.00000", "2019-12-31": 292, "2019-09-30": 527, "2019-06-30": 238, "2019-03-31": "315.00000", "2018-12-31": 214, "2018-09-30": 491, "2018-06-30": 265, "2018-03-31": "291.00000", "2017-12-31": 189, "2017-09-30": 492, "2017-06-30": 228, "2017-03-31": "239.00000", "2016-12-31": 227.098, "2016-09-30": 457.795, "2016-06-30": 196.795, "2016-03-31": "241.31200", "2015-12-31": 208.54, "2015-09-30": 426.463, "2015-06-30": 196.931, "2015-03-31": "152.06600", "2014-12-31": 196.339, "2014-09-30": 368.582, "2014-06-30": 195.164, "2014-03-31": "261.22100", "2013-12-31": 150.055, "2013-09-30": 364.752, "2013-06-30": 196.857, "2013-03-31": "236.57000", "2012-12-31": 140.17, "2012-09-30": 398.106, "2012-06-30": 183.06, "2012-03-31": "183.89300", "2011-12-31": 140.509, "2011-09-30": 338.332, "2011-06-30": 158.762, "2011-03-31": "203.56900", "2010-12-31": 136.634, "2010-09-30": 312.306, "2010-06-30": 139.776, "2010-03-31": "167.11800", "2009-12-31": 168.885, "2009-09-30": 220.828, "2009-06-30": 117.107, "2009-03-31": "174.06700", "2008-12-31": 164.076, "2008-09-30": 222.788, "2008-06-30": 105.573, "2008-03-31": "153.11700", "2007-12-31": 134.043, "2007-09-30": 254.817, "2007-06-30": 68.777, "2007-03-31": "119.71100", "2006-12-31": 97.719, "2006-09-30": 224.462, "2006-06-30": 98.275, "2006-03-31": "151.29800", "2005-12-31": 112.069, "2005-09-30": 196.019, "2005-06-30": 83.406, "2005-03-31": "121.47800"}, "Total Depreciation And Amortization - Cash Flow": {"2020-12-31": -1553, "2020-09-30": 546, "2020-06-30": 508, "2020-03-31": "499.00000", "2019-12-31": 483, "2019-09-30": 482, "2019-06-30": 470, "2019-03-31": "469.00000", "2018-12-31": 476, "2018-09-30": 474, "2018-06-30": 413, "2018-03-31": "418.00000", "2017-12-31": 408, "2017-09-30": 405, "2017-06-30": 396, "2017-03-31": "400.00000", "2016-12-31": 367.763, "2016-09-30": 362.247, "2016-06-30": 357.786, "2016-03-31": "348.20400", "2015-12-31": 324.164, "2015-09-30": 316.73, "2015-06-30": 298.637, "2015-03-31": "304.46900", "2014-12-31": 287.859, "2014-09-30": 290.161, "2014-06-30": 289.732, "2014-03-31": "277.76200", "2013-12-31": 282.082, "2013-09-30": 258.268, "2013-06-30": 274.96, "2013-03-31": "278.86900", "2012-12-31": 257.598, "2012-09-30": 271.367, "2012-06-30": 253.233, "2012-03-31": "257.54500", "2011-12-31": 223.073, "2011-09-30": 276.903, "2011-06-30": 250.397, "2011-03-31": "253.18800", "2010-12-31": 249.745, "2010-09-30": 253.274, "2010-06-30": 233.316, "2010-03-31": "234.86700", "2009-12-31": 232.405, "2009-09-30": 222.791, "2009-06-30": 223.425, "2009-03-31": "230.65400", "2008-12-31": 182.834, "2008-09-30": 236.783, "2008-06-30": 243.138, "2008-03-31": "237.71100", "2007-12-31": 202.933, "2007-09-30": 212.841, "2007-06-30": 231.594, "2007-03-31": "231.86000", "2006-12-31": 223.329, "2006-09-30": 231.337, "2006-06-30": 221.265, "2006-03-31": "218.92300", "2005-12-31": 209.937, "2005-09-30": 196.234, "2005-06-30": 204.106, "2005-03-31": "205.50700"}, "Other Non-Cash Items": {"2020-12-31": -56, "2020-09-30": 46, "2020-06-30": -176, "2020-03-31": "186.00000", "2019-12-31": 59, "2019-09-30": 93, "2019-06-30": -58, "2019-03-31": "118.00000", "2018-12-31": 89, "2018-09-30": 79, "2018-06-30": 24, "2018-03-31": "29.00000", "2017-12-31": 173, "2017-09-30": 186, "2017-06-30": 113, "2017-03-31": "202.00000", "2016-12-31": 146.672, "2016-09-30": 216.879, "2016-06-30": 90.435, "2016-03-31": "165.01400", "2015-12-31": 147.464, "2015-09-30": 238.883, "2015-06-30": 110.523, "2015-03-31": "226.13000", "2014-12-31": 184.061, "2014-09-30": 183.069, "2014-06-30": 61.269, "2014-03-31": "144.27800", "2013-12-31": 111.167, "2013-09-30": 156.198, "2013-06-30": 93.85, "2013-03-31": "122.96600", "2012-12-31": 117.36, "2012-09-30": 63.575, "2012-06-30": 103.692, "2012-03-31": "167.62000", "2011-12-31": 120.598, "2011-09-30": 192.248, "2011-06-30": 85.653, "2011-03-31": "129.66100", "2010-12-31": 154.792, "2010-09-30": 115.568, "2010-06-30": 70.735, "2010-03-31": "81.94800", "2009-12-31": 161.906, "2009-09-30": 127.458, "2009-06-30": 145.475, "2009-03-31": "53.16600", "2008-12-31": 146.276, "2008-09-30": 35.332, "2008-06-30": 14.066, "2008-03-31": "76.22700", "2007-12-31": 169.859, "2007-09-30": 94.392, "2007-06-30": 23.559, "2007-03-31": "96.02500", "2006-12-31": 210.715, "2006-09-30": -54.139, "2006-06-30": 62.644, "2006-03-31": "-50.80600", "2005-12-31": -67.98, "2005-09-30": 202.649, "2005-06-30": 103.543, "2005-03-31": "24.05600"}, "Total Non-Cash Items": {"2020-12-31": -1609, "2020-09-30": 592, "2020-06-30": 332, "2020-03-31": "685.00000", "2019-12-31": 542, "2019-09-30": 575, "2019-06-30": 412, "2019-03-31": "587.00000", "2018-12-31": 565, "2018-09-30": 553, "2018-06-30": 437, "2018-03-31": "447.00000", "2017-12-31": 581, "2017-09-30": 591, "2017-06-30": 509, "2017-03-31": "602.00000", "2016-12-31": 514.435, "2016-09-30": 579.126, "2016-06-30": 448.221, "2016-03-31": "513.21800", "2015-12-31": 471.628, "2015-09-30": 555.613, "2015-06-30": 409.16, "2015-03-31": "530.59900", "2014-12-31": 471.92, "2014-09-30": 473.23, "2014-06-30": 351.001, "2014-03-31": "422.04000", "2013-12-31": 393.249, "2013-09-30": 414.466, "2013-06-30": 368.81, "2013-03-31": "401.83500", "2012-12-31": 374.958, "2012-09-30": 334.942, "2012-06-30": 356.925, "2012-03-31": "425.16500", "2011-12-31": 343.671, "2011-09-30": 469.151, "2011-06-30": 336.05, "2011-03-31": "382.84900", "2010-12-31": 404.537, "2010-09-30": 368.842, "2010-06-30": 304.051, "2010-03-31": "316.81500", "2009-12-31": 394.311, "2009-09-30": 350.249, "2009-06-30": 368.9, "2009-03-31": "283.82000", "2008-12-31": 329.11, "2008-09-30": 272.115, "2008-06-30": 257.204, "2008-03-31": "313.93800", "2007-12-31": 372.792, "2007-09-30": 307.233, "2007-06-30": 255.153, "2007-03-31": "327.88500", "2006-12-31": 434.0439, "2006-09-30": 177.1981, "2006-06-30": 283.909, "2006-03-31": "168.11700", "2005-12-31": 141.957, "2005-09-30": 398.883, "2005-06-30": 307.649, "2005-03-31": "229.56300"}, "Change In Accounts Receivable": {"2020-12-31": -16, "2020-09-30": -100, "2020-06-30": 109, "2020-03-31": "7.00000", "2019-12-31": -119, "2019-09-30": -79, "2019-06-30": 334, "2019-03-31": "-114.00000", "2018-12-31": -48, "2018-09-30": -37, "2018-06-30": 60, "2018-03-31": "-71.00000", "2017-12-31": -63, "2017-09-30": -48, "2017-06-30": 14, "2017-03-31": "3.00000", "2016-12-31": -53.415, "2016-09-30": -129.786, "2016-06-30": 104.981, "2016-03-31": "-4.78000", "2015-12-31": -19.276, "2015-09-30": -65.007, "2015-06-30": 150.574, "2015-03-31": "-0.29100", "2014-12-31": -109.066, "2014-09-30": -17.486, "2014-06-30": 142.368, "2014-03-31": "-140.96200", "2013-12-31": -0.423, "2013-09-30": -29.548, "2013-06-30": -6.735, "2013-03-31": "-72.20500", "2012-12-31": -71.433, "2012-09-30": -124.875, "2012-06-30": 51.715, "2012-03-31": "-52.64300", "2011-12-31": -46.052, "2011-09-30": -72.563, "2011-06-30": 85.861, "2011-03-31": "-46.94700", "2010-12-31": -61.625, "2010-09-30": -41.242, "2010-06-30": 80.297, "2010-03-31": "-7.17900", "2009-12-31": -415.726, "2009-09-30": 83.43, "2009-06-30": 116.711, "2009-03-31": "338.08800", "2008-12-31": -378.949, "2008-09-30": 133.505, "2008-06-30": 105.549, "2008-03-31": "126.49000", "2007-12-31": -278.678, "2007-09-30": 105.949, "2007-06-30": 99.701, "2007-03-31": "-63.77900", "2006-12-31": -330.834, "2006-09-30": -14.263, "2006-06-30": 177.372, "2006-03-31": "287.53800", "2005-12-31": -147.032, "2005-09-30": -92.147, "2005-06-30": 5.901, "2005-03-31": "-17.02700"}, "Change In Inventories": {"2020-12-31": 37, "2020-09-30": -52, "2020-06-30": -18, "2020-03-31": "33.00000", "2019-12-31": -24, "2019-09-30": -85, "2019-06-30": -59, "2019-03-31": "84.00000", "2018-12-31": -102, "2018-09-30": -64, "2018-06-30": -17, "2018-03-31": "118.00000", "2017-12-31": 6, "2017-09-30": -74, "2017-06-30": -23, "2017-03-31": "88.00000", "2016-12-31": 7.203, "2016-09-30": -88.083, "2016-06-30": -6.69, "2016-03-31": "88.57000", "2015-12-31": 36.659, "2015-09-30": -112.22, "2015-06-30": -27.449, "2015-03-31": "92.01000", "2014-12-31": 37.119, "2014-09-30": -132.945, "2014-06-30": -65.033, "2014-03-31": "140.30100", "2013-12-31": 26.33, "2013-09-30": -110.602, "2013-06-30": -47.181, "2013-03-31": "87.86500", "2012-12-31": 27.147, "2012-09-30": -89.584, "2012-06-30": 1.222, "2012-03-31": "143.87300", "2011-12-31": -10.225, "2011-09-30": -123.235, "2011-06-30": -42.567, "2011-03-31": "118.59500", "2010-12-31": 34.759, "2010-09-30": -127.342, "2010-06-30": -11.962, "2010-03-31": "113.78400", "2009-12-31": -11.276, "2009-09-30": -117.724, "2009-06-30": 13.603, "2009-03-31": "215.90100", "2008-12-31": 60.623, "2008-09-30": -222.245, "2008-06-30": -79.954, "2008-03-31": "106.47700", "2007-12-31": -0.241, "2007-09-30": -122.305, "2007-06-30": -21.393, "2007-03-31": "118.47500", "2006-12-31": 35.587, "2006-09-30": -146.26, "2006-06-30": -13.084, "2006-03-31": "152.72400", "2005-12-31": -30.464, "2005-09-30": -171.901, "2005-06-30": -11.33, "2005-03-31": "119.09000"}, "Change In Accounts Payable": {"2020-12-31": 97, "2020-09-30": 63, "2020-06-30": 41, "2020-03-31": "-201.00000", "2019-12-31": 44, "2019-09-30": 101, "2019-06-30": -161, "2019-03-31": "4.00000", "2018-12-31": 53, "2018-09-30": 38, "2018-06-30": 41, "2018-03-31": "-42.00000", "2017-12-31": 111, "2017-09-30": -16, "2017-06-30": 92, "2017-03-31": "-144.00000", "2016-12-31": 67.474, "2016-09-30": 22.721, "2016-06-30": 49.868, "2016-03-31": "-22.06300", "2015-12-31": -3.863, "2015-09-30": 15.895, "2015-06-30": -33.003, "2015-03-31": "-99.02900", "2014-12-31": 102.546, "2014-09-30": -8.054, "2014-06-30": -110.004, "2014-03-31": "-37.73000", "2013-12-31": 135.738, "2013-09-30": -4.922, "2013-06-30": -3.686, "2013-03-31": "5.31100", "2012-12-31": 17.949, "2012-09-30": 58.8, "2012-06-30": 25.573, "2012-03-31": "-202.64900", "2011-12-31": 96.429, "2011-09-30": -114.797, "2011-06-30": 104.54, "2011-03-31": "-72.42400", "2010-12-31": 94.268, "2010-09-30": -56.687, "2010-06-30": -27.052, "2010-03-31": "-199.38400", "2009-12-31": 235.381, "2009-09-30": 24.57, "2009-06-30": -71.414, "2009-03-31": "-239.17500", "2008-12-31": 226.34, "2008-09-30": -162.003, "2008-06-30": -35.182, "2008-03-31": "-1.69200", "2007-12-31": 237.649, "2007-09-30": -98.758, "2007-06-30": -1.774, "2007-03-31": "-147.13500", "2006-12-31": 235.576, "2006-09-30": -39.803, "2006-06-30": 34.148, "2006-03-31": "-335.62800", "2005-12-31": 170.366, "2005-09-30": 247.429, "2005-06-30": 36.911, "2005-03-31": "-173.27600"}, "Change In Assets/Liabilities": {"2020-12-31": 399, "2020-09-30": -31, "2020-06-30": -204, "2020-03-31": "-164.00000", "2019-12-31": 50, "2019-09-30": 49, "2019-06-30": -229, "2019-03-31": "-61.00000", "2018-12-31": -37, "2018-09-30": 130, "2018-06-30": -236, "2018-03-31": "144.00000", "2017-12-31": 5, "2017-09-30": 133, "2017-06-30": -242, "2017-03-31": "-74.00000", "2016-12-31": -78.402, "2016-09-30": 158.808, "2016-06-30": -170.699, "2016-03-31": "-13.70700", "2015-12-31": -144.61, "2015-09-30": 160.133, "2015-06-30": -172.562, "2015-03-31": "310.03900", "2014-12-31": -43.713, "2014-09-30": 281.503, "2014-06-30": -66.634, "2014-03-31": "-52.22100", "2013-12-31": -123.821, "2013-09-30": 294.537, "2013-06-30": -76.168, "2013-03-31": "-17.04800", "2012-12-31": -55.956, "2012-09-30": 129.236, "2012-06-30": -230.682, "2012-03-31": "-20.15600", "2011-12-31": -42.928, "2011-09-30": 304.114, "2011-06-30": -178.973, "2011-03-31": "73.80100", "2010-12-31": -240.954, "2010-09-30": 157.231, "2010-06-30": -123.472, "2010-03-31": "160.42300", "2009-12-31": -87.485, "2009-09-30": -58.303, "2009-06-30": -231.689, "2009-03-31": "39.84700", "2008-12-31": 35.013, "2008-09-30": 164.1, "2008-06-30": -99.47, "2008-03-31": "-148.84800", "2007-12-31": -251.786, "2007-09-30": 10.696, "2007-06-30": -61.149, "2007-03-31": "244.20900", "2006-12-31": -144.41, "2006-09-30": 178.956, "2006-06-30": -61.568, "2006-03-31": "272.92300", "2005-12-31": -373.162, "2005-09-30": -65.519, "2005-06-30": -107.062, "2005-03-31": "201.91600"}, "Total Change In Assets/Liabilities": {"2020-12-31": 517, "2020-09-30": -120, "2020-06-30": -72, "2020-03-31": "-325.00000", "2019-12-31": -49, "2019-09-30": -14, "2019-06-30": -115, "2019-03-31": "-87.00000", "2018-12-31": -134, "2018-09-30": 67, "2018-06-30": -152, "2018-03-31": "149.00000", "2017-12-31": 59, "2017-09-30": -5, "2017-06-30": -159, "2017-03-31": "-127.00000", "2016-12-31": -57.14, "2016-09-30": -36.34, "2016-06-30": -22.54, "2016-03-31": "48.02000", "2015-12-31": -131.09, "2015-09-30": -1.199, "2015-06-30": -82.44, "2015-03-31": "302.72900", "2014-12-31": -13.114, "2014-09-30": 123.018, "2014-06-30": -99.303, "2014-03-31": "-90.61200", "2013-12-31": 37.824, "2013-09-30": 149.465, "2013-06-30": -133.77, "2013-03-31": "3.92300", "2012-12-31": -82.293, "2012-09-30": -26.423, "2012-06-30": -152.172, "2012-03-31": "-131.57500", "2011-12-31": -2.776, "2011-09-30": -6.481, "2011-06-30": -31.139, "2011-03-31": "73.02500", "2010-12-31": -173.552, "2010-09-30": -68.04, "2010-06-30": -82.189, "2010-03-31": "67.64400", "2009-12-31": -279.106, "2009-09-30": -68.027, "2009-06-30": -172.789, "2009-03-31": "354.66100", "2008-12-31": -56.973, "2008-09-30": -86.643, "2008-06-30": -109.057, "2008-03-31": "82.42700", "2007-12-31": -293.056, "2007-09-30": -104.418, "2007-06-30": 15.385, "2007-03-31": "151.77000", "2006-12-31": -204.081, "2006-09-30": -21.37, "2006-06-30": 136.868, "2006-03-31": "377.55700", "2005-12-31": -380.292, "2005-09-30": -82.138, "2005-06-30": -75.58, "2005-03-31": "130.70300"}, "Cash Flow From Operating Activities": {"2020-12-31": -2174, "2020-09-30": 1026, "2020-06-30": 479, "2020-03-31": "669.00000", "2019-12-31": 706, "2019-09-30": 1223, "2019-06-30": 541, "2019-03-31": "793.00000", "2018-12-31": 629, "2018-09-30": 1056, "2018-06-30": 550, "2018-03-31": "887.00000", "2017-12-31": 759, "2017-09-30": 1075, "2017-06-30": 574, "2017-03-31": "718.00000", "2016-12-31": 626.659, "2016-09-30": 1000.315, "2016-06-30": 622.476, "2016-03-31": "802.55000", "2015-12-31": 548.078, "2015-09-30": 980.877, "2015-06-30": 523.651, "2015-03-31": "985.39400", "2014-12-31": 655.145, "2014-09-30": 964.83, "2014-06-30": 446.862, "2014-03-31": "592.64900", "2013-12-31": 581.128, "2013-09-30": 928.683, "2013-06-30": 431.897, "2013-03-31": "642.32800", "2012-12-31": 432.835, "2012-09-30": 706.625, "2012-06-30": 387.813, "2012-03-31": "477.48300", "2011-12-31": 481.404, "2011-09-30": 801.002, "2011-06-30": 463.673, "2011-03-31": "659.44300", "2010-12-31": 367.619, "2010-09-30": 613.108, "2010-06-30": 361.638, "2010-03-31": "551.57700", "2009-12-31": 284.09, "2009-09-30": 503.05, "2009-06-30": 313.218, "2009-03-31": "812.54800", "2008-12-31": 476.144, "2008-09-30": 408.26, "2008-06-30": 253.72, "2008-03-31": "549.48200", "2007-12-31": 235.221, "2007-09-30": 457.632, "2007-06-30": 339.315, "2007-03-31": "599.36600", "2006-12-31": 327.682, "2006-09-30": 380.29, "2006-06-30": 519.052, "2006-03-31": "696.97200", "2005-12-31": -126.266, "2005-09-30": 512.764, "2005-06-30": 315.475, "2005-03-31": "481.74400"}, "Net Change In Property, Plant, And Equipment": {"2020-12-31": 3681, "2020-09-30": -1112, "2020-06-30": -962, "2020-03-31": "-1607.00000", "2019-12-31": -1207, "2019-09-30": -1329, "2019-06-30": -845, "2019-03-31": "-844.00000", "2018-12-31": -1276, "2018-09-30": -827, "2018-06-30": -994, "2018-03-31": "-860.00000", "2017-12-31": -988, "2017-09-30": -782, "2017-06-30": -725, "2017-03-31": "-749.00000", "2016-12-31": -1008.517, "2016-09-30": -773.354, "2016-06-30": -712.81, "2016-03-31": "-700.31900", "2015-12-31": -1496.631, "2015-09-30": -708.41, "2015-06-30": -707.35, "2015-03-31": "-770.60900", "2014-12-31": -898.452, "2014-09-30": -725.591, "2014-06-30": -753.12, "2014-03-31": "-822.62800", "2013-12-31": -904.009, "2013-09-30": -857.42, "2013-06-30": -844.527, "2013-03-31": "-752.25100", "2012-12-31": -764.366, "2012-09-30": -702.281, "2012-06-30": -606.344, "2012-03-31": "-497.21800", "2011-12-31": -601.361, "2011-09-30": -481.937, "2011-06-30": -581.93, "2011-03-31": "-540.33900", "2010-12-31": -566.383, "2010-09-30": -594.656, "2010-06-30": -486.089, "2010-03-31": "-481.24200", "2009-12-31": -466.922, "2009-09-30": -363.212, "2009-06-30": -469.636, "2009-03-31": "-477.83800", "2008-12-31": -590.29, "2008-09-30": -483.038, "2008-06-30": -550.428, "2008-03-31": "-489.89900", "2007-12-31": -614.206, "2007-09-30": -503.699, "2007-06-30": -496.407, "2007-03-31": "-482.54500", "2006-12-31": -460.199, "2006-09-30": -409.131, "2006-06-30": -412.97, "2006-03-31": "-320.65000", "2005-12-31": -398.274, "2005-09-30": -268.895, "2005-06-30": -328.922, "2005-03-31": "-304.12500"}, "Net Change In Intangible Assets": {"2020-12-31": 0, "2020-09-30": 0, "2020-06-30": 0, "2020-03-31": "", "2019-12-31": 0, "2019-09-30": 0, "2019-06-30": 0, "2019-03-31": "", "2018-12-31": 0, "2018-09-30": 0, "2018-06-30": 0, "2018-03-31": "", "2017-12-31": 0, "2017-09-30": 0, "2017-06-30": 0, "2017-03-31": "", "2016-12-31": 0, "2016-09-30": 0, "2016-06-30": 0, "2016-03-31": "", "2015-12-31": 0, "2015-09-30": 0, "2015-06-30": 0, "2015-03-31": "", "2014-12-31": 0, "2014-09-30": 0, "2014-06-30": 0, "2014-03-31": "", "2013-12-31": 0, "2013-09-30": 0, "2013-06-30": 0, "2013-03-31": "", "2012-12-31": 0, "2012-09-30": 0, "2012-06-30": 0, "2012-03-31": "", "2011-12-31": 0, "2011-09-30": 0, "2011-06-30": 0, "2011-03-31": "", "2010-12-31": 0, "2010-09-30": 0, "2010-06-30": 0, "2010-03-31": "", "2009-12-31": 0, "2009-09-30": 0, "2009-06-30": 0, "2009-03-31": "", "2008-12-31": 0, "2008-09-30": 0, "2008-06-30": 0, "2008-03-31": "", "2007-12-31": 0, "2007-09-30": 0, "2007-06-30": 0, "2007-03-31": "", "2006-12-31": 0, "2006-09-30": 0, "2006-06-30": 0, "2006-03-31": "", "2005-12-31": 0, "2005-09-30": 0, "2005-06-30": 0, "2005-03-31": ""}, "Net Acquisitions/Divestitures": {"2020-12-31": -684, "2020-09-30": 684, "2020-06-30": 0, "2020-03-31": "", "2019-12-31": 0, "2019-09-30": 0, "2019-06-30": 0, "2019-03-31": "", "2018-12-31": 0, "2018-09-30": 0, "2018-06-30": 0, "2018-03-31": "", "2017-12-31": 0, "2017-09-30": 0, "2017-06-30": 0, "2017-03-31": "", "2016-12-31": 0, "2016-09-30": 0, "2016-06-30": 0, "2016-03-31": "", "2015-12-31": 0, "2015-09-30": 0, "2015-06-30": 0, "2015-03-31": "", "2014-12-31": 0, "2014-09-30": 0, "2014-06-30": 0, "2014-03-31": "", "2013-12-31": 0, "2013-09-30": 0, "2013-06-30": 0, "2013-03-31": "", "2012-12-31": 0, "2012-09-30": 0, "2012-06-30": 0, "2012-03-31": "", "2011-12-31": 0, "2011-09-30": 0, "2011-06-30": 0, "2011-03-31": "", "2010-12-31": -732.495, "2010-09-30": 0, "2010-06-30": 0, "2010-03-31": "", "2009-12-31": 0, "2009-09-30": 0, "2009-06-30": 0, "2009-03-31": "", "2008-12-31": 0, "2008-09-30": 0, "2008-06-30": 0, "2008-03-31": "", "2007-12-31": 0, "2007-09-30": 38.95, "2007-06-30": 0, "2007-03-31": "", "2006-12-31": 0, "2006-09-30": 0, "2006-06-30": 0, "2006-03-31": "", "2005-12-31": -11.228, "2005-09-30": 11.228, "2005-06-30": 0, "2005-03-31": ""}, "Net Change In Short-term Investments": {"2020-12-31": 0, "2020-09-30": 0, "2020-06-30": 0, "2020-03-31": "", "2019-12-31": 0, "2019-09-30": 0, "2019-06-30": 0, "2019-03-31": "", "2018-12-31": 0, "2018-09-30": 0, "2018-06-30": 0, "2018-03-31": "", "2017-12-31": 0, "2017-09-30": 0, "2017-06-30": 0, "2017-03-31": "", "2016-12-31": 0, "2016-09-30": 0, "2016-06-30": 0, "2016-03-31": "", "2015-12-31": 0, "2015-09-30": 0, "2015-06-30": 0, "2015-03-31": "", "2014-12-31": 0, "2014-09-30": 0, "2014-06-30": 0, "2014-03-31": "", "2013-12-31": 0, "2013-09-30": 0, "2013-06-30": 0, "2013-03-31": "", "2012-12-31": 0, "2012-09-30": 0, "2012-06-30": 0, "2012-03-31": "", "2011-12-31": 0, "2011-09-30": 0, "2011-06-30": 101.261, "2011-03-31": "-90.83300", "2010-12-31": -1.134, "2010-09-30": 0, "2010-06-30": 0, "2010-03-31": "", "2009-12-31": -9.294, "2009-09-30": 0, "2009-06-30": 0, "2009-03-31": "", "2008-12-31": 0, "2008-09-30": 0, "2008-06-30": 0, "2008-03-31": "", "2007-12-31": 0, "2007-09-30": 0, "2007-06-30": 0, "2007-03-31": "", "2006-12-31": 0, "2006-09-30": 0, "2006-06-30": 0, "2006-03-31": "", "2005-12-31": 0, "2005-09-30": 0, "2005-06-30": 0, "2005-03-31": ""}, "Net Change In Long-Term Investments": {"2020-12-31": 15, "2020-09-30": -5, "2020-06-30": -5, "2020-03-31": "-5.00000", "2019-12-31": -10, "2019-09-30": 0, "2019-06-30": -5, "2019-03-31": "-5.00000", "2018-12-31": -5, "2018-09-30": -5, "2018-06-30": -4, "2018-03-31": "-6.00000", "2017-12-31": -59, "2017-09-30": 18, "2017-06-30": 7, "2017-03-31": "6.00000", "2016-12-31": -46.427, "2016-09-30": 10.313, "2016-06-30": -39.646, "2016-03-31": "7.76000", "2015-12-31": 12.4399, "2015-09-30": -0.5459, "2015-06-30": 10.482, "2015-03-31": "10.62400", "2014-12-31": 18.542, "2014-09-30": 21.602, "2014-06-30": 20.992, "2014-03-31": "19.09900", "2013-12-31": 4.6609, "2013-09-30": 18.4311, "2013-06-30": 18.265, "2013-03-31": "18.23200", "2012-12-31": 3.186, "2012-09-30": 15.46, "2012-06-30": 14.987, "2012-03-31": "13.27800", "2011-12-31": 11.853, "2011-09-30": 11.0482, "2011-06-30": 13.5329, "2011-03-31": "12.34300", "2010-12-31": 14.1473, "2010-09-30": 10.0952, "2010-06-30": 11.0938, "2010-03-31": "17.70500", "2009-12-31": 39.3831, "2009-09-30": 4.2239, "2009-06-30": 6.923, "2009-03-31": "3.34500", "2008-12-31": -17.539, "2008-09-30": -29.774, "2008-06-30": -10.676, "2008-03-31": "-19.65400", "2007-12-31": -28.594, "2007-09-30": -1.825, "2007-06-30": -2.153, "2007-03-31": "-3.27200", "2006-12-31": -5.9969, "2006-09-30": -27.992, "2006-06-30": 3.901, "2006-03-31": "7.06400", "2005-12-31": -14.712, "2005-09-30": -16.151, "2005-06-30": -15.279, "2005-03-31": "-13.70300"}, "Net Change In Investments - Total": {"2020-12-31": 15, "2020-09-30": -5, "2020-06-30": -5, "2020-03-31": "-5.00000", "2019-12-31": -10, "2019-09-30": 0, "2019-06-30": -5, "2019-03-31": "-5.00000", "2018-12-31": -5, "2018-09-30": -5, "2018-06-30": -4, "2018-03-31": "-6.00000", "2017-12-31": -59, "2017-09-30": 18, "2017-06-30": 7, "2017-03-31": "6.00000", "2016-12-31": -46.427, "2016-09-30": 10.313, "2016-06-30": -39.646, "2016-03-31": "7.76000", "2015-12-31": 12.4399, "2015-09-30": -0.5459, "2015-06-30": 10.482, "2015-03-31": "10.62400", "2014-12-31": 18.542, "2014-09-30": 21.602, "2014-06-30": 20.992, "2014-03-31": "19.09900", "2013-12-31": 4.6609, "2013-09-30": 18.4311, "2013-06-30": 18.265, "2013-03-31": "18.23200", "2012-12-31": 3.186, "2012-09-30": 15.46, "2012-06-30": 14.987, "2012-03-31": "13.27800", "2011-12-31": 11.853, "2011-09-30": 11.0482, "2011-06-30": 114.7939, "2011-03-31": "-78.49000", "2010-12-31": 13.0133, "2010-09-30": 10.0952, "2010-06-30": 11.0938, "2010-03-31": "17.70500", "2009-12-31": 30.0891, "2009-09-30": 4.2239, "2009-06-30": 6.923, "2009-03-31": "3.34500", "2008-12-31": -17.539, "2008-09-30": -29.774, "2008-06-30": -10.676, "2008-03-31": "-19.65400", "2007-12-31": -28.594, "2007-09-30": -1.825, "2007-06-30": -2.153, "2007-03-31": "-3.27200", "2006-12-31": -5.9969, "2006-09-30": -27.992, "2006-06-30": 3.901, "2006-03-31": "7.06400", "2005-12-31": -14.712, "2005-09-30": -16.151, "2005-06-30": -15.279, "2005-03-31": "-13.70300"}, "Investing Activities - Other": {"2020-12-31": 9, "2020-09-30": -8, "2020-06-30": -7, "2020-03-31": "6.00000", "2019-12-31": 3, "2019-09-30": -92, "2019-06-30": -6, "2019-03-31": "-3.00000", "2018-12-31": 1, "2018-09-30": -9, "2018-06-30": 5, "2018-03-31": "-6.00000", "2017-12-31": -10, "2017-09-30": -1, "2017-06-30": -8, "2017-03-31": "-5.00000", "2016-12-31": 0.201, "2016-09-30": 0.104, "2016-06-30": 3.243, "2016-03-31": "-1.54800", "2015-12-31": 0.439, "2015-09-30": 0.731, "2015-06-30": 4.234, "2015-03-31": "21.59600", "2014-12-31": -2.585, "2014-09-30": 0.458, "2014-06-30": 1.673, "2014-03-31": "2.75900", "2013-12-31": -3.242, "2013-09-30": 40.172, "2013-06-30": 27.549, "2013-03-31": "20.75500", "2012-12-31": 37.834, "2012-09-30": 33.587, "2012-06-30": 34.007, "2012-03-31": "84.92800", "2011-12-31": 2.662, "2011-09-30": -100.183, "2011-06-30": 1.601, "2011-03-31": "-5.51900", "2010-12-31": 0.099, "2010-09-30": -1.971, "2010-06-30": 0.681, "2010-03-31": "3.42500", "2009-12-31": -3.736, "2009-09-30": -1.487, "2009-06-30": 2.321, "2009-03-31": "1.24900", "2008-12-31": 36.143, "2008-09-30": -7.18, "2008-06-30": 4.358, "2008-03-31": "1.27600", "2007-12-31": 5.945, "2007-09-30": -7.671, "2007-06-30": 6.028, "2007-03-31": "7.34000", "2006-12-31": 27.334, "2006-09-30": -6.56, "2006-06-30": -3.212, "2006-03-31": "58.30200", "2005-12-31": 66.632, "2005-09-30": -20.018, "2005-06-30": -2.08, "2005-03-31": "89.89200"}, "Cash Flow From Investing Activities": {"2020-12-31": 3021, "2020-09-30": -441, "2020-06-30": -974, "2020-03-31": "-1606.00000", "2019-12-31": -1214, "2019-09-30": -1421, "2019-06-30": -856, "2019-03-31": "-852.00000", "2018-12-31": -1280, "2018-09-30": -841, "2018-06-30": -993, "2018-03-31": "-872.00000", "2017-12-31": -1057, "2017-09-30": -765, "2017-06-30": -726, "2017-03-31": "-748.00000", "2016-12-31": -1054.743, "2016-09-30": -762.937, "2016-06-30": -749.213, "2016-03-31": "-694.10700", "2015-12-31": -1483.752, "2015-09-30": -708.225, "2015-06-30": -692.634, "2015-03-31": "-738.38900", "2014-12-31": -882.495, "2014-09-30": -703.531, "2014-06-30": -730.455, "2014-03-31": "-800.77000", "2013-12-31": -902.59, "2013-09-30": -798.817, "2013-06-30": -798.713, "2013-03-31": "-713.26400", "2012-12-31": -723.346, "2012-09-30": -653.234, "2012-06-30": -557.35, "2012-03-31": "-399.01200", "2011-12-31": -586.846, "2011-09-30": -571.072, "2011-06-30": -465.535, "2011-03-31": "-624.34800", "2010-12-31": -1285.766, "2010-09-30": -586.532, "2010-06-30": -474.314, "2010-03-31": "-460.11200", "2009-12-31": -440.569, "2009-09-30": -360.475, "2009-06-30": -460.392, "2009-03-31": "-473.24400", "2008-12-31": -571.686, "2008-09-30": -519.992, "2008-06-30": -556.746, "2008-03-31": "-508.27700", "2007-12-31": -636.855, "2007-09-30": -474.245, "2007-06-30": -492.532, "2007-03-31": "-478.47700", "2006-12-31": -438.862, "2006-09-30": -443.683, "2006-06-30": -412.281, "2006-03-31": "-255.28400", "2005-12-31": -357.582, "2005-09-30": -293.836, "2005-06-30": -346.281, "2005-03-31": "-227.93600"}, "Net Long-Term Debt": {"2020-12-31": -2239, "2020-09-30": -208, "2020-06-30": 2447, "2020-03-31": "", "2019-12-31": 433, "2019-09-30": 1119, "2019-06-30": 427, "2019-03-31": "-8.00000", "2018-12-31": 143, "2018-09-30": -105, "2018-06-30": 1185, "2018-03-31": "", "2017-12-31": 96, "2017-09-30": 248, "2017-06-30": 144, "2017-03-31": "", "2016-12-31": 335.525, "2016-09-30": 295.021, "2016-06-30": 10.66, "2016-03-31": "746.79400", "2015-12-31": -1.546, "2015-09-30": 535.466, "2015-06-30": 841.535, "2015-03-31": "-0.45500", "2014-12-31": -0.45, "2014-09-30": -1.012, "2014-06-30": 261.323, "2014-03-31": "301.77500", "2013-12-31": -0.681, "2013-09-30": 94.5959, "2013-06-30": 619.6141, "2013-03-31": "65.91500", "2012-12-31": -550.422, "2012-09-30": 929.23, "2012-06-30": 108.573, "2012-03-31": "-0.01300", "2011-12-31": -1.1859, "2011-09-30": 585.9019, "2011-06-30": -1.19, "2011-03-31": "-0.55100", "2010-12-31": 35.107, "2010-09-30": 319.571, "2010-06-30": 543.7, "2010-03-31": "-25.35500", "2009-12-31": 255.181, "2009-09-30": -412.488, "2009-06-30": 393.831, "2009-03-31": "-167.90500", "2008-12-31": -148.605, "2008-09-30": 591.467, "2008-06-30": -1.164, "2008-03-31": "892.04900", "2007-12-31": -478.035, "2007-09-30": 630.162, "2007-06-30": 343.207, "2007-03-31": "-101.20800", "2006-12-31": -68.0809, "2006-09-30": -203.774, "2006-06-30": 563.32, "2006-03-31": "-250.86900", "2005-12-31": 35.4251, "2005-09-30": -19.64, "2005-06-30": 17.7879, "2005-03-31": "-21.86300"}, "Net Current Debt": {"2020-12-31": 95, "2020-09-30": -910, "2020-06-30": -355, "2020-03-31": "1170.00000", "2019-12-31": -338, "2019-09-30": -664, "2019-06-30": 345, "2019-03-31": "214.00000", "2018-12-31": 601, "2018-09-30": -244, "2018-06-30": -343, "2018-03-31": "211.00000", "2017-12-31": 300, "2017-09-30": -270, "2017-06-30": 179, "2017-03-31": "213.00000", "2016-12-31": 26, "2016-09-30": -81, "2016-06-30": 264, "2016-03-31": "-663.00000", "2015-12-31": 781.5, "2015-09-30": -387, "2015-06-30": -518, "2015-03-31": "-50.50000", "2014-12-31": 322.5, "2014-09-30": -80.8, "2014-06-30": 18.8, "2014-03-31": "", "2013-12-31": 457, "2013-09-30": -52, "2013-06-30": -248, "2013-03-31": "", "2012-12-31": 298, "2012-09-30": -177, "2012-06-30": 142, "2012-03-31": "120.00000", "2011-12-31": 169, "2011-09-30": -606, "2011-06-30": 124.5, "2011-03-31": "65.10000", "2010-12-31": 426.4, "2010-09-30": -89, "2010-06-30": -337, "2010-03-31": "7.00000", "2009-12-31": 3.75, "2009-09-30": 85.25, "2009-06-30": -68.015, "2009-03-31": "-17.23500", "2008-12-31": 191.25, "2008-09-30": -408.882, "2008-06-30": 294.965, "2008-03-31": "-710.64300", "2007-12-31": 668.335, "2007-09-30": -200.006, "2007-06-30": -114.269, "2007-03-31": "108.20000", "2006-12-31": 276.3, "2006-09-30": 212, "2006-06-30": -511.664, "2006-03-31": "-96.45600", "2005-12-31": 438.12, "2005-09-30": 13, "2005-06-30": 86, "2005-03-31": "-103.30000"}, "Debt Issuance/Retirement Net - Total": {"2020-12-31": -2144, "2020-09-30": -1118, "2020-06-30": 2092, "2020-03-31": "1170.00000", "2019-12-31": 95, "2019-09-30": 455, "2019-06-30": 772, "2019-03-31": "206.00000", "2018-12-31": 744, "2018-09-30": -349, "2018-06-30": 842, "2018-03-31": "211.00000", "2017-12-31": 396, "2017-09-30": -22, "2017-06-30": 323, "2017-03-31": "213.00000", "2016-12-31": 361.525, "2016-09-30": 214.021, "2016-06-30": 274.66, "2016-03-31": "83.79400", "2015-12-31": 779.9541, "2015-09-30": 148.4659, "2015-06-30": 323.535, "2015-03-31": "-50.95500", "2014-12-31": 322.05, "2014-09-30": -81.8119, "2014-06-30": 280.1229, "2014-03-31": "301.77500", "2013-12-31": 456.319, "2013-09-30": 42.5959, "2013-06-30": 371.6141, "2013-03-31": "65.91500", "2012-12-31": -252.422, "2012-09-30": 752.23, "2012-06-30": 250.573, "2012-03-31": "119.98700", "2011-12-31": 167.814, "2011-09-30": -20.098, "2011-06-30": 123.31, "2011-03-31": "64.54900", "2010-12-31": 461.507, "2010-09-30": 230.571, "2010-06-30": 206.7, "2010-03-31": "-18.35500", "2009-12-31": 258.931, "2009-09-30": -327.238, "2009-06-30": 325.816, "2009-03-31": "-185.14000", "2008-12-31": 42.6452, "2008-09-30": 182.5849, "2008-06-30": 293.801, "2008-03-31": "181.40600", "2007-12-31": 190.3, "2007-09-30": 430.156, "2007-06-30": 228.938, "2007-03-31": "6.99200", "2006-12-31": 208.2191, "2006-09-30": 8.226, "2006-06-30": 51.656, "2006-03-31": "-347.32500", "2005-12-31": 473.5451, "2005-09-30": -6.64, "2005-06-30": 103.7879, "2005-03-31": "-125.16300"}, "Net Common Equity Issued/Repurchased": {"2020-12-31": -5, "2020-09-30": 5, "2020-06-30": 0, "2020-03-31": "", "2019-12-31": 1, "2019-09-30": 457, "2019-06-30": 0, "2019-03-31": "", "2018-12-31": 27, "2018-09-30": 203, "2018-06-30": 0, "2018-03-31": "", "2017-12-31": 0, "2017-09-30": 0, "2017-06-30": 0, "2017-03-31": "", "2016-12-31": -29.19, "2016-09-30": -2.021, "2016-06-30": 0, "2016-03-31": "-0.78900", "2015-12-31": 1.702, "2015-09-30": 1.889, "2015-06-30": 1.998, "2015-03-31": "1.41100", "2014-12-31": 2.159, "2014-09-30": 2.066, "2014-06-30": 113.025, "2014-03-31": "63.54800", "2013-12-31": 2.347, "2013-09-30": 2.307, "2013-06-30": 67.029, "2013-03-31": "160.08400", "2012-12-31": 2.172, "2012-09-30": 2.18, "2012-06-30": 2.1, "2012-03-31": "-40.23800", "2011-12-31": 32.527, "2011-09-30": 2.375, "2011-06-30": 1.911, "2011-03-31": "1.87800", "2010-12-31": 451.389, "2010-09-30": 1.575, "2010-06-30": 1.705, "2010-03-31": "2.58900", "2009-12-31": 15.959, "2009-09-30": 1.509, "2009-06-30": 1.395, "2009-03-31": "1.27000", "2008-12-31": 1.514, "2008-09-30": 348.342, "2008-06-30": 1.451, "2008-03-31": "1.56400", "2007-12-31": 1.569, "2007-09-30": 1.287, "2007-06-30": 3.174, "2007-03-31": "4.50900", "2006-12-31": 8.528, "2006-09-30": 4.119, "2006-06-30": 1.62, "2006-03-31": "2.00800", "2005-12-31": 2.322, "2005-09-30": 2.985, "2005-06-30": 2.435, "2005-03-31": "1.34300"}, "Net Total Equity Issued/Repurchased": {"2020-12-31": -5, "2020-09-30": 5, "2020-06-30": 0, "2020-03-31": "", "2019-12-31": 1, "2019-09-30": 457, "2019-06-30": 0, "2019-03-31": "", "2018-12-31": 27, "2018-09-30": 203, "2018-06-30": 0, "2018-03-31": "", "2017-12-31": 0, "2017-09-30": 0, "2017-06-30": 0, "2017-03-31": "", "2016-12-31": -29.19, "2016-09-30": -2.021, "2016-06-30": 0, "2016-03-31": "-0.78900", "2015-12-31": 1.702, "2015-09-30": 1.889, "2015-06-30": 1.998, "2015-03-31": "1.41100", "2014-12-31": 2.159, "2014-09-30": 2.066, "2014-06-30": 113.025, "2014-03-31": "63.54800", "2013-12-31": 2.347, "2013-09-30": 2.307, "2013-06-30": 67.029, "2013-03-31": "160.08400", "2012-12-31": 2.172, "2012-09-30": 2.18, "2012-06-30": 2.1, "2012-03-31": "-40.23800", "2011-12-31": -72.453, "2011-09-30": 2.375, "2011-06-30": 1.911, "2011-03-31": "1.87800", "2010-12-31": 451.389, "2010-09-30": 1.575, "2010-06-30": 1.705, "2010-03-31": "2.58900", "2009-12-31": 15.959, "2009-09-30": 1.509, "2009-06-30": 1.395, "2009-03-31": "1.27000", "2008-12-31": 1.514, "2008-09-30": 348.342, "2008-06-30": 1.451, "2008-03-31": "1.56400", "2007-12-31": 1.569, "2007-09-30": 1.287, "2007-06-30": 3.174, "2007-03-31": "4.50900", "2006-12-31": 8.528, "2006-09-30": 4.119, "2006-06-30": 1.62, "2006-03-31": "2.00800", "2005-12-31": 2.322, "2005-09-30": 2.985, "2005-06-30": 2.435, "2005-03-31": "1.34300"}, "Total Common And Preferred Stock Dividends Paid": {"2020-12-31": 638, "2020-09-30": -217, "2020-06-30": -217, "2020-03-31": "-204.00000", "2019-12-31": -204, "2019-09-30": -200, "2019-06-30": -200, "2019-03-31": "-187.00000", "2018-12-31": -186, "2018-09-30": -185, "2018-06-30": -184, "2018-03-31": "-175.00000", "2017-12-31": -183, "2017-09-30": -183, "2017-06-30": -182, "2017-03-31": "-173.00000", "2016-12-31": -173.183, "2016-09-30": -172.704, "2016-06-30": -172.703, "2016-03-31": "-162.41000", "2015-12-31": -154.783, "2015-09-30": -154.195, "2015-06-30": -153.997, "2015-03-31": "-144.02500", "2014-12-31": -143.825, "2014-09-30": -143.225, "2014-06-30": -142.328, "2014-03-31": "-132.03300", "2013-12-31": -131.894, "2013-09-30": -131.756, "2013-06-30": -125.966, "2013-03-31": "-124.42600", "2012-12-31": -124.189, "2012-09-30": -124.058, "2012-06-30": -119.348, "2012-03-31": "-119.16200", "2011-12-31": -123.39, "2011-09-30": -119.655, "2011-06-30": -116.094, "2011-03-31": "-115.62100", "2010-12-31": -109.923, "2010-09-30": -109.8, "2010-06-30": -106.422, "2010-03-31": "-105.96500", "2009-12-31": -105.602, "2009-09-30": -105.461, "2009-06-30": -102.115, "2009-03-31": "-101.74400", "2008-12-31": -79.125, "2008-09-30": -103.402, "2008-06-30": -100.076, "2008-03-31": "-99.67900", "2007-12-31": -97.643, "2007-09-30": -97.547, "2007-06-30": -92.019, "2007-03-31": "-91.68300", "2006-12-31": -91.518, "2006-09-30": -91.289, "2006-06-30": -88.153, "2006-03-31": "-87.78600", "2005-12-31": -87.679, "2005-09-30": -87.568, "2005-06-30": -83.689, "2005-03-31": "-84.15600"}, "Financial Activities - Other": {"2020-12-31": 27, "2020-09-30": -4, "2020-06-30": 10, "2020-03-31": "-33.00000", "2019-12-31": 0, "2019-09-30": -3, "2019-06-30": 2, "2019-03-31": "-13.00000", "2018-12-31": 0, "2018-09-30": -3, "2018-06-30": 1, "2018-03-31": "-18.00000", "2017-12-31": 0, "2017-09-30": 1, "2017-06-30": -1, "2017-03-31": "-21.00000", "2016-12-31": 0.487, "2016-09-30": 0, "2016-06-30": 0, "2016-03-31": "-12.48700", "2015-12-31": -11, "2015-09-30": 0, "2015-06-30": 0, "2015-03-31": "", "2014-12-31": -11.294, "2014-09-30": 0, "2014-06-30": 0, "2014-03-31": "", "2013-12-31": 0, "2013-09-30": 0, "2013-06-30": 0, "2013-03-31": "", "2012-12-31": 0, "2012-09-30": 0, "2012-06-30": 0, "2012-03-31": "", "2011-12-31": 0, "2011-09-30": 0, "2011-06-30": 0, "2011-03-31": "", "2010-12-31": 0, "2010-09-30": 0, "2010-06-30": 0, "2010-03-31": "", "2009-12-31": 0, "2009-09-30": 0, "2009-06-30": 0, "2009-03-31": "", "2008-12-31": 0, "2008-09-30": 0, "2008-06-30": 0, "2008-03-31": "", "2007-12-31": 0, "2007-09-30": 0, "2007-06-30": 0, "2007-03-31": "-4.85900", "2006-12-31": 0, "2006-09-30": 0, "2006-06-30": 0, "2006-03-31": "", "2005-12-31": 0, "2005-09-30": 0, "2005-06-30": 0, "2005-03-31": "-0.20000"}, "Cash Flow From Financial Activities": {"2020-12-31": -1484, "2020-09-30": -1334, "2020-06-30": 1885, "2020-03-31": "933.00000", "2019-12-31": -108, "2019-09-30": 709, "2019-06-30": 574, "2019-03-31": "6.00000", "2018-12-31": 585, "2018-09-30": -334, "2018-06-30": 659, "2018-03-31": "18.00000", "2017-12-31": 213, "2017-09-30": -204, "2017-06-30": 140, "2017-03-31": "19.00000", "2016-12-31": 159.639, "2016-09-30": 39.296, "2016-06-30": 101.957, "2016-03-31": "-91.89200", "2015-12-31": 615.873, "2015-09-30": -3.84, "2015-06-30": 171.536, "2015-03-31": "-193.56900", "2014-12-31": 169.09, "2014-09-30": -222.971, "2014-06-30": 250.82, "2014-03-31": "233.29000", "2013-12-31": 326.772, "2013-09-30": -86.853, "2013-06-30": 312.677, "2013-03-31": "101.57300", "2012-12-31": -374.439, "2012-09-30": 630.352, "2012-06-30": 133.325, "2012-03-31": "-39.41300", "2011-12-31": -28.029, "2011-09-30": -137.378, "2011-06-30": 9.127, "2011-03-31": "-49.19400", "2010-12-31": 802.973, "2010-09-30": 122.346, "2010-06-30": 101.983, "2010-03-31": "-121.73100", "2009-12-31": 169.288, "2009-09-30": -431.19, "2009-06-30": 225.096, "2009-03-31": "-285.61400", "2008-12-31": -34.966, "2008-09-30": 427.525, "2008-06-30": 195.176, "2008-03-31": "83.29100", "2007-12-31": 94.226, "2007-09-30": 333.896, "2007-06-30": 140.093, "2007-03-31": "-85.04100", "2006-12-31": 125.229, "2006-09-30": -78.944, "2006-06-30": -34.877, "2006-03-31": "-433.10300", "2005-12-31": 388.188, "2005-09-30": -91.223, "2005-06-30": 22.534, "2005-03-31": "-208.17600"}, "Net Cash Flow": {"2020-12-31": -637, "2020-09-30": -749, "2020-06-30": 1390, "2020-03-31": "-4.00000", "2019-12-31": -616, "2019-09-30": 511, "2019-06-30": 259, "2019-03-31": "-53.00000", "2018-12-31": -66, "2018-09-30": -119, "2018-06-30": 216, "2018-03-31": "33.00000", "2017-12-31": -85, "2017-09-30": 106, "2017-06-30": -12, "2017-03-31": "-11.00000", "2016-12-31": -268.445, "2016-09-30": 276.674, "2016-06-30": -24.78, "2016-03-31": "16.55100", "2015-12-31": -319.801, "2015-09-30": 268.812, "2015-06-30": 2.553, "2015-03-31": "53.43600", "2014-12-31": -58.26, "2014-09-30": 38.328, "2014-06-30": -32.773, "2014-03-31": "25.16900", "2013-12-31": 5.31, "2013-09-30": 43.013, "2013-06-30": -54.139, "2013-03-31": "30.63700", "2012-12-31": -664.95, "2012-09-30": 683.743, "2012-06-30": -36.212, "2012-03-31": "39.05800", "2011-12-31": -133.471, "2011-09-30": 92.552, "2011-06-30": 7.265, "2011-03-31": "-14.09900", "2010-12-31": -115.174, "2010-09-30": 148.922, "2010-06-30": -10.693, "2010-03-31": "-30.26600", "2009-12-31": 14.798, "2009-09-30": -290.047, "2009-06-30": 78.938, "2009-03-31": "52.11700", "2008-12-31": -130.924, "2008-09-30": 313.104, "2008-06-30": -104.97, "2008-03-31": "124.72100", "2007-12-31": -309.788, "2007-09-30": 319.329, "2007-06-30": -23.424, "2007-03-31": "27.54500", "2006-12-31": 4.46, "2006-09-30": -129.213, "2006-06-30": 80.304, "2006-03-31": "9.71100", "2005-12-31": -113.48, "2005-09-30": 136.289, "2005-06-30": -18.057, "2005-03-31": "44.08300"}, "Stock-Based Compensation": {"2020-12-31": -60, "2020-09-30": 19, "2020-06-30": 15, "2020-03-31": "26.00000", "2019-12-31": 11, "2019-09-30": 12, "2019-06-30": 16, "2019-03-31": "19.00000", "2018-12-31": 20, "2018-09-30": 15, "2018-06-30": 4, "2018-03-31": "6.00000", "2017-12-31": 13, "2017-09-30": 12, "2017-06-30": 14, "2017-03-31": "18.00000", "2016-12-31": 11.128, "2016-09-30": 5.418, "2016-06-30": 11.355, "2016-03-31": "13.09900", "2015-12-31": 15.235, "2015-09-30": 8.345, "2015-06-30": 11.195, "2015-03-31": "10.22500", "2014-12-31": 15.653, "2014-09-30": 5.546, "2014-06-30": 5.62, "2014-03-31": "5.37000", "2013-12-31": -3.749, "2013-09-30": 9.615, "2013-06-30": 10.58, "2013-03-31": "8.16700", "2012-12-31": 6.084, "2012-09-30": 3.637, "2012-06-30": 13.366, "2012-03-31": "3.88300", "2011-12-31": 13.063, "2011-09-30": 11.644, "2011-06-30": 10.404, "2011-03-31": "9.89500", "2010-12-31": 8.535, "2010-09-30": 10.802, "2010-06-30": 9.341, "2010-03-31": "7.12900", "2009-12-31": 16.42, "2009-09-30": -4.692, "2009-06-30": 8.607, "2009-03-31": "9.33700", "2008-12-31": 7.55, "2008-09-30": 7.449, "2008-06-30": 4.738, "2008-03-31": "5.77400", "2007-12-31": 7.875, "2007-09-30": 5.319, "2007-06-30": 5.208, "2007-03-31": "4.46900", "2006-12-31": 21.34, "2006-09-30": 7.238, "2006-06-30": 6.322, "2006-03-31": "5.48400", "2005-12-31": 27.598, "2005-09-30": 0, "2005-06-30": 0, "2005-03-31": ""}, "Common Stock Dividends Paid": {"2020-12-31": 638, "2020-09-30": -217, "2020-06-30": -217, "2020-03-31": "-204.00000", "2019-12-31": -204, "2019-09-30": -200, "2019-06-30": -200, "2019-03-31": "-187.00000", "2018-12-31": -186, "2018-09-30": -185, "2018-06-30": -184, "2018-03-31": "-175.00000", "2017-12-31": -183, "2017-09-30": -183, "2017-06-30": -182, "2017-03-31": "-173.00000", "2016-12-31": -173.183, "2016-09-30": -172.704, "2016-06-30": -172.703, "2016-03-31": "-162.41000", "2015-12-31": -154.783, "2015-09-30": -154.195, "2015-06-30": -153.997, "2015-03-31": "-144.02500", "2014-12-31": -143.825, "2014-09-30": -143.225, "2014-06-30": -142.328, "2014-03-31": "-132.03300", "2013-12-31": -131.894, "2013-09-30": -131.756, "2013-06-30": -125.966, "2013-03-31": "-124.42600", "2012-12-31": -124.189, "2012-09-30": -124.058, "2012-06-30": -119.348, "2012-03-31": "-119.16200", "2011-12-31": -123.39, "2011-09-30": -119.655, "2011-06-30": -116.094, "2011-03-31": "-115.62100", "2010-12-31": -109.923, "2010-09-30": -109.8, "2010-06-30": -106.422, "2010-03-31": "-105.96500", "2009-12-31": -105.602, "2009-09-30": -105.461, "2009-06-30": -102.115, "2009-03-31": "-101.74400", "2008-12-31": -79.125, "2008-09-30": -103.402, "2008-06-30": -100.076, "2008-03-31": "-99.67900", "2007-12-31": -97.643, "2007-09-30": -97.547, "2007-06-30": -92.019, "2007-03-31": "-91.68300", "2006-12-31": -91.518, "2006-09-30": -91.289, "2006-06-30": -88.153, "2006-03-31": "-87.78600", "2005-12-31": -87.679, "2005-09-30": -87.568, "2005-06-30": -83.689, "2005-03-31": "-84.15600"}}, "financial ratios": {"Current Ratio": {"2019-12-31": "0.68150", "2018-12-31": "0.69370", "2017-12-31": "0.72730", "2016-12-31": "0.87530", "2015-12-31": "0.68260", "2014-12-31": "0.82770", "2013-12-31": "0.88060", "2012-12-31": "0.89380", "2011-12-31": "0.83110", "2010-12-31": "1.07730", "2009-12-31": "0.96330", "2008-12-31": "0.98990", "2007-12-31": "0.77100", "2006-12-31": "0.91930", "2005-12-31": "0.85540"}, "Long-term Debt / Capital": {"2019-12-31": "0.56800", "2018-12-31": "0.56390", "2017-12-31": "0.55900", "2016-12-31": "0.56290", "2015-12-31": "0.53910", "2014-12-31": "0.52960", "2013-12-31": "0.53280", "2012-12-31": "0.53340", "2011-12-31": "0.51060", "2010-12-31": "0.53080", "2009-12-31": "0.51640", "2008-12-31": "0.52240", "2007-12-31": "0.49750", "2006-12-31": "0.52130", "2005-12-31": "0.51740"}, "Debt/Equity Ratio": {"2019-12-31": "1.41280", "2018-12-31": "1.41110", "2017-12-31": "1.37850", "2016-12-31": "1.34670", "2015-12-31": "1.31140", "2014-12-31": "1.25090", "2013-12-31": "1.24930", "2012-12-31": "1.24000", "2011-12-31": "1.19400", "2010-12-31": "1.19500", "2009-12-31": "1.20350", "2008-12-31": "1.23720", "2007-12-31": "1.25950", "2006-12-31": "1.25170", "2005-12-31": "1.35980"}, "Gross Margin": {"2019-12-31": "61.24560", "2018-12-31": "58.98410", "2017-12-31": "59.54050", "2016-12-31": "59.60210", "2015-12-31": "57.32950", "2014-12-31": "51.93470", "2013-12-31": "52.95660", "2012-12-31": "55.23460", "2011-12-31": "51.32630", "2010-12-31": "49.53790", "2009-12-31": "48.55990", "2008-12-31": "39.28710", "2007-12-31": "84.33360", "2006-12-31": "83.03810", "2005-12-31": "40.05530"}, "Operating Margin": {"2019-12-31": "18.24960", "2018-12-31": "17.03220", "2017-12-31": "19.49320", "2016-12-31": "20.16750", "2015-12-31": "18.14220", "2014-12-31": "16.67040", "2013-12-31": "16.92690", "2012-12-31": "17.99610", "2011-12-31": "16.72120", "2010-12-31": "15.71120", "2009-12-31": "15.22740", "2008-12-31": "12.41430", "2007-12-31": "13.46470", "2006-12-31": "11.96100", "2005-12-31": "11.35240"}, "EBIT Margin": {"2019-12-31": "18.24960", "2018-12-31": "17.03220", "2017-12-31": "19.49320", "2016-12-31": "20.16750", "2015-12-31": "18.14220", "2014-12-31": "16.67040", "2013-12-31": "16.92690", "2012-12-31": "17.99610", "2011-12-31": "16.72120", "2010-12-31": "15.71120", "2009-12-31": "15.22740", "2008-12-31": "12.41430", "2007-12-31": "13.46470", "2006-12-31": "11.96100", "2005-12-31": "11.35240"}, "EBITDA Margin": {"2019-12-31": "34.76450", "2018-12-31": "32.46940", "2017-12-31": "33.60230", "2016-12-31": "33.09620", "2015-12-31": "29.42670", "2014-12-31": "26.47280", "2013-12-31": "26.95150", "2012-12-31": "28.26190", "2011-12-31": "26.14010", "2010-12-31": "25.13030", "2009-12-31": "24.65550", "2008-12-31": "20.45190", "2007-12-31": "22.22710", "2006-12-31": "21.05470", "2005-12-31": "19.82760"}, "Pre-Tax Profit Margin": {"2019-12-31": "13.01070", "2018-12-31": "12.49890", "2017-12-31": "14.81940", "2016-12-31": "15.34170", "2015-12-31": "13.85160", "2014-12-31": "13.22180", "2013-12-31": "13.12160", "2012-12-31": "13.38270", "2011-12-31": "12.29020", "2010-12-31": "11.52750", "2009-12-31": "10.95820", "2008-12-31": "8.78690", "2007-12-31": "8.67420", "2006-12-31": "7.62270", "2005-12-31": "6.98750"}, "Net Profit Margin": {"2019-12-31": "11.90040", "2018-12-31": "10.93010", "2017-12-31": "10.06660", "2016-12-31": "10.11070", "2015-12-31": "8.92600", "2014-12-31": "8.73950", "2013-12-31": "8.68750", "2012-12-31": "8.93770", "2011-12-31": "7.83100", "2010-12-31": "7.28930", "2009-12-31": "7.01600", "2008-12-31": "5.72440", "2007-12-31": "5.71160", "2006-12-31": "5.76720", "2005-12-31": "5.28530"}, "Asset Turnover": {"2019-12-31": "0.22850", "2018-12-31": "0.25090", "2017-12-31": "0.26500", "2016-12-31": "0.26990", "2015-12-31": "0.28400", "2014-12-31": "0.31620", "2013-12-31": "0.32190", "2012-12-31": "0.32520", "2011-12-31": "0.36120", "2010-12-31": "0.37650", "2009-12-31": "0.38110", "2008-12-31": "0.44890", "2007-12-31": "0.43280", "2006-12-31": "0.44810", "2005-12-31": "0.44760"}, "Inventory Turnover Ratio": {"2019-12-31": "8.21320", "2018-12-31": "8.63500", "2017-12-31": "7.56390", "2016-12-31": "7.42880", "2015-12-31": "7.72940", "2014-12-31": "9.40580", "2013-12-31": "8.90620", "2012-12-31": "8.46560", "2011-12-31": "8.38850", "2010-12-31": "9.27800", "2009-12-31": "8.76190", "2008-12-31": "10.20200", "2007-12-31": "2.95700", "2006-12-31": "3.29740", "2005-12-31": "10.78180"}, "Receiveable Turnover": {"2019-12-31": "13.77420", "2018-12-31": "13.41510", "2017-12-31": "14.30870", "2016-12-31": "14.31310", "2015-12-31": "15.21380", "2014-12-31": "14.13920", "2013-12-31": "14.66740", "2012-12-31": "14.10530", "2011-12-31": "14.14750", "2010-12-31": "14.35120", "2009-12-31": "13.20860", "2008-12-31": "12.43720", "2007-12-31": "10.54480", "2006-12-31": "11.80890", "2005-12-31": "9.51540"}, "Days Sales In Receivables": {"2019-12-31": "26.49880", "2018-12-31": "27.20810", "2017-12-31": "25.50900", "2016-12-31": "25.50100", "2015-12-31": "23.99140", "2014-12-31": "25.81480", "2013-12-31": "24.88510", "2012-12-31": "25.87690", "2011-12-31": "25.79960", "2010-12-31": "25.43350", "2009-12-31": "27.63350", "2008-12-31": "29.34750", "2007-12-31": "34.61440", "2006-12-31": "30.90880", "2005-12-31": "38.35890"}, "ROE - Return On Equity": {"2019-12-31": "10.36330", "2018-12-31": "10.31750", "2017-12-31": "10.02180", "2016-12-31": "10.18960", "2015-12-31": "9.28220", "2014-12-31": "9.99860", "2013-12-31": "9.91260", "2012-12-31": "10.20080", "2011-12-31": "9.91690", "2010-12-31": "9.30230", "2009-12-31": "9.41230", "2008-12-31": "9.27260", "2007-12-31": "9.13980", "2006-12-31": "9.77650", "2005-12-31": "9.24960"}, "Return On Tangible Equity": {"2019-12-31": "10.36330", "2018-12-31": "10.31750", "2017-12-31": "10.02180", "2016-12-31": "10.18960", "2015-12-31": "9.28220", "2014-12-31": "9.99860", "2013-12-31": "9.91260", "2012-12-31": "10.20080", "2011-12-31": "9.91690", "2010-12-31": "9.18310", "2009-12-31": "9.27860", "2008-12-31": "9.13490", "2007-12-31": "8.99000", "2006-12-31": "9.60320", "2005-12-31": "9.07300"}, "ROA - Return On Assets": {"2019-12-31": "2.71960", "2018-12-31": "2.74210", "2017-12-31": "2.66790", "2016-12-31": "2.72870", "2015-12-31": "2.53470", "2014-12-31": "2.76340", "2013-12-31": "2.79650", "2012-12-31": "2.90690", "2011-12-31": "2.85170", "2010-12-31": "2.74560", "2009-12-31": "2.70890", "2008-12-31": "2.58720", "2007-12-31": "2.48400", "2006-12-31": "2.58980", "2005-12-31": "2.32060"}, "ROI - Return On Investment": {"2019-12-31": "4.47690", "2018-12-31": "4.49960", "2017-12-31": "4.41960", "2016-12-31": "4.45350", "2015-12-31": "4.27830", "2014-12-31": "4.70340", "2013-12-31": "4.63080", "2012-12-31": "4.75990", "2011-12-31": "4.85370", "2010-12-31": "4.30880", "2009-12-31": "4.48730", "2008-12-31": "4.36290", "2007-12-31": "4.51750", "2006-12-31": "4.59670", "2005-12-31": "4.37830"}, "Book Value Per Share": {"2019-12-31": "25.23930", "2018-12-31": "23.77650", "2017-12-31": "22.55970", "2016-12-31": "21.72810", "2015-12-31": "20.88700", "2014-12-31": "20.19740", "2013-12-31": "19.20980", "2012-12-31": "18.18610", "2011-12-31": "17.43540", "2010-12-31": "16.97680", "2009-12-31": "16.14880", "2008-12-31": "15.57700", "2007-12-31": "14.93990", "2006-12-31": "14.53930", "2005-12-31": "13.63510"}, "Operating Cash Flow Per Share": {"2019-12-31": 0.1654, "2018-12-31": -0.0319, "2017-12-31": 0.1454, "2016-12-31": 0.0158, "2015-12-31": 0.7048, "2014-12-31": 0.0713, "2013-12-31": 1.0997, "2012-12-31": -0.8491, "2011-12-31": 0.8665, "2010-12-31": -0.0974, "2009-12-31": 0.3648, "2008-12-31": 0.0529, "2007-12-31": -0.7117, "2006-12-31": 1.6977, "2005-12-31": 2.7808}, "Free Cash Flow Per Share": {"2019-12-31": -0.2159, "2018-12-31": -1.4023, "2017-12-31": 0.0491, "2016-12-31": 0.9888, "2015-12-31": -0.1979, "2014-12-31": 0.4874, "2013-12-31": -0.4015, "2012-12-31": -1.5695, "2011-12-31": 0.9177, "2010-12-31": -0.8019, "2009-12-31": 1.2603, "2008-12-31": 0.11, "2007-12-31": -1.8216, "2006-12-31": 1.021, "2005-12-31": -0.2737}}, "financial ratios, quarterly": {"Current Ratio": {"2020-09-30": "0.87340", "2020-06-30": "0.80210", "2020-03-31": "0.51090", "2019-12-31": "0.68150", "2019-09-30": "0.71700", "2019-06-30": "0.58080", "2019-03-31": "0.65750", "2018-12-31": "0.69370", "2018-09-30": "0.78240", "2018-06-30": "0.73150", "2018-03-31": "0.67490", "2017-12-31": "0.72730", "2017-09-30": "0.86780", "2017-06-30": "0.74690", "2017-03-31": "0.71010", "2016-12-31": "0.87530", "2016-09-30": "0.89060", "2016-06-30": "0.77120", "2016-03-31": "0.85700", "2015-12-31": "0.68260", "2015-09-30": "1.08410", "2015-06-30": "0.86190", "2015-03-31": "0.81000", "2014-12-31": "0.82770", "2014-09-30": "0.92100", "2014-06-30": "1.02090", "2014-03-31": "0.90240", "2013-12-31": "0.88060", "2013-09-30": "1.09920", "2013-06-30": "1.04500", "2013-03-31": "1.07050", "2012-12-31": "0.89380", "2012-09-30": "1.06650", "2012-06-30": "0.66830", "2012-03-31": "0.68580", "2011-12-31": "0.83110", "2011-09-30": "1.07850", "2011-06-30": "0.93940", "2011-03-31": "1.01180", "2010-12-31": "1.07730", "2010-09-30": "1.15000", "2010-06-30": "0.96520", "2010-03-31": "0.84940", "2009-12-31": "0.96330", "2009-09-30": "1.00180", "2009-06-30": "1.00290", "2009-03-31": "0.91450", "2008-12-31": "0.98990", "2008-09-30": "1.00240", "2008-06-30": "0.83730", "2008-03-31": "0.91700", "2007-12-31": "0.77100", "2007-09-30": "1.07030", "2007-06-30": "0.87190", "2007-03-31": "0.86320", "2006-12-31": "0.91930", "2006-09-30": "1.11570", "2006-06-30": "0.96650", "2006-03-31": "0.77970", "2005-12-31": "0.85540", "2005-09-30": "1.13640", "2005-06-30": "1.13230", "2005-03-31": "1.21470"}, "Long-term Debt / Capital": {"2020-09-30": "0.59160", "2020-06-30": "0.59250", "2020-03-31": "0.56120", "2019-12-31": "0.56800", "2019-09-30": "0.56140", "2019-06-30": "0.56400", "2019-03-31": "0.56660", "2018-12-31": "0.56390", "2018-09-30": "0.56040", "2018-06-30": "0.56790", "2018-03-31": "0.55680", "2017-12-31": "0.55900", "2017-09-30": "0.56020", "2017-06-30": "0.55890", "2017-03-31": "0.55300", "2016-12-31": "0.56290", "2016-09-30": "0.54950", "2016-06-30": "0.55040", "2016-03-31": "0.55200", "2015-12-31": "0.53910", "2015-09-30": "0.54620", "2015-06-30": "0.53670", "2015-03-31": "0.52960", "2014-12-31": "0.52960", "2014-09-30": "0.53110", "2014-06-30": "0.54230", "2014-03-31": "0.53480", "2013-12-31": "0.53280", "2013-09-30": "0.53340", "2013-06-30": "0.53770", "2013-03-31": "0.53760", "2012-12-31": "0.53340", "2012-09-30": "0.53310", "2012-06-30": "0.50380", "2012-03-31": "0.50180", "2011-12-31": "0.51060", "2011-09-30": "0.52540", "2011-06-30": "0.52620", "2011-03-31": "0.52790", "2010-12-31": "0.53080", "2010-09-30": "0.53480", "2010-06-30": "0.52870", "2010-03-31": "0.51310", "2009-12-31": "0.51640", "2009-09-30": "0.52130", "2009-06-30": "0.52880", "2009-03-31": "0.51730", "2008-12-31": "0.52240", "2008-09-30": "0.51840", "2008-06-30": "0.52420", "2008-03-31": "0.52490", "2007-12-31": "0.49750", "2007-09-30": "0.53650", "2007-06-30": "0.52020", "2007-03-31": "0.51930", "2006-12-31": "0.52130", "2006-09-30": "0.53590", "2006-06-30": "0.52420", "2006-03-31": "0.49650", "2005-12-31": "0.51740", "2005-09-30": "0.52900", "2005-06-30": "0.54370", "2005-03-31": "0.54660"}, "Debt/Equity Ratio": {"2020-09-30": "1.51420", "2020-06-30": "1.64170", "2020-03-31": "1.49430", "2019-12-31": "1.41280", "2019-09-30": "1.41580", "2019-06-30": "1.46740", "2019-03-31": "1.40900", "2018-12-31": "1.41110", "2018-09-30": "1.35640", "2018-06-30": "1.44630", "2018-03-31": "1.38430", "2017-12-31": "1.37850", "2017-09-30": "1.34560", "2017-06-30": "1.38280", "2017-03-31": "1.36010", "2016-12-31": "1.34670", "2016-09-30": "1.31760", "2016-06-30": "1.33250", "2016-03-31": "1.31080", "2015-12-31": "1.31140", "2015-09-30": "1.25300", "2015-06-30": "1.27120", "2015-03-31": "1.24580", "2014-12-31": "1.25090", "2014-09-30": "1.22670", "2014-06-30": "1.26380", "2014-03-31": "1.25700", "2013-12-31": "1.24930", "2013-09-30": "1.20420", "2013-06-30": "1.23140", "2013-03-31": "1.20960", "2012-12-31": "1.24000", "2012-09-30": "1.27340", "2012-06-30": "1.22460", "2012-03-31": "1.20020", "2011-12-31": "1.19400", "2011-09-30": "1.16710", "2011-06-30": "1.19590", "2011-03-31": "1.18870", "2010-12-31": "1.19500", "2010-09-30": "1.20860", "2010-06-30": "1.21180", "2010-03-31": "1.18930", "2009-12-31": "1.20350", "2009-09-30": "1.18200", "2009-06-30": "1.23760", "2009-03-31": "1.19700", "2008-12-31": "1.23720", "2008-09-30": "1.25760", "2008-06-30": "1.32010", "2008-03-31": "1.27810", "2007-12-31": "1.25950", "2007-09-30": "1.27340", "2007-06-30": "1.23450", "2007-03-31": "1.24270", "2006-12-31": "1.25170", "2006-09-30": "1.24300", "2006-06-30": "1.26960", "2006-03-31": "1.26790", "2005-12-31": "1.35980", "2005-09-30": "1.27800", "2005-06-30": "1.31020", "2005-03-31": "1.28470"}, "Gross Margin": {"2020-09-30": "67.12760", "2020-06-30": "64.15310", "2020-03-31": "61.18820", "2019-12-31": "60.18590", "2019-09-30": "66.27950", "2019-06-30": "63.71750", "2019-03-31": "55.33270", "2018-12-31": "56.14580", "2018-09-30": "63.68110", "2018-06-30": "60.60950", "2018-03-31": "55.43880", "2017-12-31": "57.22460", "2017-09-30": "64.26910", "2017-06-30": "60.64270", "2017-03-31": "55.90630", "2016-12-31": "55.74040", "2016-09-30": "63.37420", "2016-06-30": "61.82290", "2016-03-31": "57.35580", "2015-12-31": "56.79520", "2015-09-30": "62.46530", "2015-06-30": "58.66880", "2015-03-31": "51.63920", "2014-12-31": "49.81880", "2014-09-30": "58.63100", "2014-06-30": "53.07930", "2014-03-31": "46.90950", "2013-12-31": "49.68930", "2013-09-30": "58.17900", "2013-06-30": "53.17060", "2013-03-31": "50.66820", "2012-12-31": "51.75420", "2012-09-30": "60.95130", "2012-06-30": "58.23230", "2012-03-31": "49.99260", "2011-12-31": "49.42650", "2011-09-30": "56.04910", "2011-06-30": "52.45060", "2011-03-31": "47.33760", "2010-12-31": "48.50320", "2010-09-30": "54.87650", "2010-06-30": "51.56550", "2010-03-31": "43.81820", "2009-12-31": "9.94390", "2009-09-30": "54.26110", "2009-06-30": "53.00410", "2009-03-31": "77.84750", "2008-12-31": "40.26030", "2008-09-30": "41.28840", "2008-06-30": "39.08140", "2008-03-31": "36.71020", "2007-12-31": "200.07240", "2007-09-30": "50.18570", "2007-06-30": "44.63990", "2007-03-31": "37.53300", "2006-12-31": "205.82840", "2006-09-30": "46.01960", "2006-06-30": "45.77910", "2006-03-31": "35.82810", "2005-12-31": "33.11350", "2005-09-30": "45.21760", "2005-06-30": "44.30400", "2005-03-31": "39.82710"}, "Operating Margin": {"2020-09-30": "25.55000", "2020-06-30": "16.31860", "2020-03-31": "16.18640", "2019-12-31": "16.08290", "2019-09-30": "25.15770", "2019-06-30": "15.91000", "2019-03-31": "15.47280", "2018-12-31": "11.77080", "2018-09-30": "22.83460", "2018-06-30": "16.93000", "2018-03-31": "16.26570", "2017-12-31": "15.77250", "2017-09-30": "27.31190", "2017-06-30": "17.61820", "2017-03-31": "16.70060", "2016-12-31": "17.58650", "2016-09-30": "27.20440", "2016-06-30": "17.26430", "2016-03-31": "17.67030", "2015-12-31": "16.65190", "2015-09-30": "27.08470", "2015-06-30": "16.81200", "2015-03-31": "11.84400", "2014-12-31": "13.35950", "2014-09-30": "23.19600", "2014-06-30": "14.79310", "2014-03-31": "15.42470", "2013-12-31": "11.92250", "2013-09-30": "23.56600", "2013-06-30": "15.59710", "2013-03-31": "16.33660", "2012-12-31": "12.40220", "2012-09-30": "26.44430", "2012-06-30": "17.83510", "2012-03-31": "14.74590", "2011-12-31": "13.39360", "2011-09-30": "23.00810", "2011-06-30": "14.74200", "2011-03-31": "15.14850", "2010-12-31": "12.55860", "2010-09-30": "21.63090", "2010-06-30": "14.09610", "2010-03-31": "14.37830", "2009-12-31": "13.49280", "2009-09-30": "20.09660", "2009-06-30": "13.85700", "2009-03-31": "13.75590", "2008-12-31": "13.03180", "2008-09-30": "15.70980", "2008-06-30": "9.93440", "2008-03-31": "10.90080", "2007-12-31": "11.09950", "2007-09-30": "20.61860", "2007-06-30": "12.75340", "2007-03-31": "10.06380", "2006-12-31": "9.21470", "2006-09-30": "17.05270", "2006-06-30": "10.88320", "2006-03-31": "10.82890", "2005-12-31": "8.69190", "2005-09-30": "15.95390", "2005-06-30": "9.79790", "2005-03-31": "11.50450"}, "EBIT Margin": {"2020-09-30": "25.55000", "2020-06-30": "16.31860", "2020-03-31": "16.18640", "2019-12-31": "16.08290", "2019-09-30": "25.15770", "2019-06-30": "15.91000", "2019-03-31": "15.47280", "2018-12-31": "11.77080", "2018-09-30": "22.83460", "2018-06-30": "16.93000", "2018-03-31": "16.26570", "2017-12-31": "15.77250", "2017-09-30": "27.31190", "2017-06-30": "17.61820", "2017-03-31": "16.70060", "2016-12-31": "17.58650", "2016-09-30": "27.20440", "2016-06-30": "17.26430", "2016-03-31": "17.67030", "2015-12-31": "16.65190", "2015-09-30": "27.08470", "2015-06-30": "16.81200", "2015-03-31": "11.84400", "2014-12-31": "13.35950", "2014-09-30": "23.19600", "2014-06-30": "14.79310", "2014-03-31": "15.42470", "2013-12-31": "11.92250", "2013-09-30": "23.56600", "2013-06-30": "15.59710", "2013-03-31": "16.33660", "2012-12-31": "12.40220", "2012-09-30": "26.44430", "2012-06-30": "17.83510", "2012-03-31": "14.74590", "2011-12-31": "13.39350", "2011-09-30": "23.00810", "2011-06-30": "14.74200", "2011-03-31": "15.14850", "2010-12-31": "12.55860", "2010-09-30": "21.63090", "2010-06-30": "14.09610", "2010-03-31": "14.37830", "2009-12-31": "13.49290", "2009-09-30": "20.09660", "2009-06-30": "13.85700", "2009-03-31": "13.75590", "2008-12-31": "13.03180", "2008-09-30": "15.70980", "2008-06-30": "9.93440", "2008-03-31": "10.90080", "2007-12-31": "11.09950", "2007-09-30": "20.61860", "2007-06-30": "12.75340", "2007-03-31": "10.06380", "2006-12-31": "9.21470", "2006-09-30": "17.05270", "2006-06-30": "10.88320", "2006-03-31": "10.82890", "2005-12-31": "8.69190", "2005-09-30": "15.95390", "2005-06-30": "9.79790", "2005-03-31": "11.50450"}, "EBITDA Margin": {"2020-09-30": "", "2020-06-30": "", "2020-03-31": "", "2019-12-31": "", "2019-09-30": "", "2019-06-30": "", "2019-03-31": "", "2018-12-31": "", "2018-09-30": "", "2018-06-30": "", "2018-03-31": "", "2017-12-31": "", "2017-09-30": "", "2017-06-30": "", "2017-03-31": "", "2016-12-31": "", "2016-09-30": "", "2016-06-30": "", "2016-03-31": "", "2015-12-31": "", "2015-09-30": "", "2015-06-30": "", "2015-03-31": "", "2014-12-31": "", "2014-09-30": "", "2014-06-30": "", "2014-03-31": "", "2013-12-31": "", "2013-09-30": "", "2013-06-30": "", "2013-03-31": "", "2012-12-31": "", "2012-09-30": "", "2012-06-30": "", "2012-03-31": "", "2011-12-31": "", "2011-09-30": "", "2011-06-30": "", "2011-03-31": "", "2010-12-31": "", "2010-09-30": "", "2010-06-30": "", "2010-03-31": "", "2009-12-31": "", "2009-09-30": "", "2009-06-30": "", "2009-03-31": "", "2008-12-31": "", "2008-09-30": "", "2008-06-30": "", "2008-03-31": "", "2007-12-31": "", "2007-09-30": "", "2007-06-30": "", "2007-03-31": "", "2006-12-31": "", "2006-09-30": "", "2006-06-30": "", "2006-03-31": "", "2005-12-31": "", "2005-09-30": "", "2005-06-30": "", "2005-03-31": ""}, "Pre-Tax Profit Margin": {"2020-09-30": "20.30170", "2020-06-30": "10.59550", "2020-03-31": "10.28100", "2019-12-31": "10.68620", "2019-09-30": "19.88050", "2019-06-30": "10.16690", "2019-03-31": "10.82460", "2018-12-31": "7.25690", "2018-09-30": "18.50390", "2018-06-30": "12.00150", "2018-03-31": "11.86040", "2017-12-31": "11.01570", "2017-09-30": "23.10240", "2017-06-30": "12.43860", "2017-03-31": "12.08420", "2016-12-31": "12.04550", "2016-09-30": "22.90040", "2016-06-30": "12.04840", "2016-03-31": "13.34510", "2015-12-31": "12.06090", "2015-09-30": "22.93760", "2015-06-30": "12.19860", "2015-03-31": "7.95510", "2014-12-31": "9.70270", "2014-09-30": "19.67210", "2014-06-30": "11.15130", "2014-03-31": "12.39590", "2013-12-31": "8.17900", "2013-09-30": "19.77440", "2013-06-30": "11.46800", "2013-03-31": "12.75690", "2012-12-31": "8.24260", "2012-09-30": "22.06010", "2012-06-30": "12.52390", "2012-03-31": "10.05730", "2011-12-31": "8.53510", "2011-09-30": "18.77380", "2011-06-30": "9.97460", "2011-03-31": "11.20060", "2010-12-31": "8.10980", "2010-09-30": "18.20950", "2010-06-30": "9.20770", "2010-03-31": "10.30250", "2009-12-31": "9.99120", "2009-09-30": "15.44150", "2009-06-30": "8.67570", "2009-03-31": "9.75470", "2008-12-31": "9.25670", "2008-09-30": "12.05950", "2008-06-30": "6.11000", "2008-03-31": "7.59700", "2007-12-31": "7.27900", "2007-09-30": "15.65460", "2007-06-30": "6.12020", "2007-03-31": "6.02180", "2006-12-31": "4.45330", "2006-09-30": "12.92800", "2006-06-30": "6.04290", "2006-03-31": "7.03400", "2005-12-31": "4.93790", "2005-09-30": "11.30520", "2005-06-30": "4.95920", "2005-03-31": "7.08290"}, "Net Profit Margin": {"2020-09-30": "18.95040", "2020-06-30": "11.09820", "2020-03-31": "10.49450", "2019-12-31": "10.43600", "2019-09-30": "17.49090", "2019-06-30": "9.23550", "2019-03-31": "10.02870", "2018-12-31": "7.43060", "2018-09-30": "16.10890", "2018-06-30": "9.96990", "2018-03-31": "9.86110", "2017-12-31": "6.79540", "2017-09-30": "16.30760", "2017-06-30": "8.58220", "2017-03-31": "8.11270", "2016-12-31": "8.12590", "2016-09-30": "15.05830", "2016-06-30": "7.87230", "2016-03-31": "8.70450", "2015-12-31": "7.88330", "2015-09-30": "14.69900", "2015-06-30": "7.82980", "2015-03-31": "5.13350", "2014-12-31": "6.70410", "2014-09-30": "12.84340", "2014-06-30": "7.26840", "2014-03-31": "8.15650", "2013-12-31": "5.49490", "2013-09-30": "12.92380", "2013-06-30": "7.63330", "2013-03-31": "8.50100", "2012-12-31": "5.49440", "2012-09-30": "14.61290", "2012-06-30": "8.04780", "2012-03-31": "7.13290", "2011-12-31": "5.47070", "2011-09-30": "11.78340", "2011-06-30": "6.46790", "2011-03-31": "7.19000", "2010-12-31": "5.28150", "2010-09-30": "11.83990", "2010-06-30": "6.01080", "2010-03-31": "5.91490", "2009-12-31": "6.41010", "2009-09-30": "9.49500", "2009-06-30": "5.75610", "2009-03-31": "6.41830", "2008-12-31": "6.02070", "2008-09-30": "7.77540", "2008-06-30": "3.99580", "2008-03-31": "5.02110", "2007-12-31": "5.10840", "2007-09-30": "10.57320", "2007-06-30": "2.98670", "2007-03-31": "4.29330", "2006-12-31": "3.91850", "2006-09-30": "9.26370", "2006-06-30": "4.68760", "2006-03-31": "5.20200", "2005-12-31": "3.84810", "2005-09-30": "8.52790", "2005-06-30": "3.98950", "2005-03-31": "5.03730"}, "Asset Turnover": {"2020-09-30": "0.05920", "2020-06-30": "0.04840", "2020-03-31": "0.05500", "2019-12-31": "0.05550", "2019-09-30": "0.06000", "2019-06-30": "0.05300", "2019-03-31": "0.06560", "2018-12-31": "0.06260", "2018-09-30": "0.06800", "2018-06-30": "0.06010", "2018-03-31": "0.06840", "2017-12-31": "0.06500", "2017-09-30": "0.07100", "2017-06-30": "0.06320", "2017-03-31": "0.07140", "2016-12-31": "0.06790", "2016-09-30": "0.07540", "2016-06-30": "0.06330", "2016-03-31": "0.07100", "2015-12-31": "0.06810", "2015-09-30": "0.07630", "2015-06-30": "0.06750", "2015-03-31": "0.08030", "2014-12-31": "0.07920", "2014-09-30": "0.08120", "2014-06-30": "0.07730", "2014-03-31": "0.09360", "2013-12-31": "0.08050", "2013-09-30": "0.08520", "2013-06-30": "0.07990", "2013-03-31": "0.08810", "2012-12-31": "0.08190", "2012-09-30": "0.08770", "2012-06-30": "0.07630", "2012-03-31": "0.08750", "2011-12-31": "0.08710", "2011-09-30": "0.09920", "2011-06-30": "0.08710", "2011-03-31": "0.10250", "2010-12-31": "0.09370", "2010-09-30": "0.09990", "2010-06-30": "0.09030", "2010-03-31": "0.11080", "2009-12-31": "0.10350", "2009-09-30": "0.09230", "2009-06-30": "0.08070", "2009-03-31": "0.10940", "2008-12-31": "0.10850", "2008-09-30": "0.11640", "2008-06-30": "0.11030", "2008-03-31": "0.12960", "2007-12-31": "0.11230", "2007-09-30": "0.10520", "2007-06-30": "0.10170", "2007-03-31": "0.12570", "2006-12-31": "0.11230", "2006-09-30": "0.11360", "2006-06-30": "0.09760", "2006-03-31": "0.13660", "2005-12-31": "0.13410", "2005-09-30": "0.10610", "2005-06-30": "0.10080", "2005-03-31": "0.11780"}, "Inventory Turnover Ratio": {"2020-09-30": "2.04300", "2020-06-30": "1.90350", "2020-03-31": "2.23570", "2019-12-31": "2.04780", "2019-09-30": "1.86760", "2019-06-30": "1.93580", "2019-03-31": "3.15280", "2018-12-31": "2.30470", "2018-09-30": "2.09660", "2018-06-30": "2.04890", "2018-03-31": "2.67280", "2017-12-31": "1.96070", "2017-09-30": "1.74810", "2017-06-30": "1.92050", "2017-03-31": "2.50250", "2016-12-31": "2.04790", "2016-09-30": "1.81080", "2016-06-30": "1.81170", "2016-03-31": "2.27330", "2015-12-31": "1.87800", "2015-09-30": "1.68850", "2015-06-30": "1.95140", "2015-03-31": "2.83550", "2014-12-31": "2.46090", "2014-09-30": "1.87180", "2014-06-30": "2.51330", "2014-03-31": "3.89760", "2013-12-31": "2.38300", "2013-09-30": "1.95220", "2013-06-30": "2.44030", "2013-03-31": "3.06630", "2012-12-31": "2.29810", "2012-09-30": "1.89050", "2012-06-30": "2.00800", "2012-03-31": "2.71780", "2011-12-31": "2.10100", "2011-09-30": "2.04690", "2011-06-30": "2.39160", "2011-03-31": "3.35420", "2010-12-31": "2.35710", "2010-09-30": "2.00460", "2010-06-30": "2.40700", "2010-03-31": "3.48630", "2009-12-31": "4.16420", "2009-09-30": "1.90770", "2009-06-30": "2.17550", "2009-03-31": "1.32460", "2008-12-31": "2.42610", "2008-09-30": "2.30190", "2008-06-30": "3.15460", "2008-03-31": "4.50840", "2007-12-31": "-4.90040", "2007-09-30": "2.24990", "2007-06-30": "3.06810", "2007-03-31": "4.45270", "2006-12-31": "-5.15720", "2006-09-30": "2.40280", "2006-06-30": "2.84300", "2006-03-31": "4.84620", "2005-12-31": "3.60550", "2005-09-30": "2.48150", "2005-06-30": "3.45440", "2005-03-31": "4.47470"}, "Receiveable Turnover": {"2020-09-30": "3.53950", "2020-06-30": "3.23650", "2020-03-31": "3.35040", "2019-12-31": "3.34290", "2019-09-30": "3.66990", "2019-06-30": "3.49660", "2019-03-31": "3.22480", "2018-12-31": "3.34880", "2018-09-30": "3.56070", "2018-06-30": "3.28960", "2018-03-31": "3.39980", "2017-12-31": "3.50820", "2017-09-30": "3.73570", "2017-06-30": "3.48310", "2017-03-31": "3.77090", "2016-12-31": "3.60150", "2016-09-30": "4.03070", "2016-06-30": "3.62530", "2016-03-31": "3.80080", "2015-12-31": "3.65070", "2015-09-30": "3.91420", "2015-06-30": "3.71940", "2015-03-31": "3.58280", "2014-12-31": "3.54340", "2014-09-30": "3.77500", "2014-06-30": "3.61520", "2014-03-31": "3.61840", "2013-12-31": "3.66970", "2013-09-30": "3.58680", "2013-06-30": "3.58650", "2013-03-31": "3.52610", "2012-12-31": "3.55290", "2012-09-30": "3.86660", "2012-06-30": "3.52520", "2012-03-31": "3.58990", "2011-12-31": "3.41040", "2011-09-30": "3.76480", "2011-06-30": "3.58790", "2011-03-31": "3.67970", "2010-12-31": "3.57280", "2010-09-30": "3.73430", "2010-06-30": "3.48360", "2010-03-31": "3.75300", "2009-12-31": "3.58570", "2009-09-30": "3.64180", "2009-06-30": "2.79460", "2009-03-31": "3.42680", "2008-12-31": "3.00580", "2008-09-30": "3.46330", "2008-06-30": "3.02260", "2008-03-31": "3.14310", "2007-12-31": "2.73570", "2007-09-30": "3.19940", "2007-06-30": "2.80590", "2007-03-31": "3.00100", "2006-12-31": "2.96020", "2006-09-30": "3.24390", "2006-06-30": "2.69820", "2006-03-31": "3.06620", "2005-12-31": "2.85180", "2005-09-30": "2.64430", "2005-06-30": "2.66560", "2005-03-31": "3.06260"}, "Days Sales In Receivables": {"2020-09-30": "25.42740", "2020-06-30": "27.80740", "2020-03-31": "26.86230", "2019-12-31": "26.92280", "2019-09-30": "24.52370", "2019-06-30": "25.73920", "2019-03-31": "27.90830", "2018-12-31": "26.87500", "2018-09-30": "25.27560", "2018-06-30": "27.35890", "2018-03-31": "26.47240", "2017-12-31": "25.65450", "2017-09-30": "24.09210", "2017-06-30": "25.83900", "2017-03-31": "23.86710", "2016-12-31": "24.98990", "2016-09-30": "22.32860", "2016-06-30": "24.82580", "2016-03-31": "23.67900", "2015-12-31": "24.65270", "2015-09-30": "22.99330", "2015-06-30": "24.19760", "2015-03-31": "25.12030", "2014-12-31": "25.39950", "2014-09-30": "23.84100", "2014-06-30": "24.89510", "2014-03-31": "24.87310", "2013-12-31": "24.52540", "2013-09-30": "25.09220", "2013-06-30": "25.09440", "2013-03-31": "25.52380", "2012-12-31": "25.33150", "2012-09-30": "23.27620", "2012-06-30": "25.53070", "2012-03-31": "25.07020", "2011-12-31": "26.39020", "2011-09-30": "23.90560", "2011-06-30": "25.08400", "2011-03-31": "24.45830", "2010-12-31": "25.19060", "2010-09-30": "24.10100", "2010-06-30": "25.83520", "2010-03-31": "23.98080", "2009-12-31": "25.09960", "2009-09-30": "24.71340", "2009-06-30": "32.20450", "2009-03-31": "26.26330", "2008-12-31": "29.94200", "2008-09-30": "25.98660", "2008-06-30": "29.77550", "2008-03-31": "28.63410", "2007-12-31": "32.89860", "2007-09-30": "28.13000", "2007-06-30": "32.07510", "2007-03-31": "29.99020", "2006-12-31": "30.40310", "2006-09-30": "27.74410", "2006-06-30": "33.35530", "2006-03-31": "29.35230", "2005-12-31": "31.55930", "2005-09-30": "34.03500", "2005-06-30": "33.76380", "2005-03-31": "29.38670"}, "ROE - Return On Equity": {"2020-09-30": "4.37690", "2020-06-30": "2.14420", "2020-03-31": "2.21770", "2019-12-31": "2.20560", "2019-09-30": "4.01030", "2019-06-30": "1.92460", "2019-03-31": "2.55500", "2018-12-31": "1.75090", "2018-09-30": "4.03620", "2018-06-30": "2.27470", "2018-03-31": "2.51710", "2017-12-31": "1.65870", "2017-09-30": "4.30090", "2017-06-30": "2.04080", "2017-03-31": "2.15900", "2016-12-31": "2.06060", "2016-09-30": "4.16630", "2016-06-30": "1.83870", "2016-03-31": "2.26120", "2015-12-31": "1.96720", "2015-09-30": "4.04430", "2015-06-30": "1.91770", "2015-03-31": "1.48870", "2014-12-31": "1.92220", "2014-09-30": "3.62970", "2014-06-30": "1.96720", "2014-03-31": "2.67990", "2013-12-31": "1.56860", "2013-09-30": "3.82050", "2013-06-30": "2.11670", "2013-03-31": "2.58400", "2012-12-31": "1.58030", "2012-09-30": "4.49880", "2012-06-30": "2.13540", "2012-03-31": "2.15240", "2011-12-31": "1.65920", "2011-09-30": "4.01240", "2011-06-30": "1.92690", "2011-03-31": "2.48690", "2010-12-31": "1.68870", "2010-09-30": "4.10860", "2010-06-30": "1.83480", "2010-03-31": "2.27490", "2009-12-31": "2.34580", "2009-09-30": "3.08420", "2009-06-30": "1.65490", "2009-03-31": "2.49420", "2008-12-31": "2.34870", "2008-09-30": "3.25180", "2008-06-30": "1.65460", "2008-03-31": "2.42240", "2007-12-31": "2.14200", "2007-09-30": "4.13410", "2007-06-30": "1.12920", "2007-03-31": "2.01960", "2006-12-31": "1.83830", "2006-09-30": "3.76040", "2006-06-30": "1.76570", "2006-03-31": "2.71470", "2005-12-31": "1.83650", "2005-09-30": "3.67820", "2005-06-30": "1.48030", "2005-03-31": "2.36310"}, "Return On Tangible Equity": {"2020-09-30": "4.37690", "2020-06-30": "2.14420", "2020-03-31": "2.21770", "2019-12-31": "2.20560", "2019-09-30": "4.01030", "2019-06-30": "1.92460", "2019-03-31": "2.55500", "2018-12-31": "1.75090", "2018-09-30": "4.03620", "2018-06-30": "2.27470", "2018-03-31": "2.51710", "2017-12-31": "1.65870", "2017-09-30": "4.30090", "2017-06-30": "2.04080", "2017-03-31": "2.15900", "2016-12-31": "2.06060", "2016-09-30": "4.16630", "2016-06-30": "1.83870", "2016-03-31": "2.26120", "2015-12-31": "1.96720", "2015-09-30": "4.04430", "2015-06-30": "1.91770", "2015-03-31": "1.48870", "2014-12-31": "1.92220", "2014-09-30": "3.62970", "2014-06-30": "1.96720", "2014-03-31": "2.67990", "2013-12-31": "1.56860", "2013-09-30": "3.82050", "2013-06-30": "2.11670", "2013-03-31": "2.58400", "2012-12-31": "1.58030", "2012-09-30": "4.49880", "2012-06-30": "2.13540", "2012-03-31": "2.15240", "2011-12-31": "1.65920", "2011-09-30": "3.96300", "2011-06-30": "1.90260", "2011-03-31": "2.45540", "2010-12-31": "1.66700", "2010-09-30": "4.05270", "2010-06-30": "1.80910", "2010-03-31": "2.24290", "2009-12-31": "2.31250", "2009-09-30": "3.03990", "2009-06-30": "1.63070", "2009-03-31": "2.45760", "2008-12-31": "2.31380", "2008-09-30": "3.20270", "2008-06-30": "1.62780", "2008-03-31": "2.38310", "2007-12-31": "2.10690", "2007-09-30": "4.06480", "2007-06-30": "1.10980", "2007-03-31": "1.98410", "2006-12-31": "1.80570", "2006-09-30": "3.69220", "2006-06-30": "1.73300", "2006-03-31": "2.66400", "2005-12-31": "1.80140", "2005-09-30": "3.60780", "2005-06-30": "1.45120", "2005-03-31": "2.31690"}, "ROA - Return On Assets": {"2020-09-30": "1.12270", "2020-06-30": "0.53690", "2020-03-31": "0.57690", "2019-12-31": "0.57880", "2019-09-30": "1.04900", "2019-06-30": "0.48990", "2019-03-31": "0.65830", "2018-12-31": "0.46530", "2018-09-30": "1.09510", "2018-06-30": "0.59900", "2018-03-31": "0.67430", "2017-12-31": "0.44160", "2017-09-30": "1.15850", "2017-06-30": "0.54230", "2017-03-31": "0.57890", "2016-12-31": "0.55180", "2016-09-30": "1.13530", "2016-06-30": "0.49830", "2016-03-31": "0.61760", "2015-12-31": "0.53720", "2015-09-30": "1.12140", "2015-06-30": "0.52840", "2015-03-31": "0.41230", "2014-12-31": "0.53130", "2014-09-30": "1.04230", "2014-06-30": "0.56210", "2014-03-31": "0.76380", "2013-12-31": "0.44250", "2013-09-30": "1.10110", "2013-06-30": "0.61010", "2013-03-31": "0.74890", "2012-12-31": "0.45030", "2012-09-30": "1.28200", "2012-06-30": "0.61390", "2012-03-31": "0.62390", "2011-12-31": "0.47710", "2011-09-30": "1.18540", "2011-06-30": "0.56660", "2011-03-31": "0.74080", "2010-12-31": "0.49840", "2010-09-30": "1.18810", "2010-06-30": "0.53050", "2010-03-31": "0.66050", "2009-12-31": "0.67510", "2009-09-30": "0.88430", "2009-06-30": "0.46850", "2009-03-31": "0.71390", "2008-12-31": "0.65530", "2008-09-30": "0.90890", "2008-06-30": "0.44470", "2008-03-31": "0.65930", "2007-12-31": "0.58220", "2007-09-30": "1.11600", "2007-06-30": "0.30370", "2007-03-31": "0.53920", "2006-12-31": "0.48700", "2006-09-30": "1.00770", "2006-06-30": "0.46140", "2006-03-31": "0.70860", "2005-12-31": "0.46070", "2005-09-30": "0.91840", "2005-06-30": "0.37940", "2005-03-31": "0.61310"}, "ROI - Return On Investment": {"2020-09-30": "1.78740", "2020-06-30": "0.87370", "2020-03-31": "0.97320", "2019-12-31": "0.95280", "2019-09-30": "1.75900", "2019-06-30": "0.83920", "2019-03-31": "1.10730", "2018-12-31": "0.76360", "2018-09-30": "1.77430", "2018-06-30": "0.98290", "2018-03-31": "1.11570", "2017-12-31": "0.73150", "2017-09-30": "1.89140", "2017-06-30": "0.90030", "2017-03-31": "0.96500", "2016-12-31": "0.90060", "2016-09-30": "1.87690", "2016-06-30": "0.82660", "2016-03-31": "1.01310", "2015-12-31": "0.90670", "2015-09-30": "1.83540", "2015-06-30": "0.88850", "2015-03-31": "0.70030", "2014-12-31": "0.90420", "2014-09-30": "1.70200", "2014-06-30": "0.90050", "2014-03-31": "1.24670", "2013-12-31": "0.73280", "2013-09-30": "1.78260", "2013-06-30": "0.97860", "2013-03-31": "1.19500", "2012-12-31": "0.73740", "2012-09-30": "2.10040", "2012-06-30": "1.05950", "2012-03-31": "1.07240", "2011-12-31": "0.81210", "2011-09-30": "1.88080", "2011-06-30": "0.90140", "2011-03-31": "1.15930", "2010-12-31": "0.78220", "2010-09-30": "1.88530", "2010-06-30": "0.85260", "2010-03-31": "1.09200", "2009-12-31": "1.11840", "2009-09-30": "1.45520", "2009-06-30": "0.76840", "2009-03-31": "1.18630", "2008-12-31": "1.10510", "2008-09-30": "1.54230", "2008-06-30": "0.77450", "2008-03-31": "1.13220", "2007-12-31": "1.05870", "2007-09-30": "1.88410", "2007-06-30": "0.53240", "2007-03-31": "0.95380", "2006-12-31": "0.86430", "2006-09-30": "1.71350", "2006-06-30": "0.82450", "2006-03-31": "1.34140", "2005-12-31": "0.86930", "2005-09-30": "1.69920", "2005-06-30": "0.66220", "2005-03-31": "1.05050"}, "Book Value Per Share": {"2020-09-30": "26.21930", "2020-06-30": "25.48530", "2020-03-31": "25.33550", "2019-12-31": "25.23930", "2019-09-30": "25.05990", "2019-06-30": "24.01800", "2019-03-31": "23.95530", "2018-12-31": "23.77650", "2018-09-30": "23.69960", "2018-06-30": "22.89260", "2018-03-31": "22.72830", "2017-12-31": "22.55970", "2017-09-30": "22.52900", "2017-06-30": "21.90620", "2017-03-31": "21.80170", "2016-12-31": "21.72810", "2016-09-30": "21.63180", "2016-06-30": "21.07110", "2016-03-31": "21.00910", "2015-12-31": "20.88700", "2015-09-30": "20.78750", "2015-06-30": "20.25620", "2015-03-31": "20.16100", "2014-12-31": "20.19740", "2014-09-30": "20.09140", "2014-06-30": "19.64100", "2014-03-31": "19.45000", "2013-12-31": "19.20980", "2013-09-30": "19.18570", "2013-06-30": "18.70160", "2013-03-31": "18.50430", "2012-12-31": "18.18610", "2012-09-30": "18.15000", "2012-06-30": "17.59440", "2012-03-31": "17.53350", "2011-12-31": "17.43540", "2011-09-30": "17.60250", "2011-06-30": "17.21120", "2011-03-31": "17.11500", "2010-12-31": "16.97680", "2010-09-30": "16.75850", "2010-06-30": "16.31060", "2010-03-31": "16.24700", "2009-12-31": "16.14880", "2009-09-30": "15.99160", "2009-06-30": "15.75260", "2009-03-31": "15.71440", "2008-12-31": "15.57700", "2008-09-30": "15.49950", "2008-06-30": "15.03640", "2008-03-31": "15.01010", "2007-12-31": "14.93990", "2007-09-30": "14.92290", "2007-06-30": "14.54050", "2007-03-31": "14.60940", "2006-12-31": "14.53930", "2006-09-30": "14.24730", "2006-06-30": "13.95660", "2006-03-31": "13.88240", "2005-12-31": "13.63510", "2005-09-30": "13.60950", "2005-06-30": "13.30250", "2005-03-31": "13.36840"}, "Operating Cash Flow Per Share": {"2020-09-30": 1.939, "2020-06-30": 0.9089, "2020-03-31": "1.26950", "2019-12-31": 1.3671, "2019-09-30": 2.3326, "2019-06-30": 1.0385, "2019-03-31": "1.53680", "2018-12-31": 1.2309, "2018-09-30": 2.0611, "2018-06-30": 1.075, "2018-03-31": "1.74260", "2017-12-31": 1.4912, "2017-09-30": 2.112, "2017-06-30": 1.1277, "2017-03-31": "1.41060", "2016-12-31": 1.2365, "2016-09-30": 1.9626, "2016-06-30": 1.2207, "2016-03-31": "1.57630", "2015-12-31": 1.083, "2015-09-30": 1.9272, "2015-06-30": 1.028, "2015-03-31": "1.94210", "2014-12-31": 1.3172, "2014-09-30": 1.8935, "2014-06-30": 0.8789, "2014-03-31": "1.18590", "2013-12-31": 1.1875, "2013-09-30": 1.8598, "2013-06-30": 0.8474, "2013-03-31": "1.30950", "2012-12-31": 0.8872, "2012-09-30": 1.4442, "2012-06-30": 0.7946, "2012-03-31": "0.97850", "2011-12-31": 0.9936, "2011-09-30": 1.6454, "2011-06-30": 0.953, "2011-03-31": "1.36160", "2010-12-31": 0.7835, "2010-09-30": 1.3202, "2010-06-30": 0.7835, "2010-03-31": "1.19990", "2009-12-31": 0.6239, "2009-09-30": 1.096, "2009-06-30": 0.6825, "2009-03-31": "1.78210", "2008-12-31": 1.0626, "2008-09-30": 0.9143, "2008-06-30": 0.5792, "2008-03-31": "1.26360", "2007-12-31": 0.5449, "2007-09-30": 1.0533, "2007-06-30": 0.7814, "2007-03-31": "1.38720", "2006-12-31": 0.7661, "2006-09-30": 0.8785, "2006-06-30": 1.2034, "2006-03-31": "1.63050", "2005-12-31": -0.2937, "2005-09-30": 1.2011, "2005-06-30": 0.7384, "2005-03-31": "1.13500"}, "Free Cash Flow Per Share": {"2020-09-30": -0.1578, "2020-06-30": -0.9165, "2020-03-31": "-1.77990", "2019-12-31": -0.9652, "2019-09-30": -0.1995, "2019-06-30": -0.5865, "2019-03-31": "-0.09880", "2018-12-31": -1.2662, "2018-09-30": 0.4497, "2018-06-30": -0.8706, "2018-03-31": "0.05300", "2017-12-31": -0.4499, "2017-09-30": 0.5757, "2017-06-30": -0.2967, "2017-03-31": "-0.06090", "2016-12-31": -0.7496, "2016-09-30": 0.4453, "2016-06-30": -0.1774, "2016-03-31": "0.20080", "2015-12-31": -1.8667, "2015-09-30": 0.5358, "2015-06-30": -0.3621, "2015-03-31": "0.42330", "2014-12-31": -0.4853, "2014-09-30": 0.4786, "2014-06-30": -0.6049, "2014-03-31": "-0.46020", "2013-12-31": -0.6542, "2013-09-30": 0.1442, "2013-06-30": -0.8251, "2013-03-31": "-0.22410", "2012-12-31": -0.6789, "2012-09-30": 0.0094, "2012-06-30": -0.4478, "2012-03-31": "-0.04040", "2011-12-31": -0.2466, "2011-09-30": 0.6567, "2011-06-30": -0.2442, "2011-03-31": "0.24590", "2010-12-31": -0.4287, "2010-09-30": 0.0403, "2010-06-30": -0.2705, "2010-03-31": "0.15300", "2009-12-31": -0.3994, "2009-09-30": 0.3051, "2009-06-30": -0.3438, "2009-03-31": "0.73410", "2008-12-31": -0.2545, "2008-09-30": -0.1658, "2008-06-30": -0.681, "2008-03-31": "0.13700", "2007-12-31": -0.8751, "2007-09-30": -0.1062, "2007-06-30": -0.3634, "2007-03-31": "0.27040", "2006-12-31": -0.3075, "2006-09-30": -0.0694, "2006-06-30": 0.2438, "2006-03-31": "0.88040", "2005-12-31": -1.2314, "2005-09-30": 0.5719, "2005-06-30": -0.0327, "2005-03-31": "0.41850"}}, "revenue": {"Xcel Energy Annual Revenue (Millions of US $)": {"2020": "$11,526", "2019": "$11,529", "2018": "$11,537", "2017": "$11,404", "2016": "$11,107", "2015": "$11,024", "2014": "$11,686", "2013": "$10,915", "2012": "$10,128", "2011": "$10,655", "2010": "$10,311", "2009": "$9,644", "2008": "$11,203", "2007": "$10,034", "2006": "$9,840", "2005": "$9,625"}, "Xcel Energy Quarterly Revenue (Millions of US $)": {"2020-12-31": "$2,947", "2020-09-30": "$3,182", "2020-06-30": "$2,586", "2020-03-31": "$2,811", "2019-12-31": "$2,798", "2019-09-30": "$3,013", "2019-06-30": "$2,577", "2019-03-31": "$3,141", "2018-12-31": "$2,880", "2018-09-30": "$3,048", "2018-06-30": "$2,658", "2018-03-31": "$2,951", "2017-12-31": "$2,796", "2017-09-30": "$3,017", "2017-06-30": "$2,645", "2017-03-31": "$2,946", "2016-12-31": "$2,795", "2016-09-30": "$3,040", "2016-06-30": "$2,500", "2016-03-31": "$2,772", "2015-12-31": "$2,645", "2015-09-30": "$2,901", "2015-06-30": "$2,515", "2015-03-31": "$2,962", "2014-12-31": "$2,929", "2014-09-30": "$2,870", "2014-06-30": "$2,685", "2014-03-31": "$3,203", "2013-12-31": "$2,731", "2013-09-30": "$2,822", "2013-06-30": "$2,579", "2013-03-31": "$2,783", "2012-12-31": "$2,551", "2012-09-30": "$2,724", "2012-06-30": "$2,275", "2012-03-31": "$2,578", "2011-12-31": "$2,568", "2011-09-30": "$2,832", "2011-06-30": "$2,438", "2011-03-31": "$2,817", "2010-12-31": "$2,567", "2010-09-30": "$2,629", "2010-06-30": "$2,308", "2010-03-31": "$2,807", "2009-12-31": "$2,618", "2009-09-30": "$2,315", "2009-06-30": "$2,016", "2009-03-31": "$2,696", "2008-12-31": "$2,708", "2008-09-30": "$2,852", "2008-06-30": "$2,616", "2008-03-31": "$3,028", "2007-12-31": "$2,603", "2007-09-30": "$2,400", "2007-06-30": "$2,267", "2007-03-31": "$2,764", "2006-12-31": "$2,467", "2006-09-30": "$2,412", "2006-06-30": "$2,074", "2006-03-31": "$2,888", "2005-12-31": "$2,885", "2005-09-30": "$2,286", "2005-06-30": "$2,064", "2005-03-31": "$2,391"}}, "gross-profit": {"Xcel Energy Annual Gross Profit (Millions of US $)": {"2020": "$7,288", "2019": "$7,061", "2018": "$6,805", "2017": "$6,790", "2016": "$6,620", "2015": "$6,320", "2014": "$6,069", "2013": "$5,780", "2012": "$5,594", "2011": "$5,469", "2010": "$5,108", "2009": "$4,683", "2008": "$4,401", "2007": "$8,462", "2006": "$8,171", "2005": "$3,856"}, "Xcel Energy Quarterly Gross Profit (Millions of US $)": {"2020-12-31": "$1,773", "2020-09-30": "$2,136", "2020-06-30": "$1,659", "2020-03-31": "$1,720", "2019-12-31": "$1,684", "2019-09-30": "$1,997", "2019-06-30": "$1,642", "2019-03-31": "$1,738", "2018-12-31": "$1,617", "2018-09-30": "$1,941", "2018-06-30": "$1,611", "2018-03-31": "$1,636", "2017-12-31": "$1,600", "2017-09-30": "$1,939", "2017-06-30": "$1,604", "2017-03-31": "$1,647", "2016-12-31": "$1,558", "2016-09-30": "$1,927", "2016-06-30": "$1,545", "2016-03-31": "$1,590", "2015-12-31": "$1,502", "2015-09-30": "$1,812", "2015-06-30": "$1,476", "2015-03-31": "$1,530", "2014-12-31": "$1,459", "2014-09-30": "$1,683", "2014-06-30": "$1,425", "2014-03-31": "$1,502", "2013-12-31": "$1,357", "2013-09-30": "$1,642", "2013-06-30": "$1,371", "2013-03-31": "$1,410", "2012-12-31": "$1,320", "2012-09-30": "$1,661", "2012-06-30": "$1,325", "2012-03-31": "$1,289", "2011-12-31": "$1,269", "2011-09-30": "$1,587", "2011-06-30": "$1,279", "2011-03-31": "$1,333", "2010-12-31": "$1,245", "2010-09-30": "$1,443", "2010-06-30": "$1,190", "2010-03-31": "$1,230", "2009-12-31": "$260", "2009-09-30": "$1,256", "2009-06-30": "$1,069", "2009-03-31": "$2,098", "2008-12-31": "$1,090", "2008-09-30": "$1,177", "2008-06-30": "$1,022", "2008-03-31": "$1,112", "2007-12-31": "$5,208", "2007-09-30": "$1,204", "2007-06-30": "$1,012", "2007-03-31": "$1,037", "2006-12-31": "$5,077", "2006-09-30": "$1,110", "2006-06-30": "$949", "2006-03-31": "$1,035", "2005-12-31": "$955", "2005-09-30": "$1,034", "2005-06-30": "$914", "2005-03-31": "$952"}}, "operating-income": {"Xcel Energy Annual Operating Income (Millions of US $)": {"2020": "$2,116", "2019": "$2,104", "2018": "$1,965", "2017": "$2,223", "2016": "$2,240", "2015": "$2,000", "2014": "$1,948", "2013": "$1,848", "2012": "$1,823", "2011": "$1,782", "2010": "$1,620", "2009": "$1,469", "2008": "$1,391", "2007": "$1,351", "2006": "$1,177", "2005": "$1,093"}, "Xcel Energy Quarterly Operating Income (Millions of US $)": {"2020-12-31": "$426", "2020-09-30": "$813", "2020-06-30": "$422", "2020-03-31": "$455", "2019-12-31": "$450", "2019-09-30": "$758", "2019-06-30": "$410", "2019-03-31": "$486", "2018-12-31": "$339", "2018-09-30": "$696", "2018-06-30": "$450", "2018-03-31": "$480", "2017-12-31": "$441", "2017-09-30": "$824", "2017-06-30": "$466", "2017-03-31": "$492", "2016-12-31": "$491", "2016-09-30": "$827", "2016-06-30": "$432", "2016-03-31": "$490", "2015-12-31": "$440", "2015-09-30": "$786", "2015-06-30": "$423", "2015-03-31": "$351", "2014-12-31": "$391", "2014-09-30": "$666", "2014-06-30": "$397", "2014-03-31": "$494", "2013-12-31": "$326", "2013-09-30": "$665", "2013-06-30": "$402", "2013-03-31": "$455", "2012-12-31": "$316", "2012-09-30": "$720", "2012-06-30": "$406", "2012-03-31": "$380", "2011-12-31": "$344", "2011-09-30": "$651", "2011-06-30": "$359", "2011-03-31": "$427", "2010-12-31": "$322", "2010-09-30": "$569", "2010-06-30": "$325", "2010-03-31": "$404", "2009-12-31": "$353", "2009-09-30": "$465", "2009-06-30": "$279", "2009-03-31": "$371", "2008-12-31": "$353", "2008-09-30": "$448", "2008-06-30": "$260", "2008-03-31": "$330", "2007-12-31": "$289", "2007-09-30": "$495", "2007-06-30": "$289", "2007-03-31": "$278", "2006-12-31": "$227", "2006-09-30": "$411", "2006-06-30": "$226", "2006-03-31": "$313", "2005-12-31": "$251", "2005-09-30": "$365", "2005-06-30": "$202", "2005-03-31": "$275"}}, "ebitda": {"Xcel Energy Annual EBITDA (Millions of US $)": {"2019": "$4,008", "2018": "$3,746", "2017": "$3,832", "2016": "$3,676", "2015": "$3,244", "2014": "$3,094", "2013": "$2,942", "2012": "$2,862", "2011": "$2,785", "2010": "$2,591", "2009": "$2,378", "2008": "$2,291", "2007": "$2,230", "2006": "$2,072", "2005": "$1,909"}, "Xcel Energy Quarterly EBITDA (Millions of US $)": {"2020-09-30": "$1,359", "2020-06-30": "$930", "2020-03-31": "$954", "2019-12-31": "$933", "2019-09-30": "$1,240", "2019-06-30": "$880", "2019-03-31": "$955", "2018-12-31": "$815", "2018-09-30": "$1,170", "2018-06-30": "$863", "2018-03-31": "$898", "2017-12-31": "$849", "2017-09-30": "$1,229", "2017-06-30": "$862", "2017-03-31": "$892", "2016-12-31": "$859", "2016-09-30": "$1,189", "2016-06-30": "$789", "2016-03-31": "$838", "2015-12-31": "$765", "2015-09-30": "$1,103", "2015-06-30": "$721", "2015-03-31": "$655", "2014-12-31": "$679", "2014-09-30": "$956", "2014-06-30": "$687", "2014-03-31": "$772", "2013-12-31": "$608", "2013-09-30": "$923", "2013-06-30": "$677", "2013-03-31": "$733", "2012-12-31": "$574", "2012-09-30": "$992", "2012-06-30": "$659", "2012-03-31": "$638", "2011-12-31": "$567", "2011-09-30": "$928", "2011-06-30": "$610", "2011-03-31": "$680", "2010-12-31": "$572", "2010-09-30": "$822", "2010-06-30": "$559", "2010-03-31": "$639", "2009-12-31": "$586", "2009-09-30": "$688", "2009-06-30": "$503", "2009-03-31": "$601", "2008-12-31": "$536", "2008-09-30": "$685", "2008-06-30": "$503", "2008-03-31": "$568", "2007-12-31": "$492", "2007-09-30": "$708", "2007-06-30": "$521", "2007-03-31": "$510", "2006-12-31": "$451", "2006-09-30": "$643", "2006-06-30": "$447", "2006-03-31": "$532", "2005-12-31": "$461", "2005-09-30": "$561", "2005-06-30": "$406", "2005-03-31": "$481"}}, "net-income": {"Xcel Energy Annual Net Income (Millions of US $)": {"2020": "$1,473", "2019": "$1,372", "2018": "$1,261", "2017": "$1,148", "2016": "$1,123", "2015": "$984", "2014": "$1,021", "2013": "$948", "2012": "$905", "2011": "$834", "2010": "$752", "2009": "$677", "2008": "$641", "2007": "$573", "2006": "$568", "2005": "$509"}, "Xcel Energy Quarterly Net Income (Millions of US $)": {"2020-12-31": "$288", "2020-09-30": "$603", "2020-06-30": "$287", "2020-03-31": "$295", "2019-12-31": "$292", "2019-09-30": "$527", "2019-06-30": "$238", "2019-03-31": "$315", "2018-12-31": "$214", "2018-09-30": "$491", "2018-06-30": "$265", "2018-03-31": "$291", "2017-12-31": "$190", "2017-09-30": "$492", "2017-06-30": "$227", "2017-03-31": "$239", "2016-12-31": "$227", "2016-09-30": "$458", "2016-06-30": "$197", "2016-03-31": "$241", "2015-12-31": "$209", "2015-09-30": "$426", "2015-06-30": "$197", "2015-03-31": "$152", "2014-12-31": "$196", "2014-09-30": "$369", "2014-06-30": "$195", "2014-03-31": "$261", "2013-12-31": "$150", "2013-09-30": "$365", "2013-06-30": "$197", "2013-03-31": "$237", "2012-12-31": "$140", "2012-09-30": "$398", "2012-06-30": "$183", "2012-03-31": "$184", "2011-12-31": "$141", "2011-09-30": "$334", "2011-06-30": "$158", "2011-03-31": "$203", "2010-12-31": "$136", "2010-09-30": "$311", "2010-06-30": "$139", "2010-03-31": "$166", "2009-12-31": "$168", "2009-09-30": "$220", "2009-06-30": "$116", "2009-03-31": "$173", "2008-12-31": "$163", "2008-09-30": "$222", "2008-06-30": "$105", "2008-03-31": "$152", "2007-12-31": "$133", "2007-09-30": "$254", "2007-06-30": "$68", "2007-03-31": "$119", "2006-12-31": "$97", "2006-09-30": "$223", "2006-06-30": "$97", "2006-03-31": "$150", "2005-12-31": "$111", "2005-09-30": "$195", "2005-06-30": "$82", "2005-03-31": "$120"}}, "eps-earnings-per-share-diluted": {"Xcel Energy Annual EPS": {"2020": "$2.79", "2019": "$2.64", "2018": "$2.47", "2017": "$2.25", "2016": "$2.21", "2015": "$1.94", "2014": "$2.03", "2013": "$1.91", "2012": "$1.85", "2011": "$1.72", "2010": "$1.62", "2009": "$1.48", "2008": "$1.46", "2007": "$1.35", "2006": "$1.36", "2005": "$1.23"}, "Xcel Energy Quarterly EPS": {"2020-12-31": "$0.54", "2020-09-30": "$1.14", "2020-06-30": "$0.54", "2020-03-31": "$0.56", "2019-12-31": "$0.56", "2019-09-30": "$1.01", "2019-06-30": "$0.46", "2019-03-31": "$0.61", "2018-12-31": "$0.42", "2018-09-30": "$0.96", "2018-06-30": "$0.52", "2018-03-31": "$0.57", "2017-12-31": "$0.36", "2017-09-30": "$0.97", "2017-06-30": "$0.45", "2017-03-31": "$0.47", "2016-12-31": "$0.45", "2016-09-30": "$0.90", "2016-06-30": "$0.39", "2016-03-31": "$0.47", "2015-12-31": "$0.41", "2015-09-30": "$0.84", "2015-06-30": "$0.39", "2015-03-31": "$0.30", "2014-12-31": "$0.39", "2014-09-30": "$0.73", "2014-06-30": "$0.39", "2014-03-31": "$0.52", "2013-12-31": "$0.30", "2013-09-30": "$0.73", "2013-06-30": "$0.40", "2013-03-31": "$0.48", "2012-12-31": "$0.28", "2012-09-30": "$0.81", "2012-06-30": "$0.38", "2012-03-31": "$0.38", "2011-12-31": "$0.28", "2011-09-30": "$0.69", "2011-06-30": "$0.33", "2011-03-31": "$0.42", "2010-12-31": "$0.29", "2010-09-30": "$0.67", "2010-06-30": "$0.30", "2010-03-31": "$0.36", "2009-12-31": "$0.37", "2009-09-30": "$0.48", "2009-06-30": "$0.25", "2009-03-31": "$0.38", "2008-12-31": "$0.36", "2008-09-30": "$0.51", "2008-06-30": "$0.24", "2008-03-31": "$0.35", "2007-12-31": "$0.32", "2007-09-30": "$0.59", "2007-06-30": "$0.16", "2007-03-31": "$0.28", "2006-12-31": "$0.23", "2006-09-30": "$0.53", "2006-06-30": "$0.24", "2006-03-31": "$0.36", "2005-12-31": "$0.27", "2005-09-30": "$0.47", "2005-06-30": "$0.20", "2005-03-31": "$0.29"}}, "shares-outstanding": {"Xcel Energy Annual Shares Outstanding (Millions of Shares)": {"2020": "528", "2019": "520", "2018": "511", "2017": "509", "2016": "509", "2015": "508", "2014": "504", "2013": "497", "2012": "488", "2011": "486", "2010": "463", "2009": "457", "2008": "442", "2007": "433", "2006": "430", "2005": "426"}, "Xcel Energy Quarterly Shares Outstanding (Millions of Shares)": {"2020-12-31": "532", "2020-09-30": "528", "2020-06-30": "527", "2020-03-31": "527", "2019-12-31": "520", "2019-09-30": "521", "2019-06-30": "518", "2019-03-31": "516", "2018-12-31": "511", "2018-09-30": "511", "2018-06-30": "510", "2018-03-31": "509", "2017-12-31": "509", "2017-09-30": "509", "2017-06-30": "509", "2017-03-31": "509", "2016-12-31": "509", "2016-09-30": "510", "2016-06-30": "509", "2016-03-31": "509", "2015-12-31": "508", "2015-09-30": "508", "2015-06-30": "508", "2015-03-31": "507", "2014-12-31": "504", "2014-09-30": "506", "2014-06-30": "503", "2014-03-31": "500", "2013-12-31": "497", "2013-09-30": "499", "2013-06-30": "498", "2013-03-31": "491", "2012-12-31": "488", "2012-09-30": "489", "2012-06-30": "488", "2012-03-31": "488", "2011-12-31": "486", "2011-09-30": "486", "2011-06-30": "485", "2011-03-31": "484", "2010-12-31": "463", "2010-09-30": "462", "2010-06-30": "460", "2010-03-31": "460", "2009-12-31": "457", "2009-09-30": "457", "2009-06-30": "457", "2009-03-31": "456", "2008-12-31": "442", "2008-09-30": "439", "2008-06-30": "436", "2008-03-31": "435", "2007-12-31": "433", "2007-09-30": "433", "2007-06-30": "433", "2007-03-31": "432", "2006-12-31": "430", "2006-09-30": "430", "2006-06-30": "429", "2006-03-31": "427", "2005-12-31": "426", "2005-09-30": "426", "2005-06-30": "426", "2005-03-31": "424"}}, "total-assets": {"Xcel Energy Annual Total Assets (Millions of US $)": {"2019": "$50,448", "2018": "$45,987", "2017": "$43,030", "2016": "$41,155", "2015": "$38,821", "2014": "$36,958", "2013": "$33,907", "2012": "$31,141", "2011": "$29,497", "2010": "$27,388", "2009": "$25,306", "2008": "$24,958", "2007": "$23,185", "2006": "$21,958", "2005": "$21,505"}, "Xcel Energy Quarterly Total Assets (Millions of US $)": {"2020-09-30": "$53,708", "2020-06-30": "$53,456", "2020-03-31": "$51,133", "2019-12-31": "$50,448", "2019-09-30": "$50,240", "2019-06-30": "$48,584", "2019-03-31": "$47,850", "2018-12-31": "$45,987", "2018-09-30": "$44,835", "2018-06-30": "$44,240", "2018-03-31": "$43,159", "2017-12-31": "$43,030", "2017-09-30": "$42,469", "2017-06-30": "$41,861", "2017-03-31": "$41,285", "2016-12-31": "$41,155", "2016-09-30": "$40,325", "2016-06-30": "$39,490", "2016-03-31": "$39,070", "2015-12-31": "$38,821", "2015-09-30": "$38,030", "2015-06-30": "$37,269", "2015-03-31": "$36,879", "2014-12-31": "$36,958", "2014-09-30": "$35,363", "2014-06-30": "$34,718", "2014-03-31": "$34,199", "2013-12-31": "$33,907", "2013-09-30": "$33,127", "2013-06-30": "$32,266", "2013-03-31": "$31,588", "2012-12-31": "$31,141", "2012-09-30": "$31,058", "2012-06-30": "$29,820", "2012-03-31": "$29,453", "2011-12-31": "$29,497", "2011-09-30": "$28,538", "2011-06-30": "$28,003", "2011-03-31": "$27,467", "2010-12-31": "$27,388", "2010-09-30": "$26,301", "2010-06-30": "$25,563", "2010-03-31": "$25,335", "2009-12-31": "$25,306", "2009-09-30": "$25,081", "2009-06-30": "$24,987", "2009-03-31": "$24,628", "2008-12-31": "$24,958", "2008-09-30": "$24,501", "2008-06-30": "$23,719", "2008-03-31": "$23,359", "2007-12-31": "$23,185", "2007-09-30": "$22,824", "2007-06-30": "$22,288", "2007-03-31": "$21,979", "2006-12-31": "$21,958", "2006-09-30": "$21,220", "2006-06-30": "$21,259", "2006-03-31": "$21,141", "2005-12-31": "$21,505", "2005-09-30": "$21,539", "2005-06-30": "$20,474", "2005-03-31": "$20,301"}}, "cash-on-hand": {"Xcel Energy Annual Cash on Hand (Millions of US $)": {"2019": "$248", "2018": "$147", "2017": "$83", "2016": "$85", "2015": "$85", "2014": "$80", "2013": "$107", "2012": "$82", "2011": "$156", "2010": "$108", "2009": "$116", "2008": "$249", "2007": "$51", "2006": "$37", "2005": "$72"}, "Xcel Energy Quarterly Cash on Hand (Millions of US $)": {"2020-09-30": "$885", "2020-06-30": "$1,625", "2020-03-31": "$244", "2019-12-31": "$248", "2019-09-30": "$864", "2019-06-30": "$353", "2019-03-31": "$94", "2018-12-31": "$147", "2018-09-30": "$213", "2018-06-30": "$332", "2018-03-31": "$116", "2017-12-31": "$83", "2017-09-30": "$168", "2017-06-30": "$61", "2017-03-31": "$74", "2016-12-31": "$85", "2016-09-30": "$353", "2016-06-30": "$77", "2016-03-31": "$101", "2015-12-31": "$85", "2015-09-30": "$404", "2015-06-30": "$136", "2015-03-31": "$133", "2014-12-31": "$80", "2014-09-30": "$138", "2014-06-30": "$100", "2014-03-31": "$132", "2013-12-31": "$107", "2013-09-30": "$102", "2013-06-30": "$59", "2013-03-31": "$113", "2012-12-31": "$82", "2012-09-30": "$747", "2012-06-30": "$64", "2012-03-31": "$109", "2011-12-31": "$156", "2011-09-30": "$294", "2011-06-30": "$102", "2011-03-31": "$94", "2010-12-31": "$108", "2010-09-30": "$213", "2010-06-30": "$66", "2010-03-31": "$80", "2009-12-31": "$116", "2009-09-30": "$90", "2009-06-30": "$380", "2009-03-31": "$301", "2008-12-31": "$249", "2008-09-30": "$384", "2008-06-30": "$71", "2008-03-31": "$176", "2007-12-31": "$51", "2007-09-30": "$361", "2007-06-30": "$39", "2007-03-31": "$65", "2006-12-31": "$37", "2006-09-30": "$33", "2006-06-30": "$161", "2006-03-31": "$82", "2005-12-31": "$72", "2005-09-30": "$186", "2005-06-30": "$54", "2005-03-31": "$69"}}, "long-term-debt": {"Xcel Energy Annual Long Term Debt (Millions of US $)": {"2019": "$17,407", "2018": "$15,803", "2017": "$14,520", "2016": "$14,195", "2015": "$12,399", "2014": "$11,500", "2013": "$10,911", "2012": "$10,144", "2011": "$8,849", "2010": "$9,263", "2009": "$7,889", "2008": "$7,732", "2007": "$6,342", "2006": "$6,450", "2005": "$5,898"}, "Xcel Energy Quarterly Long Term Debt (Millions of US $)": {"2020-09-30": "$19,960", "2020-06-30": "$19,463", "2020-03-31": "$17,010", "2019-12-31": "$17,407", "2019-09-30": "$16,819", "2019-06-30": "$15,996", "2019-03-31": "$16,118", "2018-12-31": "$15,803", "2018-09-30": "$15,508", "2018-06-30": "$15,311", "2018-03-31": "$14,522", "2017-12-31": "$14,520", "2017-09-30": "$14,573", "2017-06-30": "$14,092", "2017-03-31": "$13,696", "2016-12-31": "$14,195", "2016-09-30": "$13,403", "2016-06-30": "$13,105", "2016-03-31": "$13,148", "2015-12-31": "$12,399", "2015-09-30": "$12,691", "2015-06-30": "$11,896", "2015-03-31": "$11,499", "2014-12-31": "$11,500", "2014-09-30": "$11,502", "2014-06-30": "$11,753", "2014-03-31": "$11,205", "2013-12-31": "$10,911", "2013-09-30": "$10,914", "2013-06-30": "$10,816", "2013-03-31": "$10,642", "2012-12-31": "$10,144", "2012-09-30": "$10,106", "2012-06-30": "$8,706", "2012-03-31": "$8,598", "2011-12-31": "$8,849", "2011-09-30": "$9,450", "2011-06-30": "$9,264", "2011-03-31": "$9,264", "2010-12-31": "$9,263", "2010-09-30": "$8,865", "2010-06-30": "$8,410", "2010-03-31": "$7,863", "2009-12-31": "$7,889", "2009-09-30": "$7,945", "2009-06-30": "$8,056", "2009-03-31": "$7,666", "2008-12-31": "$7,732", "2008-09-30": "$7,486", "2008-06-30": "$7,140", "2008-03-31": "$7,140", "2007-12-31": "$6,342", "2007-09-30": "$7,253", "2007-06-30": "$6,615", "2007-03-31": "$6,452", "2006-12-31": "$6,450", "2006-09-30": "$6,688", "2006-06-30": "$6,237", "2006-03-31": "$5,545", "2005-12-31": "$5,898", "2005-09-30": "$6,159", "2005-06-30": "$6,377", "2005-03-31": "$6,477"}}, "total-liabilities": {"Xcel Energy Annual Total Liabilities (Millions of US $)": {"2019": "$37,209", "2018": "$33,765", "2017": "$31,575", "2016": "$30,134", "2015": "$28,221", "2014": "$26,743", "2013": "$24,342", "2012": "$22,267", "2011": "$21,015", "2010": "$19,199", "2009": "$17,918", "2008": "$17,890", "2007": "$16,779", "2006": "$16,037", "2005": "$16,005"}, "Xcel Energy Quarterly Total Liabilities (Millions of US $)": {"2020-09-30": "$39,931", "2020-06-30": "$40,071", "2020-03-31": "$37,831", "2019-12-31": "$37,209", "2019-09-30": "$37,099", "2019-06-30": "$36,218", "2019-03-31": "$35,521", "2018-12-31": "$33,765", "2018-09-30": "$32,670", "2018-06-30": "$32,590", "2018-03-31": "$31,598", "2017-12-31": "$31,575", "2017-09-30": "$31,029", "2017-06-30": "$30,738", "2017-03-31": "$30,215", "2016-12-31": "$30,134", "2016-09-30": "$29,337", "2016-06-30": "$28,787", "2016-03-31": "$28,398", "2015-12-31": "$28,221", "2015-09-30": "$27,485", "2015-06-30": "$27,000", "2015-03-31": "$26,664", "2014-12-31": "$26,743", "2014-09-30": "$25,209", "2014-06-30": "$24,797", "2014-03-31": "$24,451", "2013-12-31": "$24,342", "2013-09-30": "$23,579", "2013-06-30": "$22,966", "2013-03-31": "$22,433", "2012-12-31": "$22,267", "2012-09-30": "$22,207", "2012-06-30": "$21,247", "2012-03-31": "$20,916", "2011-12-31": "$21,015", "2011-09-30": "$20,002", "2011-06-30": "$19,664", "2011-03-31": "$19,180", "2010-12-31": "$19,199", "2010-09-30": "$18,591", "2010-06-30": "$18,066", "2010-03-31": "$17,874", "2009-12-31": "$17,918", "2009-09-30": "$17,785", "2009-06-30": "$17,809", "2009-03-31": "$17,474", "2008-12-31": "$17,890", "2008-09-30": "$17,547", "2008-06-30": "$17,239", "2008-03-31": "$16,897", "2007-12-31": "$16,779", "2007-09-30": "$16,558", "2007-06-30": "$16,189", "2007-03-31": "$16,006", "2006-12-31": "$16,037", "2006-09-30": "$15,429", "2006-06-30": "$15,599", "2006-03-31": "$15,518", "2005-12-31": "$16,005", "2005-09-30": "$16,056", "2005-06-30": "$15,121", "2005-03-31": "$14,929"}}, "total-share-holder-equity": {"Xcel Energy Annual Share Holder Equity (Millions of US $)": {"2019": "$13,239", "2018": "$12,222", "2017": "$11,455", "2016": "$11,021", "2015": "$10,601", "2014": "$10,214", "2013": "$9,566", "2012": "$8,874", "2011": "$8,482", "2010": "$8,188", "2009": "$7,388", "2008": "$7,069", "2007": "$6,406", "2006": "$5,922", "2005": "$5,500"}, "Xcel Energy Quarterly Share Holder Equity (Millions of US $)": {"2020-09-30": "$13,777", "2020-06-30": "$13,385", "2020-03-31": "$13,302", "2019-12-31": "$13,239", "2019-09-30": "$13,141", "2019-06-30": "$12,366", "2019-03-31": "$12,329", "2018-12-31": "$12,222", "2018-09-30": "$12,165", "2018-06-30": "$11,650", "2018-03-31": "$11,561", "2017-12-31": "$11,455", "2017-09-30": "$11,439", "2017-06-30": "$11,123", "2017-03-31": "$11,070", "2016-12-31": "$11,021", "2016-09-30": "$10,988", "2016-06-30": "$10,703", "2016-03-31": "$10,672", "2015-12-31": "$10,601", "2015-09-30": "$10,545", "2015-06-30": "$10,269", "2015-03-31": "$10,215", "2014-12-31": "$10,214", "2014-09-30": "$10,155", "2014-06-30": "$9,921", "2014-03-31": "$9,747", "2013-12-31": "$9,566", "2013-09-30": "$9,547", "2013-06-30": "$9,300", "2013-03-31": "$9,155", "2012-12-31": "$8,874", "2012-09-30": "$8,850", "2012-06-30": "$8,574", "2012-03-31": "$8,538", "2011-12-31": "$8,482", "2011-09-30": "$8,536", "2011-06-30": "$8,340", "2011-03-31": "$8,286", "2010-12-31": "$8,188", "2010-09-30": "$7,711", "2010-06-30": "$7,497", "2010-03-31": "$7,461", "2009-12-31": "$7,388", "2009-09-30": "$7,296", "2009-06-30": "$7,179", "2009-03-31": "$7,154", "2008-12-31": "$7,069", "2008-09-30": "$6,953", "2008-06-30": "$6,479", "2008-03-31": "$6,462", "2007-12-31": "$6,406", "2007-09-30": "$6,266", "2007-06-30": "$6,100", "2007-03-31": "$5,973", "2006-12-31": "$5,922", "2006-09-30": "$5,792", "2006-06-30": "$5,660", "2006-03-31": "$5,624", "2005-12-31": "$5,500", "2005-09-30": "$5,483", "2005-06-30": "$5,352", "2005-03-31": "$5,372"}}, "profit-margins": {"current": "12.78%"}, "gross margin": {"2020-12-31": "63.23%", "2020-09-30": "63.28%", "2020-06-30": "62.99%", "2020-03-31": "62.89%", "2019-12-31": "61.25%", "2019-09-30": "60.24%", "2019-06-30": "59.57%", "2019-03-31": "58.90%", "2018-12-31": "58.98%", "2018-09-30": "59.27%", "2018-06-30": "59.41%", "2018-03-31": "59.42%", "2017-12-31": "59.54%", "2017-09-30": "59.18%", "2017-06-30": "58.95%", "2017-03-31": "59.19%", "2016-12-31": "59.60%", "2016-09-30": "59.91%", "2016-06-30": "59.61%", "2016-03-31": "58.89%", "2015-12-31": "57.33%", "2015-09-30": "55.51%", "2015-06-30": "54.52%", "2015-03-31": "53.27%", "2014-12-31": "51.93%", "2014-09-30": "51.94%", "2014-06-30": "51.80%", "2014-03-31": "51.80%", "2013-12-31": "52.95%", "2013-09-30": "53.50%", "2013-06-30": "54.17%", "2013-03-31": "55.32%", "2012-12-31": "55.24%", "2012-09-30": "54.65%", "2012-06-30": "53.35%", "2012-03-31": "52.07%", "2011-12-31": "51.32%", "2011-09-30": "51.10%", "2011-06-30": "50.71%", "2011-03-31": "50.49%", "2010-12-31": "49.54%", "2010-09-30": "39.79%", "2010-06-30": "39.17%", "2010-03-31": "39.10%", "2009-12-31": "48.55%", "2009-09-30": "56.63%", "2009-06-30": "52.90%", "2009-03-31": "49.55%", "2008-12-31": "39.28%", "2008-09-30": "76.75%", "2008-06-30": "80.27%", "2008-03-31": "82.89%", "2007-12-31": "84.32%", "2007-09-30": "84.16%", "2007-06-30": "83.11%", "2007-03-31": "84.11%", "2006-12-31": "83.03%", "2006-09-30": "39.47%", "2006-06-30": "39.21%", "2006-03-31": "38.90%", "2005-12-31": "40.05%"}, "operating margin": {"2020-12-31": "18.36%", "2020-09-30": "18.81%", "2020-06-30": "18.60%", "2020-03-31": "18.51%", "2019-12-31": "18.25%", "2019-09-30": "17.16%", "2019-06-30": "16.58%", "2019-03-31": "16.81%", "2018-12-31": "17.03%", "2018-09-30": "18.05%", "2018-06-30": "19.22%", "2018-03-31": "19.38%", "2017-12-31": "19.49%", "2017-09-30": "19.93%", "2017-06-30": "19.92%", "2017-03-31": "19.87%", "2016-12-31": "20.17%", "2016-09-30": "19.98%", "2016-06-30": "19.86%", "2016-03-31": "19.75%", "2015-12-31": "18.14%", "2015-09-30": "17.25%", "2015-06-30": "16.24%", "2015-03-31": "15.77%", "2014-12-31": "16.67%", "2014-09-30": "16.39%", "2014-06-30": "16.45%", "2014-03-31": "16.65%", "2013-12-31": "16.93%", "2013-09-30": "17.12%", "2013-06-30": "17.80%", "2013-03-31": "18.36%", "2012-12-31": "17.99%", "2012-09-30": "18.24%", "2012-06-30": "17.37%", "2012-03-31": "16.65%", "2011-12-31": "16.72%", "2011-09-30": "16.51%", "2011-06-30": "16.05%", "2011-03-31": "15.92%", "2010-12-31": "15.71%", "2010-09-30": "15.93%", "2010-06-30": "15.40%", "2010-03-31": "15.39%", "2009-12-31": "15.22%", "2009-09-30": "15.08%", "2009-06-30": "14.13%", "2009-03-31": "13.17%", "2008-12-31": "12.42%", "2008-09-30": "11.96%", "2008-06-30": "12.91%", "2008-03-31": "13.62%", "2007-12-31": "13.46%", "2007-09-30": "13.02%", "2007-06-30": "12.16%", "2007-03-31": "11.75%", "2006-12-31": "11.96%", "2006-09-30": "11.71%", "2006-06-30": "11.40%", "2006-03-31": "11.17%", "2005-12-31": "11.35%"}, "ebitda margin": {"2020-09-30": "36.71%", "2020-06-30": "36.20%", "2020-03-31": "35.78%", "2019-12-31": "34.76%", "2019-09-30": "33.50%", "2019-06-30": "32.80%", "2019-03-31": "32.43%", "2018-12-31": "32.47%", "2018-09-30": "33.00%", "2018-06-30": "33.61%", "2018-03-31": "33.64%", "2017-12-31": "33.60%", "2017-09-30": "33.69%", "2017-06-30": "33.27%", "2017-03-31": "33.06%", "2016-12-31": "33.09%", "2016-09-30": "32.68%", "2016-06-30": "32.31%", "2016-03-31": "31.63%", "2015-12-31": "29.43%", "2015-09-30": "27.93%", "2015-06-30": "26.70%", "2015-03-31": "26.01%", "2014-12-31": "26.47%", "2014-09-30": "26.31%", "2014-06-30": "26.13%", "2014-03-31": "26.29%", "2013-12-31": "26.94%", "2013-09-30": "27.08%", "2013-06-30": "27.98%", "2013-03-31": "28.63%", "2012-12-31": "28.27%", "2012-09-30": "28.15%", "2012-06-30": "27.23%", "2012-03-31": "26.33%", "2011-12-31": "26.14%", "2011-09-30": "26.19%", "2011-06-30": "25.68%", "2011-03-31": "25.51%", "2010-12-31": "25.14%", "2010-09-30": "25.15%", "2010-06-30": "24.60%", "2010-03-31": "24.76%", "2009-12-31": "24.66%", "2009-09-30": "23.91%", "2009-06-30": "22.63%", "2009-03-31": "21.39%", "2008-12-31": "20.46%", "2008-09-30": "20.25%", "2008-06-30": "21.33%", "2008-03-31": "22.23%", "2007-12-31": "22.23%", "2007-09-30": "22.13%", "2007-06-30": "21.44%", "2007-03-31": "21.11%", "2006-12-31": "21.06%", "2006-09-30": "20.30%", "2006-06-30": "19.75%", "2006-03-31": "19.36%", "2005-12-31": "19.83%"}, "pre tax profit margin": {"2020-12-31": "12.73%", "2020-09-30": "13.25%", "2020-06-30": "13.04%", "2020-03-31": "12.94%", "2019-12-31": "13.01%", "2019-09-30": "12.14%", "2019-06-30": "11.81%", "2019-03-31": "12.21%", "2018-12-31": "12.50%", "2018-09-30": "13.45%", "2018-06-30": "14.66%", "2018-03-31": "14.76%", "2017-12-31": "14.82%", "2017-09-30": "15.07%", "2017-06-30": "15.04%", "2017-03-31": "14.98%", "2016-12-31": "15.34%", "2016-09-30": "15.39%", "2016-06-30": "15.30%", "2016-03-31": "15.33%", "2015-12-31": "13.85%", "2015-09-30": "13.20%", "2015-06-30": "12.34%", "2015-03-31": "12.09%", "2014-12-31": "13.22%", "2014-09-30": "12.92%", "2014-06-30": "12.91%", "2014-03-31": "13.00%", "2013-12-31": "13.12%", "2013-09-30": "13.22%", "2013-06-30": "13.74%", "2013-03-31": "14.04%", "2012-12-31": "13.38%", "2012-09-30": "13.45%", "2012-06-30": "12.63%", "2012-03-31": "12.03%", "2011-12-31": "12.29%", "2011-09-30": "12.18%", "2011-06-30": "11.91%", "2011-03-31": "11.76%", "2010-12-31": "11.52%", "2010-09-30": "11.99%", "2010-06-30": "11.15%", "2010-03-31": "11.10%", "2009-12-31": "10.96%", "2009-09-30": "10.74%", "2009-06-30": "10.06%", "2009-03-31": "9.36%", "2008-12-31": "8.79%", "2008-09-30": "8.32%", "2008-06-30": "8.97%", "2008-03-31": "9.07%", "2007-12-31": "8.67%", "2007-09-30": "7.99%", "2007-06-30": "7.34%", "2007-03-31": "7.34%", "2006-12-31": "7.62%", "2006-09-30": "7.62%", "2006-06-30": "7.18%", "2006-03-31": "6.96%", "2005-12-31": "6.97%"}, "net profit margin": {"2020-12-31": "12.78%", "2020-09-30": "12.98%", "2020-06-30": "12.50%", "2020-03-31": "12.07%", "2019-12-31": "11.90%", "2019-09-30": "11.14%", "2019-06-30": "10.80%", "2019-03-31": "10.96%", "2018-12-31": "10.93%", "2018-09-30": "10.80%", "2018-06-30": "10.84%", "2018-03-31": "10.52%", "2017-12-31": "10.07%", "2017-09-30": "10.39%", "2017-06-30": "10.07%", "2017-03-31": "9.94%", "2016-12-31": "10.11%", "2016-09-30": "10.08%", "2016-06-30": "9.92%", "2016-03-31": "9.90%", "2015-12-31": "8.93%", "2015-09-30": "8.59%", "2015-06-30": "8.11%", "2015-03-31": "7.97%", "2014-12-31": "8.74%", "2014-09-30": "8.49%", "2014-06-30": "8.49%", "2014-03-31": "8.58%", "2013-12-31": "8.69%", "2013-09-30": "8.75%", "2013-06-30": "9.14%", "2013-03-31": "9.27%", "2012-12-31": "8.94%", "2012-09-30": "8.93%", "2012-06-30": "8.21%", "2012-03-31": "7.84%", "2011-12-31": "7.85%", "2011-09-30": "7.80%", "2011-06-30": "7.73%", "2011-03-31": "7.64%", "2010-12-31": "7.29%", "2010-09-30": "7.57%", "2010-06-30": "6.90%", "2010-03-31": "6.87%", "2009-12-31": "7.02%", "2009-09-30": "6.90%", "2009-06-30": "6.56%", "2009-03-31": "6.10%", "2008-12-31": "5.73%", "2008-09-30": "5.51%", "2008-06-30": "6.05%", "2008-03-31": "5.89%", "2007-12-31": "5.72%", "2007-09-30": "5.44%", "2007-06-30": "5.12%", "2007-03-31": "5.52%", "2006-12-31": "5.76%", "2006-09-30": "5.66%", "2006-06-30": "5.46%", "2006-03-31": "5.31%", "2005-12-31": "5.28%"}, "pe ratio": {"current": "22.34", "2021-02-11": "27.49", "2020-12-31": "29.76", "2020-09-30": "24.48", "2020-06-30": "23.11", "2020-03-31": "22.83", "2019-12-31": "23.42", "2019-09-30": "25.12", "2019-06-30": "23.35", "2019-03-31": "21.39", "2018-12-31": "18.91", "2018-09-30": "18.36", "2018-06-30": "17.55", "2018-03-31": "17.83", "2017-12-31": "19.53", "2017-09-30": "18.41", "2017-06-30": "18.27", "2017-03-31": "18.04", "2016-12-31": "16.38", "2016-09-30": "16.73", "2016-06-30": "18.57", "2016-03-31": "17.20", "2015-12-31": "15.93", "2015-09-30": "15.73", "2015-06-30": "15.02", "2015-03-31": "16.09", "2014-12-31": "14.66", "2014-09-30": "12.88", "2014-06-30": "13.52", "2014-03-31": "12.55", "2013-12-31": "11.68", "2013-09-30": "11.48", "2013-06-30": "11.20", "2013-03-31": "11.74", "2012-12-31": "11.02", "2012-09-30": "11.32", "2012-06-30": "12.29", "2012-03-31": "11.68", "2011-12-31": "11.79", "2011-09-30": "10.44", "2011-06-30": "10.28", "2011-03-31": "10.18", "2010-12-31": "10.30", "2010-09-30": "9.47", "2010-06-30": "9.46", "2010-03-31": "9.95", "2009-12-31": "9.71", "2009-09-30": "8.76", "2009-06-30": "8.12", "2009-03-31": "8.15", "2008-12-31": "8.18", "2008-09-30": "9.01", "2008-06-30": "8.52", "2008-03-31": "8.72", "2007-12-31": "10.26", "2007-09-30": "10.30", "2007-06-30": "10.09", "2007-03-31": "11.46", "2006-12-31": "9.99"}, "price sales": {"2021-02-11": "2.82", "2020-12-31": "3.06", "2020-09-30": "3.17", "2020-06-30": "2.88", "2020-03-31": "2.75", "2019-12-31": "2.78", "2019-09-30": "2.79", "2019-06-30": "2.52", "2019-03-31": "2.34", "2018-12-31": "2.07", "2018-09-30": "1.98", "2018-06-30": "1.90", "2018-03-31": "1.88", "2017-12-31": "1.97", "2017-09-30": "1.92", "2017-06-30": "1.85", "2017-03-31": "1.80", "2016-12-31": "1.66", "2016-09-30": "1.69", "2016-06-30": "1.84", "2016-03-31": "1.70", "2015-12-31": "1.42", "2015-09-30": "1.35", "2015-06-30": "1.22", "2015-03-31": "1.29", "2014-12-31": "1.28", "2014-09-30": "1.09", "2014-06-30": "1.15", "2014-03-31": "1.08", "2013-12-31": "1.01", "2013-09-30": "1.00", "2013-06-30": "1.02", "2013-03-31": "1.09", "2012-12-31": "0.99", "2012-09-30": "1.01", "2012-06-30": "1.02", "2012-03-31": "0.92", "2011-12-31": "0.93", "2011-09-30": "0.81", "2011-06-30": "0.80", "2011-03-31": "0.78", "2010-12-31": "0.75", "2010-09-30": "0.71", "2010-06-30": "0.65", "2010-03-31": "0.68", "2009-12-31": "0.68", "2009-09-30": "0.60", "2009-06-30": "0.53", "2009-03-31": "0.50", "2008-12-31": "0.47", "2008-09-30": "0.50", "2008-06-30": "0.51", "2008-03-31": "0.52", "2007-12-31": "0.60", "2007-09-30": "0.57", "2007-06-30": "0.54", "2007-03-31": "0.65", "2006-12-31": "0.59"}, "price book": {"current": "2.37", "2021-02-11": "2.35", "2020-09-30": "2.61", "2020-06-30": "2.42", "2020-03-31": "2.33", "2019-12-31": "2.45", "2019-09-30": "2.51", "2019-06-30": "2.38", "2019-03-31": "2.24", "2018-12-31": "1.96", "2018-09-30": "1.87", "2018-06-30": "1.86", "2018-03-31": "1.85", "2017-12-31": "1.96", "2017-09-30": "1.91", "2017-06-30": "1.89", "2017-03-31": "1.83", "2016-12-31": "1.67", "2016-09-30": "1.68", "2016-06-30": "1.86", "2016-03-31": "1.73", "2015-12-31": "1.48", "2015-09-30": "1.45", "2015-06-30": "1.34", "2015-03-31": "1.44", "2014-12-31": "1.47", "2014-09-30": "1.24", "2014-06-30": "1.34", "2014-03-31": "1.26", "2013-12-31": "1.16", "2013-09-30": "1.14", "2013-06-30": "1.19", "2013-03-31": "1.24", "2012-12-31": "1.13", "2012-09-30": "1.16", "2012-06-30": "1.22", "2012-03-31": "1.13", "2011-12-31": "1.17", "2011-09-30": "1.03", "2011-06-30": "1.02", "2011-03-31": "1.00", "2010-12-31": "0.98", "2010-09-30": "0.96", "2010-06-30": "0.88", "2010-03-31": "0.89", "2009-12-31": "0.89", "2009-09-30": "0.81", "2009-06-30": "0.77", "2009-03-31": "0.77", "2008-12-31": "0.77", "2008-09-30": "0.82", "2008-06-30": "0.84", "2008-03-31": "0.82", "2007-12-31": "0.93", "2007-09-30": "0.88", "2007-06-30": "0.85", "2007-03-31": "1.00", "2006-12-31": "0.93", "2006-09-30": "0.85", "2006-06-30": "0.79", "2006-03-31": "0.75"}, "price fcf": {"2021-02-11": "", "2020-09-30": "$-3.82", "2020-06-30": "$-3.86", "2020-03-31": "$-3.53", "2019-12-31": "$-1.85", "2019-09-30": "$-2.15", "2019-06-30": "$-1.50", "2019-03-31": "$-1.79", "2018-12-31": "$-1.63", "2018-09-30": "$-0.82", "2018-06-30": "$-0.69", "2018-03-31": "$-0.12", "2017-12-31": "$-0.23", "2017-09-30": "$-0.53", "2017-06-30": "$-0.66", "2017-03-31": "$-0.54", "2016-12-31": "$-0.28", "2016-09-30": "$-1.40", "2016-06-30": "$-1.31", "2016-03-31": "$-1.49", "2015-12-31": "$-1.27", "2015-09-30": "$0.11", "2015-06-30": "$0.05", "2015-03-31": "$-0.19", "2014-12-31": "$-1.07", "2014-09-30": "$-1.24", "2014-06-30": "$-1.58", "2014-03-31": "$-1.80", "2013-12-31": "$-1.56", "2013-09-30": "$-1.58", "2013-06-30": "$-1.72", "2013-03-31": "$-1.34", "2012-12-31": "$-1.16", "2012-09-30": "$-0.73", "2012-06-30": "$-0.08", "2012-03-31": "$0.13", "2011-12-31": "$0.41", "2011-09-30": "$0.23", "2011-06-30": "$-0.39", "2011-03-31": "$-0.41", "2010-12-31": "$-0.51", "2010-09-30": "$-0.48", "2010-06-30": "$-0.21", "2010-03-31": "$-0.29", "2009-12-31": "$0.30", "2009-09-30": "$0.44", "2009-06-30": "$-0.03", "2009-03-31": "$-0.37", "2008-12-31": "$-0.96", "2008-09-30": "$-1.58", "2008-06-30": "$-1.53", "2008-03-31": "$-1.21", "2007-12-31": "$-1.07", "2007-09-30": "$-0.51", "2007-06-30": "$-0.47", "2007-03-31": "$0.14", "2006-12-31": "$0.75"}, "net worth": {"value": "$32.64B"}, "current ratio": {"2020-12-31": "0.00", "2020-09-30": "0.87", "2020-06-30": "0.80", "2020-03-31": "0.51", "2019-12-31": "0.68", "2019-09-30": "0.72", "2019-06-30": "0.58", "2019-03-31": "0.66", "2018-12-31": "0.69", "2018-09-30": "0.78", "2018-06-30": "0.73", "2018-03-31": "0.68", "2017-12-31": "0.73", "2017-09-30": "0.87", "2017-06-30": "0.75", "2017-03-31": "0.71", "2016-12-31": "0.88", "2016-09-30": "0.89", "2016-06-30": "0.77", "2016-03-31": "0.86", "2015-12-31": "0.68", "2015-09-30": "1.08", "2015-06-30": "0.86", "2015-03-31": "0.81", "2014-12-31": "0.83", "2014-09-30": "0.92", "2014-06-30": "1.02", "2014-03-31": "0.90", "2013-12-31": "0.88", "2013-09-30": "1.10", "2013-06-30": "1.05", "2013-03-31": "1.07", "2012-12-31": "0.89", "2012-09-30": "1.07", "2012-06-30": "0.67", "2012-03-31": "0.69", "2011-12-31": "0.83", "2011-09-30": "1.08", "2011-06-30": "0.94", "2011-03-31": "1.01", "2010-12-31": "1.08", "2010-09-30": "1.15", "2010-06-30": "0.97", "2010-03-31": "0.85", "2009-12-31": "0.96", "2009-09-30": "1.00", "2009-06-30": "1.00", "2009-03-31": "0.91", "2008-12-31": "0.99", "2008-09-30": "1.00", "2008-06-30": "0.84", "2008-03-31": "0.92", "2007-12-31": "0.77", "2007-09-30": "1.07", "2007-06-30": "0.87", "2007-03-31": "0.86", "2006-12-31": "0.92", "2006-09-30": "1.12", "2006-06-30": "0.97", "2006-03-31": "0.78", "2005-12-31": "0.86", "2005-09-30": "1.14", "2005-06-30": "1.13", "2005-03-31": "1.22"}, "quick ratio": {"2020-12-31": "0.00", "2020-09-30": "0.76", "2020-06-30": "0.71", "2020-03-31": "0.43", "2019-12-31": "0.56", "2019-09-30": "0.61", "2019-06-30": "0.49", "2019-03-31": "0.56", "2018-12-31": "0.57", "2018-09-30": "0.65", "2018-06-30": "0.61", "2018-03-31": "0.56", "2017-12-31": "0.58", "2017-09-30": "0.68", "2017-06-30": "0.60", "2017-03-31": "0.57", "2016-12-31": "0.69", "2016-09-30": "0.71", "2016-06-30": "0.62", "2016-03-31": "0.69", "2015-12-31": "0.53", "2015-09-30": "0.88", "2015-06-30": "0.71", "2015-03-31": "0.68", "2014-12-31": "0.68", "2014-09-30": "0.74", "2014-06-30": "0.86", "2014-03-31": "0.78", "2013-12-31": "0.72", "2013-09-30": "0.89", "2013-06-30": "0.86", "2013-03-31": "0.89", "2012-12-31": "0.71", "2012-09-30": "0.89", "2012-06-30": "0.55", "2012-03-31": "0.56", "2011-12-31": "0.66", "2011-09-30": "0.85", "2011-06-30": "0.76", "2011-03-31": "0.83", "2010-12-31": "0.86", "2010-09-30": "0.88", "2010-06-30": "0.77", "2010-03-31": "0.69", "2009-12-31": "0.78", "2009-09-30": "0.77", "2009-06-30": "0.83", "2009-03-31": "0.75", "2008-12-31": "0.77", "2008-09-30": "0.76", "2008-06-30": "0.68", "2008-03-31": "0.77", "2007-12-31": "0.63", "2007-09-30": "0.86", "2007-06-30": "0.72", "2007-03-31": "0.72", "2006-12-31": "0.74", "2006-09-30": "0.88", "2006-06-30": "0.81", "2006-03-31": "0.66", "2005-12-31": "0.71", "2005-09-30": "0.96", "2005-06-30": "0.98", "2005-03-31": "1.05"}, "debt equity ratio": {"current": "1.45", "2020-12-31": "0.00", "2020-09-30": "2.90", "2020-06-30": "2.99", "2020-03-31": "2.84", "2019-12-31": "2.81", "2019-09-30": "2.82", "2019-06-30": "2.93", "2019-03-31": "2.88", "2018-12-31": "2.76", "2018-09-30": "2.69", "2018-06-30": "2.80", "2018-03-31": "2.73", "2017-12-31": "2.76", "2017-09-30": "2.71", "2017-06-30": "2.76", "2017-03-31": "2.73", "2016-12-31": "2.73", "2016-09-30": "2.67", "2016-06-30": "2.69", "2016-03-31": "2.66", "2015-12-31": "2.66", "2015-09-30": "2.61", "2015-06-30": "2.63", "2015-03-31": "2.61", "2014-12-31": "2.62", "2014-09-30": "2.48", "2014-06-30": "2.50", "2014-03-31": "2.51", "2013-12-31": "2.55", "2013-09-30": "2.47", "2013-06-30": "2.47", "2013-03-31": "2.45", "2012-12-31": "2.51", "2012-09-30": "2.51", "2012-06-30": "2.48", "2012-03-31": "2.45", "2011-12-31": "2.48", "2011-09-30": "2.34", "2011-06-30": "2.36", "2011-03-31": "2.32", "2010-12-31": "2.35", "2010-09-30": "2.41", "2010-06-30": "2.41", "2010-03-31": "2.40", "2009-12-31": "2.43", "2009-09-30": "2.44", "2009-06-30": "2.48", "2009-03-31": "2.44", "2008-12-31": "2.53", "2008-09-30": "2.52", "2008-06-30": "2.66", "2008-03-31": "2.62", "2007-12-31": "2.62", "2007-09-30": "2.64", "2007-06-30": "2.65", "2007-03-31": "2.68", "2006-12-31": "2.71", "2006-09-30": "2.66", "2006-06-30": "2.76", "2006-03-31": "2.76", "2005-12-31": "2.91", "2005-09-30": "2.93", "2005-06-30": "2.83", "2005-03-31": "2.78"}, "return on equity": {"2020-12-31": "14.56%", "2020-09-30": "11.00%", "2020-06-30": "10.56%", "2020-03-31": "10.39%", "2019-12-31": "10.74%", "2019-09-30": "10.34%", "2019-06-30": "10.25%", "2019-03-31": "10.63%", "2018-12-31": "10.60%", "2018-09-30": "10.57%", "2018-06-30": "10.74%", "2018-03-31": "10.53%", "2017-12-31": "10.18%", "2017-09-30": "10.62%", "2017-06-30": "10.42%", "2017-03-31": "10.24%", "2016-12-31": "10.35%", "2016-09-30": "10.29%", "2016-06-30": "10.09%", "2016-03-31": "10.20%", "2015-12-31": "9.45%", "2015-09-30": "9.42%", "2015-06-30": "8.95%", "2015-03-31": "9.01%", "2014-12-31": "10.20%", "2014-09-30": "9.90%", "2014-06-30": "10.02%", "2014-03-31": "10.20%", "2013-12-31": "10.10%", "2013-09-30": "10.19%", "2013-06-30": "10.75%", "2013-03-31": "10.81%", "2012-12-31": "10.39%", "2012-09-30": "10.52%", "2012-06-30": "9.87%", "2012-03-31": "9.64%", "2011-12-31": "9.94%", "2011-09-30": "9.97%", "2011-06-30": "9.94%", "2011-03-31": "9.96%", "2010-12-31": "9.75%", "2010-09-30": "10.43%", "2010-06-30": "9.35%", "2010-03-31": "9.14%", "2009-12-31": "9.33%", "2009-09-30": "9.37%", "2009-06-30": "9.51%", "2009-03-31": "9.59%", "2008-12-31": "9.52%", "2008-09-30": "9.31%", "2008-06-30": "10.06%", "2008-03-31": "9.62%", "2007-12-31": "9.28%", "2007-09-30": "8.87%", "2007-06-30": "8.53%", "2007-03-31": "9.18%", "2006-12-31": "9.86%", "2006-09-30": "10.29%", "2006-06-30": "9.93%", "2006-03-31": "9.80%", "2005-12-31": "9.36%"}, "return on assets": {"2020-12-31": "3.72%", "2020-09-30": "2.83%", "2020-06-30": "2.73%", "2020-03-31": "2.70%", "2019-12-31": "2.78%", "2019-09-30": "2.69%", "2019-06-30": "2.69%", "2019-03-31": "2.81%", "2018-12-31": "2.83%", "2018-09-30": "2.82%", "2018-06-30": "2.86%", "2018-03-31": "2.81%", "2017-12-31": "2.72%", "2017-09-30": "2.84%", "2017-06-30": "2.80%", "2017-03-31": "2.76%", "2016-12-31": "2.81%", "2016-09-30": "2.80%", "2016-06-30": "2.76%", "2016-03-31": "2.80%", "2015-12-31": "2.61%", "2015-09-30": "2.60%", "2015-06-30": "2.50%", "2015-03-31": "2.53%", "2014-12-31": "2.89%", "2014-09-30": "2.82%", "2014-06-30": "2.86%", "2014-03-31": "2.92%", "2013-12-31": "2.90%", "2013-09-30": "2.93%", "2013-06-30": "3.08%", "2013-03-31": "3.10%", "2012-12-31": "2.98%", "2012-09-30": "3.02%", "2012-06-30": "2.87%", "2012-03-31": "2.83%", "2011-12-31": "2.95%", "2011-09-30": "2.98%", "2011-06-30": "2.96%", "2011-03-31": "2.96%", "2010-12-31": "2.88%", "2010-09-30": "3.06%", "2010-06-30": "2.74%", "2010-03-31": "2.66%", "2009-12-31": "2.71%", "2009-09-30": "2.70%", "2009-06-30": "2.72%", "2009-03-31": "2.71%", "2008-12-31": "2.66%", "2008-09-30": "2.58%", "2008-06-30": "2.77%", "2008-03-31": "2.65%", "2007-12-31": "2.54%", "2007-09-30": "2.42%", "2007-06-30": "2.32%", "2007-03-31": "2.48%", "2006-12-31": "2.65%", "2006-09-30": "2.73%", "2006-06-30": "2.59%", "2006-03-31": "2.54%", "2005-12-31": "2.42%"}, "return on investments": {"2020-12-31": "8.74%", "2020-09-30": "6.71%", "2020-06-30": "6.74%", "2020-03-31": "6.95%", "2019-12-31": "7.17%", "2019-09-30": "6.94%", "2019-06-30": "6.87%", "2019-03-31": "7.10%", "2018-12-31": "7.23%", "2018-09-30": "7.75%", "2018-06-30": "8.36%", "2018-03-31": "8.56%", "2017-12-31": "8.72%", "2017-09-30": "8.98%", "2017-06-30": "9.14%", "2017-03-31": "9.13%", "2016-12-31": "9.21%", "2016-09-30": "9.21%", "2016-06-30": "9.15%", "2016-03-31": "9.28%", "2015-12-31": "8.88%", "2015-09-30": "8.79%", "2015-06-30": "8.39%", "2015-03-31": "8.32%", "2014-12-31": "9.06%", "2014-09-30": "8.89%", "2014-06-30": "9.01%", "2014-03-31": "9.20%", "2013-12-31": "9.14%", "2013-09-30": "9.26%", "2013-06-30": "9.72%", "2013-03-31": "10.11%", "2012-12-31": "10.07%", "2012-09-30": "10.47%", "2012-06-30": "10.22%", "2012-03-31": "9.90%", "2011-12-31": "10.11%", "2011-09-30": "9.97%", "2011-06-30": "9.70%", "2011-03-31": "9.74%", "2010-12-31": "9.93%", "2010-09-30": "10.47%", "2010-06-30": "10.02%", "2010-03-31": "9.83%", "2009-12-31": "9.69%", "2009-09-30": "9.77%", "2009-06-30": "9.79%", "2009-03-31": "9.93%", "2008-12-31": "9.85%", "2008-09-30": "9.76%", "2008-06-30": "10.28%", "2008-03-31": "10.67%", "2007-12-31": "10.51%", "2007-09-30": "10.10%", "2007-06-30": "9.64%", "2007-03-31": "9.29%", "2006-12-31": "9.83%", "2006-09-30": "10.23%", "2006-06-30": "10.02%", "2006-03-31": "9.85%", "2005-12-31": "9.38%"}, "return on tangible equity": {"2020-09-30": "11.00%", "2020-06-30": "10.56%", "2020-03-31": "10.39%", "2019-12-31": "10.74%", "2019-09-30": "10.34%", "2019-06-30": "10.25%", "2019-03-31": "10.63%", "2018-12-31": "10.60%", "2018-09-30": "10.57%", "2018-06-30": "10.74%", "2018-03-31": "10.53%", "2017-12-31": "10.18%", "2017-09-30": "10.62%", "2017-06-30": "10.42%", "2017-03-31": "10.24%", "2016-12-31": "10.35%", "2016-09-30": "10.29%", "2016-06-30": "10.09%", "2016-03-31": "10.20%", "2015-12-31": "9.45%", "2015-09-30": "9.42%", "2015-06-30": "8.95%", "2015-03-31": "9.01%", "2014-12-31": "10.20%", "2014-09-30": "9.90%", "2014-06-30": "10.02%", "2014-03-31": "10.20%", "2013-12-31": "10.10%", "2013-09-30": "10.19%", "2013-06-30": "10.75%", "2013-03-31": "10.81%", "2012-12-31": "10.39%", "2012-09-30": "10.52%", "2012-06-30": "9.87%", "2012-03-31": "9.64%", "2011-12-31": "9.94%", "2011-09-30": "9.97%", "2011-06-30": "9.94%", "2011-03-31": "9.96%", "2010-12-31": "9.75%", "2010-09-30": "10.43%", "2010-06-30": "9.35%", "2010-03-31": "9.14%", "2009-12-31": "9.33%", "2009-09-30": "9.37%", "2009-06-30": "9.51%", "2009-03-31": "9.59%", "2008-12-31": "9.52%", "2008-09-30": "9.31%", "2008-06-30": "10.06%", "2008-03-31": "9.62%", "2007-12-31": "9.28%", "2007-09-30": "8.87%", "2007-06-30": "8.53%", "2007-03-31": "9.18%", "2006-12-31": "9.86%", "2006-09-30": "10.29%", "2006-06-30": "9.93%", "2006-03-31": "9.80%", "2005-12-31": "9.36%"}, "dividend yield history": {"last payout": "$1.72", "last yield": "2.77%"}}