{"ticker": "XLNX", "price": {"title": "Xilinx Historical Annual Stock Price Data", "value": 144.2, "historical": {"2021": {"Average Stock Price": "140.7318", "Year Open": "142.4300", "Year High": "151.0800", "Year Low": "130.5700", "Year Close": "144.2000", "Annual % Change": "1.71%"}, "2020": {"Average Stock Price": "102.2991", "Year Open": "101.6500", "Year High": "152.1100", "Year Low": "68.9800", "Year Close": "141.7700", "Annual % Change": "45.00%"}, "2019": {"Average Stock Price": "107.9860", "Year Open": "86.8500", "Year High": "139.7200", "Year Low": "83.5800", "Year Close": "97.7700", "Annual % Change": "14.79%"}, "2018": {"Average Stock Price": "74.2396", "Year Open": "67.8800", "Year High": "94.6300", "Year Low": "62.8200", "Year Close": "85.1700", "Annual % Change": "26.33%"}, "2017": {"Average Stock Price": "64.5643", "Year Open": "59.0700", "Year High": "74.5000", "Year Low": "55.1000", "Year Close": "67.4200", "Annual % Change": "11.68%"}, "2016": {"Average Stock Price": "49.4525", "Year Open": "45.8000", "Year High": "61.2400", "Year Low": "41.9100", "Year Close": "60.3700", "Annual % Change": "28.53%"}, "2015": {"Average Stock Price": "43.8765", "Year Open": "43.6000", "Year High": "50.2400", "Year Low": "38.5750", "Year Close": "46.9700", "Annual % Change": "8.50%"}, "2014": {"Average Stock Price": "46.1451", "Year Open": "45.9700", "Year High": "55.0650", "Year Low": "36.2700", "Year Close": "43.2900", "Annual % Change": "-5.73%"}, "2013": {"Average Stock Price": "41.4723", "Year Open": "37.0900", "Year High": "47.9900", "Year Low": "35.5100", "Year Close": "45.9200", "Annual % Change": "28.05%"}, "2012": {"Average Stock Price": "34.1880", "Year Open": "32.4400", "Year High": "37.4500", "Year Low": "30.6300", "Year Close": "35.8610", "Annual % Change": "11.86%"}, "2011": {"Average Stock Price": "32.2864", "Year Open": "29.4200", "Year High": "37.1100", "Year Low": "27.0600", "Year Close": "32.0600", "Annual % Change": "10.63%"}, "2010": {"Average Stock Price": "26.1955", "Year Open": "25.3800", "Year High": "29.2800", "Year Low": "23.2800", "Year Close": "28.9800", "Annual % Change": "15.64%"}, "2009": {"Average Stock Price": "20.7974", "Year Open": "18.3600", "Year High": "25.3600", "Year Low": "15.4700", "Year Close": "25.0600", "Annual % Change": "40.63%"}, "2008": {"Average Stock Price": "22.5936", "Year Open": "21.1200", "Year High": "28.1600", "Year Low": "14.6100", "Year Close": "17.8200", "Annual % Change": "-18.52%"}, "2007": {"Average Stock Price": "25.6735", "Year Open": "23.6100", "Year High": "30.1800", "Year Low": "21.1600", "Year Close": "21.8700", "Annual % Change": "-8.15%"}, "2006": {"Average Stock Price": "25.0235", "Year Open": "25.7700", "Year High": "29.7900", "Year Low": "19.6000", "Year Close": "23.8100", "Annual % Change": "-5.55%"}, "2005": {"Average Stock Price": "27.2990", "Year Open": "29.2700", "Year High": "31.9200", "Year Low": "21.9400", "Year Close": "25.2100", "Annual % Change": "-15.03%"}, "2004": {"Average Stock Price": "33.5502", "Year Open": "38.5100", "Year High": "42.9000", "Year Low": "25.4400", "Year Close": "29.6700", "Annual % Change": "-23.19%"}, "2003": {"Average Stock Price": "28.0046", "Year Open": "22.0300", "Year High": "39.0500", "Year Low": "18.7000", "Year Close": "38.6300", "Annual % Change": "87.52%"}, "2002": {"Average Stock Price": "28.5630", "Year Open": "41.5500", "Year High": "45.8000", "Year Low": "13.7500", "Year Close": "20.6000", "Annual % Change": "-47.25%"}, "2001": {"Average Stock Price": "40.2671", "Year Open": "43.2500", "Year High": "57.6300", "Year Low": "21.6400", "Year Close": "39.0500", "Annual % Change": "-15.35%"}, "2000": {"Average Stock Price": "70.3827", "Year Open": "46.7500", "Year High": "97.9400", "Year Low": "39.0000", "Year Close": "46.1300", "Annual % Change": "1.45%"}, "1999": {"Average Stock Price": "29.4625", "Year Open": "16.6725", "Year High": "47.8150", "Year Low": "16.2500", "Year Close": "45.4700", "Annual % Change": "179.26%"}, "1998": {"Average Stock Price": "10.4651", "Year Open": "9.6575", "Year High": "16.2825", "Year Low": "7.6250", "Year Close": "16.2825", "Annual % Change": "85.77%"}, "1997": {"Average Stock Price": "11.3878", "Year Open": "9.0000", "Year High": "14.3750", "Year Low": "7.4225", "Year Close": "8.7650", "Annual % Change": "-4.75%"}, "1996": {"Average Stock Price": "8.8944", "Year Open": "7.8750", "Year High": "11.3750", "Year Low": "6.6550", "Year Close": "9.2025", "Annual % Change": "20.69%"}, "1995": {"Average Stock Price": "8.0321", "Year Open": "4.7292", "Year High": "13.4700", "Year Low": "4.5525", "Year Close": "7.6250", "Annual % Change": "55.08%"}, "1994": {"Average Stock Price": "4.0587", "Year Open": "4.0525", "Year High": "5.0625", "Year Low": "2.4792", "Year Close": "4.9167", "Annual % Change": "23.56%"}, "1993": {"Average Stock Price": "3.1439", "Year Open": "2.0000", "Year High": "4.3542", "Year Low": "1.9792", "Year Close": "3.9792", "Annual % Change": "89.11%"}, "1992": {"Average Stock Price": "1.9164", "Year Open": "2.0833", "Year High": "2.5208", "Year Low": "1.2817", "Year Close": "2.1042", "Annual % Change": "-2.88%"}, "1991": {"Average Stock Price": "1.9686", "Year Open": "1.1250", "Year High": "2.6875", "Year Low": "1.0525", "Year Close": "2.1667", "Annual % Change": "89.10%"}}}, "market cap": {"value": "$34.55B"}, "income statement": {"Revenue": {"2020-03-31": "3162.66600", "2019-03-31": "3059.04000", "2018-03-31": "2467.02300", "2017-03-31": "2356.74200", "2016-03-31": "2213.88100", "2015-03-31": "2377.34400", "2014-03-31": "2382.53100", "2013-03-31": "2168.65200", "2012-03-31": "2240.73600", "2011-03-31": "2369.44500", "2010-03-31": "1833.55400", "2009-03-31": "1825.18400", "2008-03-31": "1841.37200", "2007-03-31": "1842.73900", "2006-03-31": "1726.25000", "2005-03-31": "1573.23300"}, "Cost Of Goods Sold": {"2020-03-31": "1047.63000", "2019-03-31": "955.86800", "2018-03-31": "743.41900", "2017-03-31": "708.63200", "2016-03-31": "671.90700", "2015-03-31": "708.82300", "2014-03-31": "743.25300", "2013-03-31": "737.20600", "2012-03-31": "786.07800", "2011-03-31": "819.55800", "2010-03-31": "671.80300", "2009-03-31": "669.15100", "2008-03-31": "686.98800", "2007-03-31": "718.64300", "2006-03-31": "657.11900", "2005-03-31": "576.28400"}, "Gross Profit": {"2020-03-31": "2115.03600", "2019-03-31": "2103.17200", "2018-03-31": "1723.60400", "2017-03-31": "1648.11000", "2016-03-31": "1541.97400", "2015-03-31": "1668.52100", "2014-03-31": "1639.27800", "2013-03-31": "1431.44600", "2012-03-31": "1454.65800", "2011-03-31": "1549.88700", "2010-03-31": "1161.75100", "2009-03-31": "1156.03300", "2008-03-31": "1154.38400", "2007-03-31": "1124.09600", "2006-03-31": "1069.13100", "2005-03-31": "996.94900"}, "Research And Development Expenses": {"2020-03-31": "853.58900", "2019-03-31": "743.02700", "2018-03-31": "639.75000", "2017-03-31": "601.44300", "2016-03-31": "533.89100", "2015-03-31": "525.74500", "2014-03-31": "492.44700", "2013-03-31": "475.52200", "2012-03-31": "435.27600", "2011-03-31": "392.48200", "2010-03-31": "369.48500", "2009-03-31": "355.39200", "2008-03-31": "358.06300", "2007-03-31": "388.10100", "2006-03-31": "326.12600", "2005-03-31": "307.44800"}, "SG&A Expenses": {"2020-03-31": "432.30800", "2019-03-31": "398.41600", "2018-03-31": "362.32900", "2017-03-31": "335.15000", "2016-03-31": "331.65200", "2015-03-31": "353.67000", "2014-03-31": "378.60700", "2013-03-31": "365.68400", "2012-03-31": "365.27200", "2011-03-31": "350.62600", "2010-03-31": "327.56000", "2009-03-31": "343.76800", "2008-03-31": "365.32500", "2007-03-31": "377.71900", "2006-03-31": "316.30200", "2005-03-31": "303.59500"}, "Other Operating Income Or Expenses": {"2020-03-31": "", "2019-03-31": "", "2018-03-31": "", "2017-03-31": "", "2016-03-31": "", "2015-03-31": "", "2014-03-31": "-9.41000", "2013-03-31": "", "2012-03-31": "-15.40000", "2011-03-31": "0.00000", "2010-03-31": "", "2009-03-31": "", "2008-03-31": "", "2007-03-31": "-2.50000", "2006-03-31": "-3.16500", "2005-03-31": ""}, "Operating Expenses": {"2020-03-31": "2370.77800", "2019-03-31": "2102.24100", "2018-03-31": "1781.00100", "2017-03-31": "1650.35200", "2016-03-31": "1544.00000", "2015-03-31": "1622.26600", "2014-03-31": "1633.60400", "2013-03-31": "1587.92000", "2012-03-31": "1612.96300", "2011-03-31": "1574.04600", "2010-03-31": "1401.40500", "2009-03-31": "1395.66600", "2008-03-31": "1417.17800", "2007-03-31": "1494.97200", "2006-03-31": "1314.18800", "2005-03-31": "1201.19300"}, "Operating Income": {"2020-03-31": "791.88790", "2019-03-31": "956.79910", "2018-03-31": "686.02200", "2017-03-31": "706.38990", "2016-03-31": "669.88120", "2015-03-31": "755.07800", "2014-03-31": "748.92690", "2013-03-31": "580.73220", "2012-03-31": "627.77310", "2011-03-31": "795.39920", "2010-03-31": "432.14890", "2009-03-31": "429.51790", "2008-03-31": "424.19400", "2007-03-31": "347.76710", "2006-03-31": "412.06190", "2005-03-31": "372.04000"}, "Total Non-Operating Income/Expense": {"2020-03-31": "42.09600", "2019-03-31": "11.53300", "2018-03-31": "5.35700", "2017-03-31": "-8.31400", "2016-03-31": "-33.05600", "2015-03-31": "-15.00200", "2014-03-31": "-39.40100", "2013-03-31": "-33.72600", "2012-03-31": "-30.72200", "2011-03-31": "-24.31900", "2010-03-31": "-10.38400", "2009-03-31": "28.50800", "2008-03-31": "45.29500", "2007-03-31": "83.37900", "2006-03-31": "44.54000", "2005-03-31": "28.50400"}, "Pre-Tax Income": {"2020-03-31": "833.98400", "2019-03-31": "968.33200", "2018-03-31": "691.37900", "2017-03-31": "698.07600", "2016-03-31": "636.82500", "2015-03-31": "740.07600", "2014-03-31": "709.52600", "2013-03-31": "547.00600", "2012-03-31": "597.05100", "2011-03-31": "771.08000", "2010-03-31": "421.76500", "2009-03-31": "458.02600", "2008-03-31": "469.48900", "2007-03-31": "431.14600", "2006-03-31": "456.60200", "2005-03-31": "400.54400"}, "Income Taxes": {"2020-03-31": "41.26300", "2019-03-31": "78.58200", "2018-03-31": "227.39800", "2017-03-31": "69.94300", "2016-03-31": "85.95800", "2015-03-31": "91.86000", "2014-03-31": "79.13800", "2013-03-31": "59.47000", "2012-03-31": "66.97200", "2011-03-31": "129.20500", "2010-03-31": "64.28100", "2009-03-31": "96.30700", "2008-03-31": "100.17400", "2007-03-31": "80.47400", "2006-03-31": "102.45300", "2005-03-31": "87.82100"}, "Income After Taxes": {"2020-03-31": "792.72100", "2019-03-31": "889.75000", "2018-03-31": "463.98100", "2017-03-31": "628.13300", "2016-03-31": "550.86700", "2015-03-31": "648.21600", "2014-03-31": "630.38800", "2013-03-31": "487.53600", "2012-03-31": "530.07900", "2011-03-31": "641.87500", "2010-03-31": "357.48400", "2009-03-31": "361.71900", "2008-03-31": "369.31500", "2007-03-31": "350.67200", "2006-03-31": "354.14900", "2005-03-31": "312.72300"}, "Other Income": {"2020-03-31": "", "2019-03-31": "", "2018-03-31": "", "2017-03-31": "", "2016-03-31": "", "2015-03-31": "", "2014-03-31": "", "2013-03-31": "", "2012-03-31": "", "2011-03-31": "", "2010-03-31": "", "2009-03-31": "", "2008-03-31": "", "2007-03-31": "", "2006-03-31": "", "2005-03-31": ""}, "Income From Continuous Operations": {"2020-03-31": "792.72100", "2019-03-31": "889.75000", "2018-03-31": "463.98100", "2017-03-31": "628.13300", "2016-03-31": "550.86700", "2015-03-31": "648.21600", "2014-03-31": "630.38800", "2013-03-31": "487.53600", "2012-03-31": "530.07900", "2011-03-31": "641.87500", "2010-03-31": "357.48400", "2009-03-31": "361.71900", "2008-03-31": "369.31500", "2007-03-31": "350.67200", "2006-03-31": "354.14900", "2005-03-31": "312.72300"}, "Income From Discontinued Operations": {"2020-03-31": "", "2019-03-31": "", "2018-03-31": "", "2017-03-31": "", "2016-03-31": "", "2015-03-31": "", "2014-03-31": "", "2013-03-31": "", "2012-03-31": "", "2011-03-31": "", "2010-03-31": "", "2009-03-31": "", "2008-03-31": "", "2007-03-31": "", "2006-03-31": "", "2005-03-31": ""}, "Net Income": {"2020-03-31": "792.72100", "2019-03-31": "889.75000", "2018-03-31": "463.98100", "2017-03-31": "628.13300", "2016-03-31": "550.86700", "2015-03-31": "648.21600", "2014-03-31": "630.38800", "2013-03-31": "487.53600", "2012-03-31": "530.07900", "2011-03-31": "641.87500", "2010-03-31": "357.48400", "2009-03-31": "361.71900", "2008-03-31": "369.31500", "2007-03-31": "350.67200", "2006-03-31": "354.14900", "2005-03-31": "312.72300"}, "EBITDA": {"2020-03-31": "950.08390", "2019-03-31": "1062.30300", "2018-03-31": "785.32400", "2017-03-31": "780.70790", "2016-03-31": "750.37020", "2015-03-31": "842.01400", "2014-03-31": "840.51790", "2013-03-31": "670.17220", "2012-03-31": "715.66610", "2011-03-31": "868.21220", "2010-03-31": "501.20290", "2009-03-31": "505.62090", "2008-03-31": "500.75400", "2007-03-31": "421.69110", "2006-03-31": "481.61090", "2005-03-31": "435.10210"}, "EBIT": {"2020-03-31": "791.88790", "2019-03-31": "956.79910", "2018-03-31": "686.02200", "2017-03-31": "706.38990", "2016-03-31": "669.88120", "2015-03-31": "755.07800", "2014-03-31": "748.92690", "2013-03-31": "580.73220", "2012-03-31": "627.77310", "2011-03-31": "795.39920", "2010-03-31": "432.14890", "2009-03-31": "429.51790", "2008-03-31": "424.19400", "2007-03-31": "347.76710", "2006-03-31": "412.06190", "2005-03-31": "372.04000"}, "Basic Shares Outstanding": {"2020-03-31": "251.73200", "2019-03-31": "252.76200", "2018-03-31": "249.59500", "2017-03-31": "252.30100", "2016-03-31": "257.18400", "2015-03-31": "265.48000", "2014-03-31": "266.43100", "2013-03-31": "261.65200", "2012-03-31": "263.78300", "2011-03-31": "264.09400", "2010-03-31": "276.01200", "2009-03-31": "276.11300", "2008-03-31": "295.05000", "2007-03-31": "337.92000", "2006-03-31": "349.02600", "2005-03-31": "347.81000"}, "Shares Outstanding": {"2020-03-31": "254.94300", "2019-03-31": "256.43400", "2018-03-31": "257.96000", "2017-03-31": "268.81300", "2016-03-31": "268.66700", "2015-03-31": "276.12300", "2014-03-31": "287.39600", "2013-03-31": "272.57300", "2012-03-31": "272.15700", "2011-03-31": "268.06100", "2010-03-31": "276.95300", "2009-03-31": "276.85400", "2008-03-31": "298.63600", "2007-03-31": "343.63600", "2006-03-31": "355.06500", "2005-03-31": "358.23000"}, "Basic EPS": {"2020-03-31": "3.15000", "2019-03-31": "3.52000", "2018-03-31": "1.86000", "2017-03-31": "2.49000", "2016-03-31": "2.14000", "2015-03-31": "2.44000", "2014-03-31": "2.37000", "2013-03-31": "1.86000", "2012-03-31": "2.01000", "2011-03-31": "2.43000", "2010-03-31": "1.30000", "2009-03-31": "1.31000", "2008-03-31": "1.25000", "2007-03-31": "1.04000", "2006-03-31": "1.01000", "2005-03-31": "0.90000"}, "EPS - Earnings Per Share": {"2020-03-31": "3.11000", "2019-03-31": "3.47000", "2018-03-31": "1.80000", "2017-03-31": "2.34000", "2016-03-31": "2.05000", "2015-03-31": "2.35000", "2014-03-31": "2.19000", "2013-03-31": "1.79000", "2012-03-31": "1.95000", "2011-03-31": "2.39000", "2010-03-31": "1.29000", "2009-03-31": "1.31000", "2008-03-31": "1.24000", "2007-03-31": "1.02000", "2006-03-31": "1.00000", "2005-03-31": "0.87000"}}, "income statement, quarterly": {"Revenue": {"2020-12-31": "803.40400", "2020-09-30": "766.53500", "2020-06-30": "726.67300", "2020-03-31": "756.16900", "2019-12-31": "723.49900", "2019-09-30": "833.36600", "2019-06-30": "849.63200", "2019-03-31": "828.36100", "2018-12-31": "800.05700", "2018-09-30": "746.25200", "2018-06-30": "684.37000", "2018-03-31": "638.19100", "2017-12-31": "598.60300", "2017-09-30": "627.41900", "2017-06-30": "602.81000", "2017-03-31": "616.86400", "2016-12-31": "585.68800", "2016-09-30": "579.20900", "2016-06-30": "574.98100", "2016-03-31": "571.06610", "2015-12-31": "566.23500", "2015-09-30": "527.57200", "2015-06-30": "549.00800", "2015-03-31": "566.90000", "2014-12-31": "593.54900", "2014-09-30": "604.26200", "2014-06-30": "612.63300", "2014-03-31": "617.82310", "2013-12-31": "586.81600", "2013-09-30": "598.93700", "2013-06-30": "578.95500", "2013-03-31": "532.16820", "2012-12-31": "509.76700", "2012-09-30": "543.93300", "2012-06-30": "582.78400", "2012-03-31": "558.97300", "2011-12-31": "511.09100", "2011-09-30": "555.20900", "2011-06-30": "615.46300", "2011-03-31": "587.85210", "2010-12-31": "567.19000", "2010-09-30": "619.66600", "2010-06-30": "594.73700", "2010-03-31": "529.02000", "2009-12-31": "513.34900", "2009-09-30": "414.95000", "2009-06-30": "376.23500", "2009-03-31": "395.01400", "2008-12-31": "458.38700", "2008-09-30": "483.53700", "2008-06-30": "488.24600", "2008-03-31": "475.75990", "2007-12-31": "474.80600", "2007-09-30": "444.89400", "2007-06-30": "445.91200", "2007-03-31": "443.47200", "2006-12-31": "450.72500", "2006-09-30": "467.18000", "2006-06-30": "481.36200", "2006-03-31": "472.33710", "2005-12-31": "449.60500", "2005-09-30": "398.92900", "2005-06-30": "405.37900", "2005-03-31": "390.97710"}, "Cost Of Goods Sold": {"2020-12-31": "256.40400", "2020-09-30": "224.81600", "2020-06-30": "232.80000", "2020-03-31": "227.73400", "2019-12-31": "240.02100", "2019-09-30": "293.10600", "2019-06-30": "286.76900", "2019-03-31": "269.45700", "2018-12-31": "247.90300", "2018-09-30": "231.62000", "2018-06-30": "206.88800", "2018-03-31": "188.94100", "2017-12-31": "177.96900", "2017-09-30": "185.68500", "2017-06-30": "190.82400", "2017-03-31": "186.22710", "2016-12-31": "178.23300", "2016-09-30": "175.87500", "2016-06-30": "168.29700", "2016-03-31": "175.79900", "2015-12-31": "178.51400", "2015-09-30": "157.64000", "2015-06-30": "159.95400", "2015-03-31": "170.37900", "2014-12-31": "179.63800", "2014-09-30": "169.61700", "2014-06-30": "189.18900", "2014-03-31": "199.94500", "2013-12-31": "180.79200", "2013-09-30": "182.81600", "2013-06-30": "179.70000", "2013-03-31": "180.58900", "2012-12-31": "170.49300", "2012-09-30": "187.71300", "2012-06-30": "198.41100", "2012-03-31": "187.57700", "2011-12-31": "174.80500", "2011-09-30": "200.56400", "2011-06-30": "223.13200", "2011-03-31": "203.70300", "2010-12-31": "194.41900", "2010-09-30": "213.26000", "2010-06-30": "208.17600", "2010-03-31": "185.48400", "2009-12-31": "184.32000", "2009-09-30": "158.17700", "2009-06-30": "143.82200", "2009-03-31": "149.90700", "2008-12-31": "165.33100", "2008-09-30": "177.40700", "2008-06-30": "176.50600", "2008-03-31": "173.97400", "2007-12-31": "174.41400", "2007-09-30": "170.12200", "2007-06-30": "168.47800", "2007-03-31": "168.04100", "2006-12-31": "177.96300", "2006-09-30": "180.58000", "2006-06-30": "192.05900", "2006-03-31": "178.19300", "2005-12-31": "166.47600", "2005-09-30": "153.96800", "2005-06-30": "158.48200", "2005-03-31": "152.00100"}, "Gross Profit": {"2020-12-31": "547.00000", "2020-09-30": "541.71900", "2020-06-30": "493.87300", "2020-03-31": "528.43510", "2019-12-31": "483.47800", "2019-09-30": "540.26000", "2019-06-30": "562.86300", "2019-03-31": "558.90400", "2018-12-31": "552.15400", "2018-09-30": "514.63200", "2018-06-30": "477.48200", "2018-03-31": "449.25000", "2017-12-31": "420.63400", "2017-09-30": "441.73400", "2017-06-30": "411.98600", "2017-03-31": "430.63690", "2016-12-31": "407.45500", "2016-09-30": "403.33400", "2016-06-30": "406.68400", "2016-03-31": "395.26710", "2015-12-31": "387.72100", "2015-09-30": "369.93200", "2015-06-30": "389.05400", "2015-03-31": "396.52100", "2014-12-31": "413.91100", "2014-09-30": "434.64500", "2014-06-30": "423.44400", "2014-03-31": "417.87810", "2013-12-31": "406.02400", "2013-09-30": "416.12100", "2013-06-30": "399.25500", "2013-03-31": "351.57920", "2012-12-31": "339.27400", "2012-09-30": "356.22000", "2012-06-30": "384.37300", "2012-03-31": "371.39600", "2011-12-31": "336.28600", "2011-09-30": "354.64500", "2011-06-30": "392.33100", "2011-03-31": "384.14910", "2010-12-31": "372.77100", "2010-09-30": "406.40600", "2010-06-30": "386.56100", "2010-03-31": "343.53600", "2009-12-31": "329.02900", "2009-09-30": "256.77300", "2009-06-30": "232.41300", "2009-03-31": "245.10700", "2008-12-31": "293.05600", "2008-09-30": "306.13000", "2008-06-30": "311.74000", "2008-03-31": "301.78590", "2007-12-31": "300.39200", "2007-09-30": "274.77200", "2007-06-30": "277.43400", "2007-03-31": "275.43110", "2006-12-31": "272.76200", "2006-09-30": "286.60000", "2006-06-30": "289.30300", "2006-03-31": "294.14410", "2005-12-31": "283.12900", "2005-09-30": "244.96100", "2005-06-30": "246.89700", "2005-03-31": "238.97600"}, "Research And Development Expenses": {"2020-12-31": "235.01800", "2020-09-30": "219.64700", "2020-06-30": "210.11300", "2020-03-31": "214.96900", "2019-12-31": "211.54100", "2019-09-30": "222.97900", "2019-06-30": "204.10000", "2019-03-31": "199.50000", "2018-12-31": "189.32900", "2018-09-30": "183.37200", "2018-06-30": "170.82600", "2018-03-31": "162.48300", "2017-12-31": "166.23100", "2017-09-30": "157.98500", "2017-06-30": "153.05100", "2017-03-31": "164.25600", "2016-12-31": "159.24800", "2016-09-30": "141.81400", "2016-06-30": "136.12500", "2016-03-31": "135.64500", "2015-12-31": "141.37800", "2015-09-30": "130.22000", "2015-06-30": "126.64800", "2015-03-31": "131.94200", "2014-12-31": "133.45500", "2014-09-30": "138.33500", "2014-06-30": "122.01300", "2014-03-31": "127.81200", "2013-12-31": "128.09200", "2013-09-30": "125.00200", "2013-06-30": "111.54100", "2013-03-31": "111.13300", "2012-12-31": "129.05500", "2012-09-30": "113.88700", "2012-06-30": "121.44700", "2012-03-31": "115.24000", "2011-12-31": "108.24500", "2011-09-30": "105.77400", "2011-06-30": "106.01700", "2011-03-31": "102.96700", "2010-12-31": "98.45300", "2010-09-30": "96.57800", "2010-06-30": "94.48400", "2010-03-31": "94.24000", "2009-12-31": "101.86700", "2009-09-30": "90.14500", "2009-06-30": "83.23300", "2009-03-31": "88.19000", "2008-12-31": "86.96700", "2008-09-30": "89.50100", "2008-06-30": "90.73400", "2008-03-31": "90.88800", "2007-12-31": "91.01100", "2007-09-30": "88.29400", "2007-06-30": "87.87000", "2007-03-31": "98.47600", "2006-12-31": "96.09200", "2006-09-30": "95.95100", "2006-06-30": "97.58200", "2006-03-31": "86.39600", "2005-12-31": "81.07300", "2005-09-30": "79.95300", "2005-06-30": "78.70400", "2005-03-31": "80.03400"}, "SG&A Expenses": {"2020-12-31": "136.70100", "2020-09-30": "113.79300", "2020-06-30": "105.38300", "2020-03-31": "103.67500", "2019-12-31": "109.61200", "2019-09-30": "111.59600", "2019-06-30": "107.42500", "2019-03-31": "107.16000", "2018-12-31": "103.03900", "2018-09-30": "97.68500", "2018-06-30": "90.53200", "2018-03-31": "89.34800", "2017-12-31": "92.75300", "2017-09-30": "91.05300", "2017-06-30": "89.17500", "2017-03-31": "84.79700", "2016-12-31": "83.78000", "2016-09-30": "83.46300", "2016-06-30": "83.11000", "2016-03-31": "80.27800", "2015-12-31": "84.47000", "2015-09-30": "84.76100", "2015-06-30": "82.14300", "2015-03-31": "79.19800", "2014-12-31": "88.07600", "2014-09-30": "93.88300", "2014-06-30": "92.51300", "2014-03-31": "98.08700", "2013-12-31": "91.79400", "2013-09-30": "96.33900", "2013-06-30": "92.38700", "2013-03-31": "90.73200", "2012-12-31": "86.82300", "2012-09-30": "91.92800", "2012-06-30": "96.20100", "2012-03-31": "91.26100", "2011-12-31": "88.93400", "2011-09-30": "88.68100", "2011-06-30": "96.39600", "2011-03-31": "92.86300", "2010-12-31": "86.53100", "2010-09-30": "87.17400", "2010-06-30": "84.05800", "2010-03-31": "90.34600", "2009-12-31": "85.03700", "2009-09-30": "78.62100", "2009-06-30": "73.55600", "2009-03-31": "77.65200", "2008-12-31": "85.03200", "2008-09-30": "88.08000", "2008-06-30": "93.00400", "2008-03-31": "92.46900", "2007-12-31": "92.45300", "2007-09-30": "90.20400", "2007-06-30": "90.19900", "2007-03-31": "95.65700", "2006-12-31": "89.97300", "2006-09-30": "95.46200", "2006-06-30": "96.62700", "2006-03-31": "81.88800", "2005-12-31": "80.68300", "2005-09-30": "77.74400", "2005-06-30": "75.98700", "2005-03-31": "74.06300"}, "Other Operating Income Or Expenses": {"2020-12-31": "", "2020-09-30": "", "2020-06-30": "", "2020-03-31": "", "2019-12-31": "", "2019-09-30": "", "2019-06-30": "", "2019-03-31": "", "2018-12-31": "", "2018-09-30": "", "2018-06-30": "", "2018-03-31": "", "2017-12-31": "", "2017-09-30": "", "2017-06-30": "", "2017-03-31": "", "2016-12-31": "", "2016-09-30": "", "2016-06-30": "", "2016-03-31": "", "2015-12-31": "", "2015-09-30": "", "2015-06-30": "", "2015-03-31": "", "2014-12-31": "", "2014-09-30": "", "2014-06-30": "", "2014-03-31": "", "2013-12-31": "19.19000", "2013-09-30": "-28.60000", "2013-06-30": "", "2013-03-31": "", "2012-12-31": "", "2012-09-30": "", "2012-06-30": "", "2012-03-31": "", "2011-12-31": "", "2011-09-30": "", "2011-06-30": "", "2011-03-31": "", "2010-12-31": "", "2010-09-30": "", "2010-06-30": "", "2010-03-31": "", "2009-12-31": "", "2009-09-30": "", "2009-06-30": "", "2009-03-31": "", "2008-12-31": "", "2008-09-30": "", "2008-06-30": "", "2008-03-31": "", "2007-12-31": "", "2007-09-30": "", "2007-06-30": "", "2007-03-31": "", "2006-12-31": "-2.50000", "2006-09-30": "", "2006-06-30": "", "2006-03-31": "", "2005-12-31": "", "2005-09-30": "-3.16500", "2005-06-30": "", "2005-03-31": ""}, "Operating Expenses": {"2020-12-31": "630.97900", "2020-09-30": "561.11800", "2020-06-30": "551.15800", "2020-03-31": "578.14090", "2019-12-31": "564.09300", "2019-09-30": "629.85000", "2019-06-30": "598.69400", "2019-03-31": "577.98200", "2018-12-31": "542.13700", "2018-09-30": "513.51600", "2018-06-30": "468.60600", "2018-03-31": "474.70700", "2017-12-31": "437.30600", "2017-09-30": "435.23300", "2017-06-30": "433.75500", "2017-03-31": "436.46400", "2016-12-31": "422.71600", "2016-09-30": "402.39600", "2016-06-30": "388.77600", "2016-03-31": "392.96490", "2015-12-31": "406.13100", "2015-09-30": "374.39000", "2015-06-30": "370.51400", "2015-03-31": "408.38010", "2014-12-31": "403.54000", "2014-09-30": "404.21300", "2014-06-30": "406.13300", "2014-03-31": "428.30610", "2013-12-31": "384.07700", "2013-09-30": "435.17500", "2013-06-30": "386.04600", "2013-03-31": "384.94090", "2012-12-31": "388.92500", "2012-09-30": "395.84700", "2012-06-30": "418.20700", "2012-03-31": "411.45910", "2011-12-31": "373.96600", "2011-09-30": "400.37000", "2011-06-30": "427.16800", "2011-03-31": "406.63690", "2010-12-31": "383.67900", "2010-09-30": "397.01200", "2010-06-30": "386.71800", "2010-03-31": "372.91700", "2009-12-31": "376.75500", "2009-09-30": "332.85800", "2009-06-30": "318.87500", "2009-03-31": "316.75510", "2008-12-31": "338.80500", "2008-09-30": "358.90100", "2008-06-30": "381.20500", "2008-03-31": "358.75700", "2007-12-31": "359.46000", "2007-09-30": "350.51700", "2007-06-30": "348.44400", "2007-03-31": "364.11380", "2006-12-31": "368.53500", "2006-09-30": "374.02400", "2006-06-30": "388.29900", "2006-03-31": "352.90610", "2005-12-31": "329.76800", "2005-09-30": "316.58500", "2005-06-30": "314.92900", "2005-03-31": "307.84800"}, "Operating Income": {"2020-12-31": "172.42500", "2020-09-30": "205.41690", "2020-06-30": "175.51500", "2020-03-31": "178.02810", "2019-12-31": "159.40600", "2019-09-30": "203.51600", "2019-06-30": "250.93800", "2019-03-31": "250.37900", "2018-12-31": "257.92000", "2018-09-30": "232.73600", "2018-06-30": "215.76400", "2018-03-31": "163.48390", "2017-12-31": "161.29710", "2017-09-30": "192.18600", "2017-06-30": "169.05500", "2017-03-31": "180.40000", "2016-12-31": "162.97200", "2016-09-30": "176.81300", "2016-06-30": "186.20500", "2016-03-31": "178.10120", "2015-12-31": "160.10400", "2015-09-30": "153.18200", "2015-06-30": "178.49400", "2015-03-31": "158.51990", "2014-12-31": "190.00900", "2014-09-30": "200.04900", "2014-06-30": "206.50000", "2014-03-31": "189.51690", "2013-12-31": "202.73900", "2013-09-30": "163.76200", "2013-06-30": "192.90900", "2013-03-31": "147.22730", "2012-12-31": "120.84200", "2012-09-30": "148.08600", "2012-06-30": "164.57700", "2012-03-31": "147.51390", "2011-12-31": "137.12500", "2011-09-30": "154.83900", "2011-06-30": "188.29500", "2011-03-31": "181.21520", "2010-12-31": "183.51100", "2010-09-30": "222.65400", "2010-06-30": "208.01900", "2010-03-31": "156.10300", "2009-12-31": "136.59400", "2009-09-30": "82.09200", "2009-06-30": "57.36000", "2009-03-31": "78.25890", "2008-12-31": "119.58200", "2008-09-30": "124.63600", "2008-06-30": "107.04100", "2008-03-31": "117.00280", "2007-12-31": "115.34600", "2007-09-30": "94.37700", "2007-06-30": "97.46800", "2007-03-31": "79.35820", "2006-12-31": "82.19000", "2006-09-30": "93.15600", "2006-06-30": "93.06300", "2006-03-31": "119.43100", "2005-12-31": "119.83700", "2005-09-30": "82.34400", "2005-06-30": "90.45000", "2005-03-31": "83.12910"}, "Total Non-Operating Income/Expense": {"2020-12-31": "3.70900", "2020-09-30": "-10.77100", "2020-06-30": "-12.15300", "2020-03-31": "11.71800", "2019-12-31": "6.43700", "2019-09-30": "12.32900", "2019-06-30": "11.61200", "2019-03-31": "9.30200", "2018-12-31": "-1.33000", "2018-09-30": "6.40800", "2018-06-30": "-2.84700", "2018-03-31": "-3.78200", "2017-12-31": "5.46900", "2017-09-30": "1.83100", "2017-06-30": "1.83900", "2017-03-31": "-2.18400", "2016-12-31": "-0.39200", "2016-09-30": "-1.15100", "2016-06-30": "-4.58700", "2016-03-31": "-8.26300", "2015-12-31": "-5.05300", "2015-09-30": "-9.21300", "2015-06-30": "-10.52700", "2015-03-31": "0.95800", "2014-12-31": "-4.00700", "2014-09-30": "-5.73100", "2014-06-30": "-6.22200", "2014-03-31": "-13.66700", "2013-12-31": "-4.80700", "2013-09-30": "-10.99700", "2013-06-30": "-9.93000", "2013-03-31": "-8.90200", "2012-12-31": "-5.14900", "2012-09-30": "-10.00300", "2012-06-30": "-9.67200", "2012-03-31": "-7.12600", "2011-12-31": "-7.18700", "2011-09-30": "-8.59800", "2011-06-30": "-7.81100", "2011-03-31": "-12.40300", "2010-12-31": "-3.30200", "2010-09-30": "-3.48400", "2010-06-30": "-5.13000", "2010-03-31": "5.89100", "2009-12-31": "-3.58300", "2009-09-30": "-1.78200", "2009-06-30": "-10.91000", "2009-03-31": "13.40500", "2008-12-31": "37.00700", "2008-09-30": "-21.76100", "2008-06-30": "-0.14300", "2008-03-31": "-2.12700", "2007-12-31": "14.38500", "2007-09-30": "19.50400", "2007-06-30": "13.53300", "2007-03-31": "21.91600", "2006-12-31": "20.92700", "2006-09-30": "26.13200", "2006-06-30": "14.40400", "2006-03-31": "8.34400", "2005-12-31": "10.94300", "2005-09-30": "15.91000", "2005-06-30": "9.34300", "2005-03-31": "9.62800"}, "Pre-Tax Income": {"2020-12-31": "176.13400", "2020-09-30": "194.64600", "2020-06-30": "163.36200", "2020-03-31": "189.74600", "2019-12-31": "165.84300", "2019-09-30": "215.84500", "2019-06-30": "262.55000", "2019-03-31": "259.68100", "2018-12-31": "256.59000", "2018-09-30": "239.14400", "2018-06-30": "212.91700", "2018-03-31": "159.70200", "2017-12-31": "166.76600", "2017-09-30": "194.01700", "2017-06-30": "170.89400", "2017-03-31": "178.21600", "2016-12-31": "162.58000", "2016-09-30": "175.66200", "2016-06-30": "181.61800", "2016-03-31": "169.83800", "2015-12-31": "155.05100", "2015-09-30": "143.96900", "2015-06-30": "167.96700", "2015-03-31": "159.47800", "2014-12-31": "186.00200", "2014-09-30": "194.31800", "2014-06-30": "200.27800", "2014-03-31": "175.85000", "2013-12-31": "197.93200", "2013-09-30": "152.76500", "2013-06-30": "182.97900", "2013-03-31": "138.32500", "2012-12-31": "115.69300", "2012-09-30": "138.08300", "2012-06-30": "154.90500", "2012-03-31": "140.38800", "2011-12-31": "129.93800", "2011-09-30": "146.24100", "2011-06-30": "180.48400", "2011-03-31": "168.81200", "2010-12-31": "180.20900", "2010-09-30": "219.17000", "2010-06-30": "202.88900", "2010-03-31": "161.99400", "2009-12-31": "133.01100", "2009-09-30": "80.31000", "2009-06-30": "46.45000", "2009-03-31": "91.66400", "2008-12-31": "156.58900", "2008-09-30": "102.87500", "2008-06-30": "106.89800", "2008-03-31": "114.87600", "2007-12-31": "129.73100", "2007-09-30": "113.88100", "2007-06-30": "111.00100", "2007-03-31": "101.27400", "2006-12-31": "103.11700", "2006-09-30": "119.28800", "2006-06-30": "107.46700", "2006-03-31": "127.77500", "2005-12-31": "130.78000", "2005-09-30": "98.25400", "2005-06-30": "99.79300", "2005-03-31": "92.75700"}, "Income Taxes": {"2020-12-31": "5.16200", "2020-09-30": "0.83000", "2020-06-30": "69.52600", "2020-03-31": "27.48900", "2019-12-31": "3.83100", "2019-09-30": "-11.14800", "2019-06-30": "21.09100", "2019-03-31": "15.04100", "2018-12-31": "17.23000", "2018-09-30": "23.43200", "2018-06-30": "22.87900", "2018-03-31": "14.23100", "2017-12-31": "179.25100", "2017-09-30": "20.26600", "2017-06-30": "13.65000", "2017-03-31": "19.17000", "2016-12-31": "20.73400", "2016-09-30": "11.47000", "2016-06-30": "18.56900", "2016-03-31": "24.80300", "2015-12-31": "24.23200", "2015-09-30": "16.67100", "2015-06-30": "20.25200", "2015-03-31": "24.85500", "2014-12-31": "17.53600", "2014-09-30": "22.80200", "2014-06-30": "26.66700", "2014-03-31": "19.82300", "2013-12-31": "22.05500", "2013-09-30": "11.30400", "2013-06-30": "25.95600", "2013-03-31": "7.70500", "2012-12-31": "12.04500", "2012-09-30": "14.64600", "2012-06-30": "25.07400", "2012-03-31": "17.98300", "2011-12-31": "2.92400", "2011-09-30": "19.95500", "2011-06-30": "26.11000", "2011-03-31": "8.76000", "2010-12-31": "27.86800", "2010-09-30": "48.27500", "2010-06-30": "44.30200", "2010-03-31": "13.46200", "2009-12-31": "26.10300", "2009-09-30": "16.27200", "2009-06-30": "8.44400", "2009-03-31": "13.62700", "2008-12-31": "37.14500", "2008-09-30": "21.81500", "2008-06-30": "23.72000", "2008-03-31": "23.12900", "2007-12-31": "26.13900", "2007-09-30": "24.18300", "2007-06-30": "26.72300", "2007-03-31": "13.64800", "2006-12-31": "15.60800", "2006-09-30": "26.24200", "2006-06-30": "24.97600", "2006-03-31": "17.03400", "2005-12-31": "49.81100", "2005-09-30": "12.65600", "2005-06-30": "22.95200", "2005-03-31": "25.55200"}, "Income After Taxes": {"2020-12-31": "170.97200", "2020-09-30": "193.81600", "2020-06-30": "93.83600", "2020-03-31": "162.25700", "2019-12-31": "162.01200", "2019-09-30": "226.99300", "2019-06-30": "241.45900", "2019-03-31": "244.64000", "2018-12-31": "239.36000", "2018-09-30": "215.71200", "2018-06-30": "190.03800", "2018-03-31": "145.47100", "2017-12-31": "-12.48500", "2017-09-30": "173.75100", "2017-06-30": "157.24400", "2017-03-31": "159.04600", "2016-12-31": "141.84600", "2016-09-30": "164.19200", "2016-06-30": "163.04900", "2016-03-31": "145.03500", "2015-12-31": "130.81900", "2015-09-30": "127.29800", "2015-06-30": "147.71500", "2015-03-31": "134.62300", "2014-12-31": "168.46600", "2014-09-30": "171.51600", "2014-06-30": "173.61100", "2014-03-31": "156.02700", "2013-12-31": "175.87700", "2013-09-30": "141.46100", "2013-06-30": "157.02300", "2013-03-31": "130.62000", "2012-12-31": "103.64800", "2012-09-30": "123.43700", "2012-06-30": "129.83100", "2012-03-31": "122.40510", "2011-12-31": "127.01400", "2011-09-30": "126.28600", "2011-06-30": "154.37400", "2011-03-31": "160.05200", "2010-12-31": "152.34100", "2010-09-30": "170.89500", "2010-06-30": "158.58700", "2010-03-31": "148.53200", "2009-12-31": "106.90800", "2009-09-30": "64.03800", "2009-06-30": "38.00600", "2009-03-31": "78.03700", "2008-12-31": "119.44400", "2008-09-30": "81.06000", "2008-06-30": "83.17800", "2008-03-31": "91.74700", "2007-12-31": "103.59200", "2007-09-30": "89.69800", "2007-06-30": "84.27800", "2007-03-31": "87.62600", "2006-12-31": "87.50900", "2006-09-30": "93.04600", "2006-06-30": "82.49100", "2006-03-31": "110.74100", "2005-12-31": "80.96900", "2005-09-30": "85.59800", "2005-06-30": "76.84100", "2005-03-31": "67.20500"}, "Other Income": {"2020-12-31": "", "2020-09-30": "", "2020-06-30": "", "2020-03-31": "", "2019-12-31": "", "2019-09-30": "", "2019-06-30": "", "2019-03-31": "", "2018-12-31": "", "2018-09-30": "", "2018-06-30": "", "2018-03-31": "", "2017-12-31": "", "2017-09-30": "", "2017-06-30": "", "2017-03-31": "", "2016-12-31": "", "2016-09-30": "", "2016-06-30": "", "2016-03-31": "", "2015-12-31": "", "2015-09-30": "", "2015-06-30": "", "2015-03-31": "", "2014-12-31": "", "2014-09-30": "", "2014-06-30": "", "2014-03-31": "", "2013-12-31": "", "2013-09-30": "", "2013-06-30": "", "2013-03-31": "", "2012-12-31": "", "2012-09-30": "", "2012-06-30": "", "2012-03-31": "", "2011-12-31": "", "2011-09-30": "", "2011-06-30": "", "2011-03-31": "", "2010-12-31": "", "2010-09-30": "", "2010-06-30": "", "2010-03-31": "", "2009-12-31": "", "2009-09-30": "", "2009-06-30": "", "2009-03-31": "", "2008-12-31": "", "2008-09-30": "", "2008-06-30": "", "2008-03-31": "", "2007-12-31": "", "2007-09-30": "", "2007-06-30": "", "2007-03-31": "", "2006-12-31": "", "2006-09-30": "", "2006-06-30": "", "2006-03-31": "", "2005-12-31": "", "2005-09-30": "", "2005-06-30": "", "2005-03-31": ""}, "Income From Continuous Operations": {"2020-12-31": "170.97200", "2020-09-30": "193.81600", "2020-06-30": "93.83600", "2020-03-31": "162.25700", "2019-12-31": "162.01200", "2019-09-30": "226.99300", "2019-06-30": "241.45900", "2019-03-31": "244.64000", "2018-12-31": "239.36000", "2018-09-30": "215.71200", "2018-06-30": "190.03800", "2018-03-31": "145.47100", "2017-12-31": "-12.48500", "2017-09-30": "173.75100", "2017-06-30": "157.24400", "2017-03-31": "159.04600", "2016-12-31": "141.84600", "2016-09-30": "164.19200", "2016-06-30": "163.04900", "2016-03-31": "145.03500", "2015-12-31": "130.81900", "2015-09-30": "127.29800", "2015-06-30": "147.71500", "2015-03-31": "134.62300", "2014-12-31": "168.46600", "2014-09-30": "171.51600", "2014-06-30": "173.61100", "2014-03-31": "156.02700", "2013-12-31": "175.87700", "2013-09-30": "141.46100", "2013-06-30": "157.02300", "2013-03-31": "130.62000", "2012-12-31": "103.64800", "2012-09-30": "123.43700", "2012-06-30": "129.83100", "2012-03-31": "122.40510", "2011-12-31": "127.01400", "2011-09-30": "126.28600", "2011-06-30": "154.37400", "2011-03-31": "160.05200", "2010-12-31": "152.34100", "2010-09-30": "170.89500", "2010-06-30": "158.58700", "2010-03-31": "148.53200", "2009-12-31": "106.90800", "2009-09-30": "64.03800", "2009-06-30": "38.00600", "2009-03-31": "78.03700", "2008-12-31": "119.44400", "2008-09-30": "81.06000", "2008-06-30": "83.17800", "2008-03-31": "91.74700", "2007-12-31": "103.59200", "2007-09-30": "89.69800", "2007-06-30": "84.27800", "2007-03-31": "87.62600", "2006-12-31": "87.50900", "2006-09-30": "93.04600", "2006-06-30": "82.49100", "2006-03-31": "110.74100", "2005-12-31": "80.96900", "2005-09-30": "85.59800", "2005-06-30": "76.84100", "2005-03-31": "67.20500"}, "Income From Discontinued Operations": {"2020-12-31": "", "2020-09-30": "", "2020-06-30": "", "2020-03-31": "", "2019-12-31": "", "2019-09-30": "", "2019-06-30": "", "2019-03-31": "", "2018-12-31": "", "2018-09-30": "", "2018-06-30": "", "2018-03-31": "", "2017-12-31": "", "2017-09-30": "", "2017-06-30": "", "2017-03-31": "", "2016-12-31": "", "2016-09-30": "", "2016-06-30": "", "2016-03-31": "", "2015-12-31": "", "2015-09-30": "", "2015-06-30": "", "2015-03-31": "", "2014-12-31": "", "2014-09-30": "", "2014-06-30": "", "2014-03-31": "", "2013-12-31": "", "2013-09-30": "", "2013-06-30": "", "2013-03-31": "", "2012-12-31": "", "2012-09-30": "", "2012-06-30": "", "2012-03-31": "", "2011-12-31": "", "2011-09-30": "", "2011-06-30": "", "2011-03-31": "", "2010-12-31": "", "2010-09-30": "", "2010-06-30": "", "2010-03-31": "", "2009-12-31": "", "2009-09-30": "", "2009-06-30": "", "2009-03-31": "", "2008-12-31": "", "2008-09-30": "", "2008-06-30": "", "2008-03-31": "", "2007-12-31": "", "2007-09-30": "", "2007-06-30": "", "2007-03-31": "", "2006-12-31": "", "2006-09-30": "", "2006-06-30": "", "2006-03-31": "", "2005-12-31": "", "2005-09-30": "", "2005-06-30": "", "2005-03-31": ""}, "Net Income": {"2020-12-31": "170.97200", "2020-09-30": "193.81600", "2020-06-30": "93.83600", "2020-03-31": "162.25700", "2019-12-31": "162.01200", "2019-09-30": "226.99300", "2019-06-30": "241.45900", "2019-03-31": "244.64000", "2018-12-31": "239.36000", "2018-09-30": "215.71200", "2018-06-30": "190.03800", "2018-03-31": "145.47100", "2017-12-31": "-12.48500", "2017-09-30": "173.75100", "2017-06-30": "157.24400", "2017-03-31": "159.04600", "2016-12-31": "141.84600", "2016-09-30": "164.19200", "2016-06-30": "163.04900", "2016-03-31": "145.03500", "2015-12-31": "130.81900", "2015-09-30": "127.29800", "2015-06-30": "147.71500", "2015-03-31": "134.62300", "2014-12-31": "168.46600", "2014-09-30": "171.51600", "2014-06-30": "173.61100", "2014-03-31": "156.02700", "2013-12-31": "175.87700", "2013-09-30": "141.46100", "2013-06-30": "157.02300", "2013-03-31": "130.62000", "2012-12-31": "103.64800", "2012-09-30": "123.43700", "2012-06-30": "129.83100", "2012-03-31": "122.40500", "2011-12-31": "127.01400", "2011-09-30": "126.28600", "2011-06-30": "154.37400", "2011-03-31": "160.05200", "2010-12-31": "152.34100", "2010-09-30": "170.89500", "2010-06-30": "158.58700", "2010-03-31": "148.53200", "2009-12-31": "106.90800", "2009-09-30": "64.03800", "2009-06-30": "38.00600", "2009-03-31": "78.03700", "2008-12-31": "119.44400", "2008-09-30": "81.06000", "2008-06-30": "83.17800", "2008-03-31": "91.74700", "2007-12-31": "103.59200", "2007-09-30": "89.69800", "2007-06-30": "84.27800", "2007-03-31": "87.62600", "2006-12-31": "87.50900", "2006-09-30": "93.04600", "2006-06-30": "82.49100", "2006-03-31": "110.74100", "2005-12-31": "80.96900", "2005-09-30": "85.59800", "2005-06-30": "76.84100", "2005-03-31": "67.20500"}, "EBITDA": {"2020-12-31": "220.37600", "2020-09-30": "250.98190", "2020-06-30": "222.32300", "2020-03-31": "230.01610", "2019-12-31": "201.01300", "2019-09-30": "235.17900", "2019-06-30": "283.87600", "2019-03-31": "283.32500", "2018-12-31": "283.87810", "2018-09-30": "256.92800", "2018-06-30": "238.17200", "2018-03-31": "213.49690", "2017-12-31": "178.49710", "2017-09-30": "207.63800", "2017-06-30": "185.69200", "2017-03-31": "199.14700", "2016-12-31": "181.98800", "2016-09-30": "195.01400", "2016-06-30": "204.55900", "2016-03-31": "197.64020", "2015-12-31": "180.60200", "2015-09-30": "173.01700", "2015-06-30": "199.11100", "2015-03-31": "180.02890", "2014-12-31": "211.77400", "2014-09-30": "222.03500", "2014-06-30": "228.17600", "2014-03-31": "212.53190", "2013-12-31": "225.46300", "2013-09-30": "186.67100", "2013-06-30": "215.85200", "2013-03-31": "169.47830", "2012-12-31": "142.92500", "2012-09-30": "170.38400", "2012-06-30": "187.38500", "2012-03-31": "170.45900", "2011-12-31": "159.21100", "2011-09-30": "176.43700", "2011-06-30": "209.55900", "2011-03-31": "200.94720", "2010-12-31": "201.70200", "2010-09-30": "241.54700", "2010-06-30": "224.01600", "2010-03-31": "172.55500", "2009-12-31": "153.65300", "2009-09-30": "98.37200", "2009-06-30": "76.62300", "2009-03-31": "95.97790", "2008-12-31": "138.30700", "2008-09-30": "143.42200", "2008-06-30": "127.91400", "2008-03-31": "139.70280", "2007-12-31": "133.17100", "2007-09-30": "113.36100", "2007-06-30": "114.51900", "2007-03-31": "101.78920", "2006-12-31": "99.22100", "2006-09-30": "110.44800", "2006-06-30": "110.23300", "2006-03-31": "137.98800", "2005-12-31": "136.51300", "2005-09-30": "99.48600", "2005-06-30": "107.62400", "2005-03-31": "99.29510"}, "EBIT": {"2020-12-31": "172.42500", "2020-09-30": "205.41690", "2020-06-30": "175.51500", "2020-03-31": "178.02800", "2019-12-31": "159.40600", "2019-09-30": "203.51600", "2019-06-30": "250.93800", "2019-03-31": "250.37900", "2018-12-31": "257.92000", "2018-09-30": "232.73600", "2018-06-30": "215.76400", "2018-03-31": "163.48390", "2017-12-31": "161.29710", "2017-09-30": "192.18600", "2017-06-30": "169.05500", "2017-03-31": "180.39990", "2016-12-31": "162.97200", "2016-09-30": "176.81300", "2016-06-30": "186.20500", "2016-03-31": "178.10130", "2015-12-31": "160.10400", "2015-09-30": "153.18200", "2015-06-30": "178.49400", "2015-03-31": "158.52000", "2014-12-31": "190.00900", "2014-09-30": "200.04900", "2014-06-30": "206.50000", "2014-03-31": "189.51690", "2013-12-31": "202.73900", "2013-09-30": "163.76200", "2013-06-30": "192.90900", "2013-03-31": "147.22720", "2012-12-31": "120.84200", "2012-09-30": "148.08600", "2012-06-30": "164.57700", "2012-03-31": "147.51400", "2011-12-31": "137.12500", "2011-09-30": "154.83900", "2011-06-30": "188.29500", "2011-03-31": "181.21520", "2010-12-31": "183.51100", "2010-09-30": "222.65400", "2010-06-30": "208.01900", "2010-03-31": "156.10290", "2009-12-31": "136.59400", "2009-09-30": "82.09200", "2009-06-30": "57.36000", "2009-03-31": "78.25900", "2008-12-31": "119.58200", "2008-09-30": "124.63600", "2008-06-30": "107.04100", "2008-03-31": "117.00300", "2007-12-31": "115.34600", "2007-09-30": "94.37700", "2007-06-30": "97.46800", "2007-03-31": "79.35810", "2006-12-31": "82.19000", "2006-09-30": "93.15600", "2006-06-30": "93.06300", "2006-03-31": "119.43090", "2005-12-31": "119.83700", "2005-09-30": "82.34400", "2005-06-30": "90.45000", "2005-03-31": "83.12900"}, "Basic Shares Outstanding": {"2020-12-31": "245.14500", "2020-09-30": "244.83700", "2020-06-30": "243.18000", "2020-03-31": "251.73200", "2019-12-31": "250.54600", "2019-09-30": "252.39900", "2019-06-30": "253.26800", "2019-03-31": "252.76200", "2018-12-31": "253.06000", "2018-09-30": "252.98800", "2018-06-30": "252.68200", "2018-03-31": "249.59500", "2017-12-31": "254.08900", "2017-09-30": "248.09400", "2017-06-30": "247.91100", "2017-03-31": "252.30100", "2016-12-31": "250.98200", "2016-09-30": "253.46600", "2016-06-30": "252.90100", "2016-03-31": "257.18400", "2015-12-31": "256.45000", "2015-09-30": "257.64000", "2015-06-30": "258.02100", "2015-03-31": "265.48000", "2014-12-31": "262.88100", "2014-09-30": "265.94200", "2014-06-30": "267.64800", "2014-03-31": "266.43100", "2013-12-31": "267.78000", "2013-09-30": "268.47800", "2013-06-30": "264.15300", "2013-03-31": "261.65200", "2012-12-31": "260.69000", "2012-09-30": "260.60500", "2012-06-30": "263.05500", "2012-03-31": "263.78300", "2011-12-31": "261.25700", "2011-09-30": "264.00600", "2011-06-30": "265.31300", "2011-03-31": "264.09400", "2010-12-31": "259.41800", "2010-09-30": "260.15100", "2010-06-30": "272.09700", "2010-03-31": "276.01200", "2009-12-31": "276.83200", "2009-09-30": "276.35300", "2009-06-30": "275.52300", "2009-03-31": "276.11300", "2008-12-31": "273.99700", "2008-09-30": "276.16900", "2008-06-30": "278.16500", "2008-03-31": "295.05000", "2007-12-31": "289.70300", "2007-09-30": "298.00800", "2007-06-30": "297.72000", "2007-03-31": "337.92000", "2006-12-31": "334.06200", "2006-09-30": "339.43100", "2006-06-30": "341.85300", "2006-03-31": "349.02600", "2005-12-31": "348.20300", "2005-09-30": "349.25400", "2005-06-30": "350.70500", "2005-03-31": "347.81000"}, "Shares Outstanding": {"2020-12-31": "248.14800", "2020-09-30": "246.76300", "2020-06-30": "245.54300", "2020-03-31": "254.94300", "2019-12-31": "252.80800", "2019-09-30": "255.26900", "2019-06-30": "257.92800", "2019-03-31": "256.43400", "2018-12-31": "256.37400", "2018-09-30": "255.52200", "2018-06-30": "255.93500", "2018-03-31": "257.96000", "2017-12-31": "254.08900", "2017-09-30": "258.21700", "2017-06-30": "265.79700", "2017-03-31": "268.81300", "2016-12-31": "270.78100", "2016-09-30": "270.37300", "2016-06-30": "266.20600", "2016-03-31": "268.66700", "2015-12-31": "269.61100", "2015-09-30": "266.04600", "2015-06-30": "270.73000", "2015-03-31": "276.12300", "2014-12-31": "273.79500", "2014-09-30": "275.80000", "2014-06-30": "281.57900", "2014-03-31": "287.39600", "2013-12-31": "288.19500", "2013-09-30": "290.68500", "2013-06-30": "280.29100", "2013-03-31": "272.57300", "2012-12-31": "271.17400", "2012-09-30": "270.26500", "2012-06-30": "273.82000", "2012-03-31": "272.15700", "2011-12-31": "267.88400", "2011-09-30": "267.92700", "2011-06-30": "276.07700", "2011-03-31": "268.06100", "2010-12-31": "263.61200", "2010-09-30": "263.28600", "2010-06-30": "275.54100", "2010-03-31": "276.95300", "2009-12-31": "278.56600", "2009-09-30": "276.98800", "2009-06-30": "276.25800", "2009-03-31": "276.85400", "2008-12-31": "274.22300", "2008-09-30": "277.71400", "2008-06-30": "280.88100", "2008-03-31": "298.63600", "2007-12-31": "293.03600", "2007-09-30": "302.22600", "2007-06-30": "303.19800", "2007-03-31": "343.63600", "2006-12-31": "339.66900", "2006-09-30": "343.19200", "2006-06-30": "348.98800", "2006-03-31": "355.06500", "2005-12-31": "353.23700", "2005-09-30": "356.36000", "2005-06-30": "358.03800", "2005-03-31": "358.23000"}, "Basic EPS": {"2020-12-31": "0.70000", "2020-09-30": "0.79000", "2020-06-30": "0.39000", "2020-03-31": "0.65000", "2019-12-31": "0.65000", "2019-09-30": "0.90000", "2019-06-30": "0.95000", "2019-03-31": "0.97000", "2018-12-31": "0.95000", "2018-09-30": "0.85000", "2018-06-30": "0.75000", "2018-03-31": "0.58000", "2017-12-31": "-0.05000", "2017-09-30": "0.70000", "2017-06-30": "0.63000", "2017-03-31": "0.63000", "2016-12-31": "0.57000", "2016-09-30": "0.65000", "2016-06-30": "0.64000", "2016-03-31": "0.57000", "2015-12-31": "0.51000", "2015-09-30": "0.49000", "2015-06-30": "0.57000", "2015-03-31": "0.51000", "2014-12-31": "0.64000", "2014-09-30": "0.64000", "2014-06-30": "0.65000", "2014-03-31": "0.59000", "2013-12-31": "0.66000", "2013-09-30": "0.53000", "2013-06-30": "0.59000", "2013-03-31": "0.50000", "2012-12-31": "0.40000", "2012-09-30": "0.47000", "2012-06-30": "0.49000", "2012-03-31": "0.46000", "2011-12-31": "0.49000", "2011-09-30": "0.48000", "2011-06-30": "0.58000", "2011-03-31": "0.60000", "2010-12-31": "0.59000", "2010-09-30": "0.66000", "2010-06-30": "0.58000", "2010-03-31": "0.54000", "2009-12-31": "0.39000", "2009-09-30": "0.23000", "2009-06-30": "0.14000", "2009-03-31": "0.28000", "2008-12-31": "0.44000", "2008-09-30": "0.29000", "2008-06-30": "0.30000", "2008-03-31": "0.31000", "2007-12-31": "0.36000", "2007-09-30": "0.30000", "2007-06-30": "0.28000", "2007-03-31": "0.27000", "2006-12-31": "0.26000", "2006-09-30": "0.27000", "2006-06-30": "0.24000", "2006-03-31": "0.31000", "2005-12-31": "0.23000", "2005-09-30": "0.25000", "2005-06-30": "0.22000", "2005-03-31": "0.20000"}, "EPS - Earnings Per Share": {"2020-12-31": "0.69000", "2020-09-30": "0.79000", "2020-06-30": "0.38000", "2020-03-31": "0.64000", "2019-12-31": "0.64000", "2019-09-30": "0.89000", "2019-06-30": "0.94000", "2019-03-31": "0.96000", "2018-12-31": "0.93000", "2018-09-30": "0.84000", "2018-06-30": "0.74000", "2018-03-31": "0.59000", "2017-12-31": "-0.05000", "2017-09-30": "0.67000", "2017-06-30": "0.59000", "2017-03-31": "0.60000", "2016-12-31": "0.52000", "2016-09-30": "0.61000", "2016-06-30": "0.61000", "2016-03-31": "0.53000", "2015-12-31": "0.49000", "2015-09-30": "0.48000", "2015-06-30": "0.55000", "2015-03-31": "0.49000", "2014-12-31": "0.62000", "2014-09-30": "0.62000", "2014-06-30": "0.62000", "2014-03-31": "0.53000", "2013-12-31": "0.61000", "2013-09-30": "0.49000", "2013-06-30": "0.56000", "2013-03-31": "0.48000", "2012-12-31": "0.38000", "2012-09-30": "0.46000", "2012-06-30": "0.47000", "2012-03-31": "0.45000", "2011-12-31": "0.47000", "2011-09-30": "0.47000", "2011-06-30": "0.56000", "2011-03-31": "0.58000", "2010-12-31": "0.58000", "2010-09-30": "0.65000", "2010-06-30": "0.58000", "2010-03-31": "0.54000", "2009-12-31": "0.38000", "2009-09-30": "0.23000", "2009-06-30": "0.14000", "2009-03-31": "0.28000", "2008-12-31": "0.44000", "2008-09-30": "0.29000", "2008-06-30": "0.30000", "2008-03-31": "0.31000", "2007-12-31": "0.35000", "2007-09-30": "0.30000", "2007-06-30": "0.28000", "2007-03-31": "0.25000", "2006-12-31": "0.26000", "2006-09-30": "0.27000", "2006-06-30": "0.24000", "2006-03-31": "0.32000", "2005-12-31": "0.23000", "2005-09-30": "0.24000", "2005-06-30": "0.21000", "2005-03-31": "0.19000"}}, "balance sheet": {"Cash On Hand": {"2020-03-31": "2267.21600", "2019-03-31": "3175.68400", "2018-03-31": "3447.57000", "2017-03-31": "3321.45700", "2016-03-31": "3337.69900", "2015-03-31": "3303.06100", "2014-03-31": "2457.32100", "2013-03-31": "1714.74500", "2012-03-31": "1917.62700", "2011-03-31": "1926.41300", "2010-03-31": "1386.60500", "2009-03-31": "1324.93300", "2008-03-31": "1296.43500", "2007-03-31": "1137.91500", "2006-03-31": "1022.20200", "2005-03-31": "861.55800"}, "Receivables": {"2020-03-31": "273.02800", "2019-03-31": "335.16500", "2018-03-31": "382.24600", "2017-03-31": "243.91500", "2016-03-31": "307.45800", "2015-03-31": "246.61500", "2014-03-31": "267.83300", "2013-03-31": "229.17500", "2012-03-31": "214.96500", "2011-03-31": "286.46400", "2010-03-31": "262.73500", "2009-03-31": "216.39000", "2008-03-31": "249.14700", "2007-03-31": "182.29500", "2006-03-31": "194.20500", "2005-03-31": "213.45900"}, "Inventory": {"2020-03-31": "304.34000", "2019-03-31": "315.35800", "2018-03-31": "236.07700", "2017-03-31": "227.03300", "2016-03-31": "178.55000", "2015-03-31": "231.32800", "2014-03-31": "233.99900", "2013-03-31": "201.25000", "2012-03-31": "204.86600", "2011-03-31": "264.74500", "2010-03-31": "130.62800", "2009-03-31": "119.83200", "2008-03-31": "130.25000", "2007-03-31": "174.57200", "2006-03-31": "201.02900", "2005-03-31": "185.72200"}, "Pre-Paid Expenses": {"2020-03-31": "64.55700", "2019-03-31": "65.77100", "2018-03-31": "88.69500", "2017-03-31": "87.71100", "2016-03-31": "92.95100", "2015-03-31": "74.52800", "2014-03-31": "51.82800", "2013-03-31": "91.76000", "2012-03-31": "48.02900", "2011-03-31": "57.10000", "2010-03-31": "25.97200", "2009-03-31": "27.60400", "2008-03-31": "37.52200", "2007-03-31": "104.97600", "2006-03-31": "119.88400", "2005-03-31": "66.47600"}, "Other Current Assets": {"2020-03-31": "", "2019-03-31": "", "2018-03-31": "", "2017-03-31": "", "2016-03-31": "", "2015-03-31": "", "2014-03-31": "", "2013-03-31": "", "2012-03-31": "", "2011-03-31": "", "2010-03-31": "", "2009-03-31": "", "2008-03-31": "", "2007-03-31": "", "2006-03-31": "", "2005-03-31": ""}, "Total Current Assets": {"2020-03-31": "2909.14100", "2019-03-31": "3891.97800", "2018-03-31": "4154.58800", "2017-03-31": "3880.11600", "2016-03-31": "3916.65800", "2015-03-31": "3935.05100", "2014-03-31": "3067.14700", "2013-03-31": "2297.63900", "2012-03-31": "2450.30900", "2011-03-31": "2622.78600", "2010-03-31": "1907.06600", "2009-03-31": "1752.46800", "2008-03-31": "1820.19600", "2007-03-31": "1700.10200", "2006-03-31": "1648.24800", "2005-03-31": "1452.55700"}, "Property, Plant, And Equipment": {"2020-03-31": "372.57400", "2019-03-31": "328.92900", "2018-03-31": "304.11700", "2017-03-31": "303.82500", "2016-03-31": "283.34600", "2015-03-31": "301.03800", "2014-03-31": "355.08900", "2013-03-31": "365.68700", "2012-03-31": "394.98200", "2011-03-31": "380.57000", "2010-03-31": "365.87800", "2009-03-31": "387.90700", "2008-03-31": "404.43000", "2007-03-31": "413.03600", "2006-03-31": "358.25700", "2005-03-31": "344.51600"}, "Long-Term Investments": {"2020-03-31": "", "2019-03-31": "53.43300", "2018-03-31": "97.89600", "2017-03-31": "116.28800", "2016-03-31": "220.80700", "2015-03-31": "266.90200", "2014-03-31": "1190.77500", "2013-03-31": "1651.03300", "2012-03-31": "1209.22800", "2011-03-31": "766.45200", "2010-03-31": "582.20200", "2009-03-31": "347.78700", "2008-03-31": "564.26900", "2007-03-31": "742.76300", "2006-03-31": "855.50500", "2005-03-31": "1012.70600"}, "Goodwill And Intangible Assets": {"2020-03-31": "819.54000", "2019-03-31": "421.44100", "2018-03-31": "166.54400", "2017-03-31": "164.86300", "2016-03-31": "165.49800", "2015-03-31": "172.04800", "2014-03-31": "188.16300", "2013-03-31": "195.04400", "2012-03-31": "185.87000", "2011-03-31": "160.47600", "2010-03-31": "117.95500", "2009-03-31": "120.44800", "2008-03-31": "125.78000", "2007-03-31": "132.58100", "2006-03-31": "147.73500", "2005-03-31": "139.41900"}, "Other Long-Term Assets": {"2020-03-31": "592.07900", "2019-03-31": "455.56700", "2018-03-31": "337.40200", "2017-03-31": "275.44000", "2016-03-31": "232.96000", "2015-03-31": "223.02600", "2014-03-31": "236.17500", "2013-03-31": "220.04800", "2012-03-31": "223.73300", "2011-03-31": "210.56600", "2010-03-31": "211.21700", "2009-03-31": "203.29100", "2008-03-31": "222.43200", "2007-03-31": "190.87300", "2006-03-31": "163.80200", "2005-03-31": "89.99800"}, "Total Long-Term Assets": {"2020-03-31": "1784.19300", "2019-03-31": "1259.37000", "2018-03-31": "905.95900", "2017-03-31": "860.41600", "2016-03-31": "902.61100", "2015-03-31": "963.01400", "2014-03-31": "1970.20200", "2013-03-31": "2431.81200", "2012-03-31": "2013.81300", "2011-03-31": "1518.06400", "2010-03-31": "1277.25200", "2009-03-31": "1059.43300", "2008-03-31": "1316.91100", "2007-03-31": "1479.25300", "2006-03-31": "1525.29900", "2005-03-31": "1586.63900"}, "Total Assets": {"2020-03-31": "4693.33400", "2019-03-31": "5151.34800", "2018-03-31": "5060.54700", "2017-03-31": "4740.53200", "2016-03-31": "4819.26900", "2015-03-31": "4898.06500", "2014-03-31": "5037.34900", "2013-03-31": "4729.45100", "2012-03-31": "4464.12200", "2011-03-31": "4140.85000", "2010-03-31": "3184.31800", "2009-03-31": "2811.90100", "2008-03-31": "3137.10700", "2007-03-31": "3179.35500", "2006-03-31": "3173.54700", "2005-03-31": "3039.19600"}, "Total Current Liabilities": {"2020-03-31": "1085.68100", "2019-03-31": "475.03600", "2018-03-31": "911.94500", "2017-03-31": "897.19600", "2016-03-31": "944.39700", "2015-03-31": "963.20600", "2014-03-31": "989.36000", "2013-03-31": "386.78800", "2012-03-31": "342.77600", "2011-03-31": "368.14000", "2010-03-31": "357.16100", "2009-03-31": "233.06600", "2008-03-31": "340.66600", "2007-03-31": "303.36900", "2006-03-31": "345.02400", "2005-03-31": "298.39400"}, "Long Term Debt": {"2020-03-31": "747.11000", "2019-03-31": "1234.80700", "2018-03-31": "1214.44000", "2017-03-31": "995.24700", "2016-03-31": "993.63900", "2015-03-31": "994.83900", "2014-03-31": "993.87000", "2013-03-31": "922.66600", "2012-03-31": "906.56900", "2011-03-31": "890.98000", "2010-03-31": "354.79800", "2009-03-31": "352.11000", "2008-03-31": "999.85100", "2007-03-31": "999.59700", "2006-03-31": "", "2005-03-31": ""}, "Other Non-Current Liabilities": {"2020-03-31": "545.49400", "2019-03-31": "579.99600", "2018-03-31": "573.80900", "2017-03-31": "22.81700", "2016-03-31": "29.87300", "2015-03-31": "38.55800", "2014-03-31": "48.00400", "2013-03-31": "41.25900", "2012-03-31": "44.04700", "2011-03-31": "63.12300", "2010-03-31": "57.74000", "2009-03-31": "81.77600", "2008-03-31": "40.28100", "2007-03-31": "1.32000", "2006-03-31": "7.48500", "2005-03-31": ""}, "Total Long Term Liabilities": {"2020-03-31": "1292.60400", "2019-03-31": "1814.80300", "2018-03-31": "1788.24900", "2017-03-31": "1335.70300", "2016-03-31": "1284.97900", "2015-03-31": "1323.26500", "2014-03-31": "1295.30700", "2013-03-31": "1379.36700", "2012-03-31": "1413.66100", "2011-03-31": "1358.09300", "2010-03-31": "706.68700", "2009-03-31": "630.07500", "2008-03-31": "1124.61800", "2007-03-31": "1103.24600", "2006-03-31": "99.63800", "2005-03-31": "67.29400"}, "Total Liabilities": {"2020-03-31": "2378.28500", "2019-03-31": "2289.83900", "2018-03-31": "2700.19400", "2017-03-31": "2232.89900", "2016-03-31": "2229.37600", "2015-03-31": "2286.47100", "2014-03-31": "2284.66700", "2013-03-31": "1766.15500", "2012-03-31": "1756.43700", "2011-03-31": "1726.23300", "2010-03-31": "1063.84800", "2009-03-31": "863.14100", "2008-03-31": "1465.28400", "2007-03-31": "1406.61500", "2006-03-31": "444.66200", "2005-03-31": "365.68800"}, "Common Stock Net": {"2020-03-31": "2.43800", "2019-03-31": "2.53900", "2018-03-31": "2.53400", "2017-03-31": "2.48000", "2016-03-31": "2.53700", "2015-03-31": "2.58300", "2014-03-31": "2.68600", "2013-03-31": "2.63600", "2012-03-31": "2.63600", "2011-03-31": "2.64600", "2010-03-31": "2.73500", "2009-03-31": "2.75500", "2008-03-31": "2.80500", "2007-03-31": "2.95900", "2006-03-31": "3.42600", "2005-03-31": "3.50200"}, "Retained Earnings (Accumulated Deficit)": {"2020-03-31": "1187.80500", "2019-03-31": "1876.96900", "2018-03-31": "1513.65600", "2017-03-31": "1726.31200", "2016-03-31": "1867.06600", "2015-03-31": "1966.27800", "2014-03-31": "1945.47100", "2013-03-31": "1675.72200", "2012-03-31": "1502.32700", "2011-03-31": "1238.04400", "2010-03-31": "1016.54500", "2009-03-31": "879.11800", "2008-03-31": "805.04200", "2007-03-31": "916.29200", "2006-03-31": "1334.53000", "2005-03-31": "1762.87300"}, "Comprehensive Income": {"2020-03-31": "-20.27700", "2019-03-31": "-23.41000", "2018-03-31": "-34.50900", "2017-03-31": "-24.68100", "2016-03-31": "-6.63100", "2015-03-31": "-11.14900", "2014-03-31": "-0.54800", "2013-03-31": "8.66000", "2012-03-31": "7.26400", "2011-03-31": "10.51700", "2010-03-31": "-1.22100", "2009-03-31": "-18.85800", "2008-03-31": "5.80400", "2007-03-31": "3.60100", "2006-03-31": "15.80900", "2005-03-31": "0.20400"}, "Other Share Holders Equity": {"2020-03-31": "", "2019-03-31": "", "2018-03-31": "", "2017-03-31": "", "2016-03-31": "", "2015-03-31": "", "2014-03-31": "", "2013-03-31": "", "2012-03-31": "", "2011-03-31": "", "2010-03-31": "", "2009-03-31": "", "2008-03-31": "", "2007-03-31": "", "2006-03-31": "", "2005-03-31": ""}, "Share Holder Equity": {"2020-03-31": "2315.04900", "2019-03-31": "2861.50900", "2018-03-31": "2360.35300", "2017-03-31": "2507.63300", "2016-03-31": "2589.89300", "2015-03-31": "2611.59400", "2014-03-31": "2752.68200", "2013-03-31": "2963.29600", "2012-03-31": "2707.68500", "2011-03-31": "2414.61700", "2010-03-31": "2120.47000", "2009-03-31": "1948.76000", "2008-03-31": "1671.82300", "2007-03-31": "1772.74000", "2006-03-31": "2728.88500", "2005-03-31": "2673.50800"}, "Total Liabilities And Share Holders Equity": {"2020-03-31": "4693.33400", "2019-03-31": "5151.34800", "2018-03-31": "5060.54700", "2017-03-31": "4740.53200", "2016-03-31": "4819.26900", "2015-03-31": "4898.06500", "2014-03-31": "5037.34900", "2013-03-31": "4729.45100", "2012-03-31": "4464.12200", "2011-03-31": "4140.85000", "2010-03-31": "3184.31800", "2009-03-31": "2811.90100", "2008-03-31": "3137.10700", "2007-03-31": "3179.35500", "2006-03-31": "3173.54700", "2005-03-31": "3039.19600"}}, "balance sheet, quarterly": {"Cash On Hand": {"2020-12-31": "3324.42500", "2020-09-30": "3095.93600", "2020-06-30": "2999.33500", "2020-03-31": "2267.21600", "2019-12-31": "2425.16500", "2019-09-30": "2515.84300", "2019-06-30": "2883.13700", "2019-03-31": "3175.68400", "2018-12-31": "3469.65200", "2018-09-30": "3280.56000", "2018-06-30": "3364.19800", "2018-03-31": "3447.57000", "2017-12-31": "3541.57600", "2017-09-30": "3560.22000", "2017-06-30": "3647.56200", "2017-03-31": "3321.45700", "2016-12-31": "3254.13500", "2016-09-30": "3489.82800", "2016-06-30": "3517.97800", "2016-03-31": "3337.69900", "2015-12-31": "3396.53600", "2015-09-30": "3295.78400", "2015-06-30": "3332.42500", "2015-03-31": "3303.06100", "2014-12-31": "2920.76700", "2014-09-30": "2595.84600", "2014-06-30": "2485.20700", "2014-03-31": "2457.32100", "2013-12-31": "2457.41900", "2013-09-30": "2264.06500", "2013-06-30": "1841.78000", "2013-03-31": "1714.74500", "2012-12-31": "1686.63100", "2012-09-30": "1706.45700", "2012-06-30": "1743.12700", "2012-03-31": "1917.62700", "2011-12-31": "1760.63100", "2011-09-30": "1807.54500", "2011-06-30": "1973.38600", "2011-03-31": "1926.41300", "2010-12-31": "1764.76500", "2010-09-30": "1406.66400", "2010-06-30": "1543.66500", "2010-03-31": "1386.60500", "2009-12-31": "1489.99300", "2009-09-30": "1517.61000", "2009-06-30": "1424.54700", "2009-03-31": "1324.93300", "2008-12-31": "1289.93000", "2008-09-30": "1301.01300", "2008-06-30": "1238.71300", "2008-03-31": "1296.43500", "2007-12-31": "1366.11400", "2007-09-30": "1221.28800", "2007-06-30": "1202.00100", "2007-03-31": "1137.91500", "2006-12-31": "1157.65300", "2006-09-30": "1238.85800", "2006-06-30": "1069.02100", "2006-03-31": "1022.20200", "2005-12-31": "921.00500", "2005-09-30": "911.88500", "2005-06-30": "1050.19000", "2005-03-31": "861.55800"}, "Receivables": {"2020-12-31": "269.60500", "2020-09-30": "362.49700", "2020-06-30": "305.18000", "2020-03-31": "273.02800", "2019-12-31": "253.54800", "2019-09-30": "335.49900", "2019-06-30": "305.95500", "2019-03-31": "335.16500", "2018-12-31": "359.36700", "2018-09-30": "372.98300", "2018-06-30": "456.89800", "2018-03-31": "382.24600", "2017-12-31": "348.46400", "2017-09-30": "286.85500", "2017-06-30": "268.25700", "2017-03-31": "243.91500", "2016-12-31": "340.85200", "2016-09-30": "227.75800", "2016-06-30": "217.01400", "2016-03-31": "307.45800", "2015-12-31": "203.17600", "2015-09-30": "282.62700", "2015-06-30": "251.98800", "2015-03-31": "246.61500", "2014-12-31": "187.49600", "2014-09-30": "290.62900", "2014-06-30": "281.33500", "2014-03-31": "267.83300", "2013-12-31": "207.24800", "2013-09-30": "277.53900", "2013-06-30": "268.15300", "2013-03-31": "229.17500", "2012-12-31": "232.25700", "2012-09-30": "222.26900", "2012-06-30": "257.94400", "2012-03-31": "214.96500", "2011-12-31": "211.13200", "2011-09-30": "216.41600", "2011-06-30": "244.68300", "2011-03-31": "286.46400", "2010-12-31": "369.65700", "2010-09-30": "556.76600", "2010-06-30": "355.40600", "2010-03-31": "262.73500", "2009-12-31": "231.07800", "2009-09-30": "226.67300", "2009-06-30": "195.92900", "2009-03-31": "216.39000", "2008-12-31": "213.59000", "2008-09-30": "234.07800", "2008-06-30": "205.48000", "2008-03-31": "249.14700", "2007-12-31": "229.29300", "2007-09-30": "236.60000", "2007-06-30": "208.39200", "2007-03-31": "182.29500", "2006-12-31": "147.71100", "2006-09-30": "186.22400", "2006-06-30": "152.21400", "2006-03-31": "194.20500", "2005-12-31": "142.27100", "2005-09-30": "191.51200", "2005-06-30": "194.60100", "2005-03-31": "213.45900"}, "Inventory": {"2020-12-31": "300.10700", "2020-09-30": "282.04800", "2020-06-30": "292.21300", "2020-03-31": "304.34000", "2019-12-31": "328.20900", "2019-09-30": "335.25800", "2019-06-30": "336.75800", "2019-03-31": "315.35800", "2018-12-31": "283.32900", "2018-09-30": "243.64200", "2018-06-30": "247.00100", "2018-03-31": "236.07700", "2017-12-31": "226.53300", "2017-09-30": "215.39700", "2017-06-30": "215.21000", "2017-03-31": "227.03300", "2016-12-31": "205.92700", "2016-09-30": "196.92200", "2016-06-30": "195.28200", "2016-03-31": "178.55000", "2015-12-31": "195.96900", "2015-09-30": "212.97300", "2015-06-30": "222.01300", "2015-03-31": "231.32800", "2014-12-31": "246.66400", "2014-09-30": "262.66900", "2014-06-30": "256.79100", "2014-03-31": "233.99900", "2013-12-31": "206.72800", "2013-09-30": "183.70800", "2013-06-30": "186.80000", "2013-03-31": "201.25000", "2012-12-31": "225.98500", "2012-09-30": "204.06700", "2012-06-30": "193.31600", "2012-03-31": "204.86600", "2011-12-31": "245.47600", "2011-09-30": "247.65200", "2011-06-30": "250.15800", "2011-03-31": "264.74500", "2010-12-31": "242.53200", "2010-09-30": "170.18000", "2010-06-30": "151.63000", "2010-03-31": "130.62800", "2009-12-31": "128.93500", "2009-09-30": "100.95700", "2009-06-30": "101.16600", "2009-03-31": "119.83200", "2008-12-31": "149.42100", "2008-09-30": "141.70400", "2008-06-30": "140.37200", "2008-03-31": "130.25000", "2007-12-31": "132.05400", "2007-09-30": "128.95400", "2007-06-30": "145.62300", "2007-03-31": "174.57200", "2006-12-31": "185.23200", "2006-09-30": "198.95800", "2006-06-30": "194.64000", "2006-03-31": "201.02900", "2005-12-31": "211.88200", "2005-09-30": "199.66700", "2005-06-30": "181.99600", "2005-03-31": "185.72200"}, "Pre-Paid Expenses": {"2020-12-31": "73.11200", "2020-09-30": "73.03400", "2020-06-30": "67.93500", "2020-03-31": "64.55700", "2019-12-31": "121.09900", "2019-09-30": "71.40000", "2019-06-30": "63.71800", "2019-03-31": "65.77100", "2018-12-31": "60.00400", "2018-09-30": "68.09800", "2018-06-30": "57.44800", "2018-03-31": "88.69500", "2017-12-31": "81.31000", "2017-09-30": "109.75800", "2017-06-30": "96.87900", "2017-03-31": "87.71100", "2016-12-31": "115.13800", "2016-09-30": "104.68600", "2016-06-30": "91.42600", "2016-03-31": "92.95100", "2015-12-31": "115.78600", "2015-09-30": "89.48300", "2015-06-30": "82.58400", "2015-03-31": "74.52800", "2014-12-31": "79.34900", "2014-09-30": "81.28800", "2014-06-30": "68.04100", "2014-03-31": "51.82800", "2013-12-31": "74.36500", "2013-09-30": "73.75600", "2013-06-30": "55.75100", "2013-03-31": "91.76000", "2012-12-31": "59.15100", "2012-09-30": "54.42700", "2012-06-30": "47.60100", "2012-03-31": "48.02900", "2011-12-31": "57.36700", "2011-09-30": "58.06100", "2011-06-30": "65.04300", "2011-03-31": "57.10000", "2010-12-31": "53.70300", "2010-09-30": "112.14500", "2010-06-30": "69.39600", "2010-03-31": "25.97200", "2009-12-31": "25.23800", "2009-09-30": "25.25700", "2009-06-30": "51.03800", "2009-03-31": "27.60400", "2008-12-31": "30.22300", "2008-09-30": "60.06500", "2008-06-30": "52.07200", "2008-03-31": "37.52200", "2007-12-31": "81.58700", "2007-09-30": "99.05600", "2007-06-30": "110.96400", "2007-03-31": "104.97600", "2006-12-31": "117.68700", "2006-09-30": "126.24800", "2006-06-30": "143.73300", "2006-03-31": "119.88400", "2005-12-31": "128.70300", "2005-09-30": "110.21600", "2005-06-30": "81.04900", "2005-03-31": "66.47600"}, "Other Current Assets": {"2020-12-31": "", "2020-09-30": "", "2020-06-30": "", "2020-03-31": "", "2019-12-31": "", "2019-09-30": "", "2019-06-30": "", "2019-03-31": "", "2018-12-31": "", "2018-09-30": "", "2018-06-30": "", "2018-03-31": "", "2017-12-31": "", "2017-09-30": "", "2017-06-30": "", "2017-03-31": "", "2016-12-31": "", "2016-09-30": "", "2016-06-30": "", "2016-03-31": "", "2015-12-31": "", "2015-09-30": "", "2015-06-30": "", "2015-03-31": "", "2014-12-31": "", "2014-09-30": "", "2014-06-30": "", "2014-03-31": "", "2013-12-31": "", "2013-09-30": "", "2013-06-30": "", "2013-03-31": "", "2012-12-31": "", "2012-09-30": "", "2012-06-30": "", "2012-03-31": "", "2011-12-31": "", "2011-09-30": "", "2011-06-30": "", "2011-03-31": "", "2010-12-31": "", "2010-09-30": "", "2010-06-30": "", "2010-03-31": "", "2009-12-31": "", "2009-09-30": "", "2009-06-30": "", "2009-03-31": "", "2008-12-31": "", "2008-09-30": "", "2008-06-30": "", "2008-03-31": "", "2007-12-31": "", "2007-09-30": "", "2007-06-30": "", "2007-03-31": "", "2006-12-31": "", "2006-09-30": "", "2006-06-30": "", "2006-03-31": "", "2005-12-31": "", "2005-09-30": "", "2005-06-30": "", "2005-03-31": ""}, "Total Current Assets": {"2020-12-31": "3967.24900", "2020-09-30": "3813.51500", "2020-06-30": "3664.66300", "2020-03-31": "2909.14100", "2019-12-31": "3128.02100", "2019-09-30": "3258.00000", "2019-06-30": "3589.56800", "2019-03-31": "3891.97800", "2018-12-31": "4172.35200", "2018-09-30": "3965.28300", "2018-06-30": "4125.54500", "2018-03-31": "4154.58800", "2017-12-31": "4197.88300", "2017-09-30": "4172.23000", "2017-06-30": "4227.90800", "2017-03-31": "3880.11600", "2016-12-31": "3916.05200", "2016-09-30": "4019.19400", "2016-06-30": "4021.70000", "2016-03-31": "3916.65800", "2015-12-31": "4008.29400", "2015-09-30": "3981.16100", "2015-06-30": "3979.72600", "2015-03-31": "3935.05100", "2014-12-31": "3515.14000", "2014-09-30": "3303.97700", "2014-06-30": "3168.69900", "2014-03-31": "3067.14700", "2013-12-31": "2947.82600", "2013-09-30": "2801.20600", "2013-06-30": "2354.58400", "2013-03-31": "2297.63900", "2012-12-31": "2263.57100", "2012-09-30": "2250.05800", "2012-06-30": "2302.18000", "2012-03-31": "2450.30900", "2011-12-31": "2352.55400", "2011-09-30": "2414.25800", "2011-06-30": "2621.04000", "2011-03-31": "2622.78600", "2010-12-31": "2530.65500", "2010-09-30": "2343.91300", "2010-06-30": "2222.17200", "2010-03-31": "1907.06600", "2009-12-31": "1958.72600", "2009-09-30": "1944.43200", "2009-06-30": "1833.19000", "2009-03-31": "1752.46800", "2008-12-31": "1754.26800", "2008-09-30": "1822.69100", "2008-06-30": "1732.49800", "2008-03-31": "1820.19600", "2007-12-31": "1893.13600", "2007-09-30": "1772.13800", "2007-06-30": "1758.57000", "2007-03-31": "1700.10200", "2006-12-31": "1724.73300", "2006-09-30": "1866.79800", "2006-06-30": "1670.83300", "2006-03-31": "1648.24800", "2005-12-31": "1478.35400", "2005-09-30": "1489.79100", "2005-06-30": "1576.06000", "2005-03-31": "1452.55700"}, "Property, Plant, And Equipment": {"2020-12-31": "351.51300", "2020-09-30": "357.48000", "2020-06-30": "361.52800", "2020-03-31": "372.57400", "2019-12-31": "378.24200", "2019-09-30": "362.16000", "2019-06-30": "350.55500", "2019-03-31": "328.92900", "2018-12-31": "317.26000", "2018-09-30": "312.81000", "2018-06-30": "312.08400", "2018-03-31": "304.11700", "2017-12-31": "303.98400", "2017-09-30": "304.11800", "2017-06-30": "303.21000", "2017-03-31": "303.82500", "2016-12-31": "301.50400", "2016-09-30": "292.48800", "2016-06-30": "292.35800", "2016-03-31": "283.34600", "2015-12-31": "280.24100", "2015-09-30": "287.37700", "2015-06-30": "294.48700", "2015-03-31": "301.03800", "2014-12-31": "337.91400", "2014-09-30": "345.48500", "2014-06-30": "350.73600", "2014-03-31": "355.08900", "2013-12-31": "354.80000", "2013-09-30": "357.42000", "2013-06-30": "362.95600", "2013-03-31": "365.68700", "2012-12-31": "373.36900", "2012-09-30": "382.20600", "2012-06-30": "388.72100", "2012-03-31": "394.98200", "2011-12-31": "390.01400", "2011-09-30": "384.89300", "2011-06-30": "380.66100", "2011-03-31": "380.57000", "2010-12-31": "376.76400", "2010-09-30": "374.38400", "2010-06-30": "371.95400", "2010-03-31": "365.87800", "2009-12-31": "367.51400", "2009-09-30": "371.68900", "2009-06-30": "379.61200", "2009-03-31": "387.90700", "2008-12-31": "394.97300", "2008-09-30": "397.35000", "2008-06-30": "398.88200", "2008-03-31": "404.43000", "2007-12-31": "412.06800", "2007-09-30": "414.82700", "2007-06-30": "416.18900", "2007-03-31": "413.03600", "2006-12-31": "367.74800", "2006-09-30": "359.73600", "2006-06-30": "358.53100", "2006-03-31": "358.25700", "2005-12-31": "349.89500", "2005-09-30": "348.79700", "2005-06-30": "346.12900", "2005-03-31": "344.51600"}, "Long-Term Investments": {"2020-12-31": "", "2020-09-30": "", "2020-06-30": "", "2020-03-31": "", "2019-12-31": "", "2019-09-30": "", "2019-06-30": "54.84900", "2019-03-31": "53.43300", "2018-12-31": "83.80300", "2018-09-30": "91.62700", "2018-06-30": "91.70000", "2018-03-31": "97.89600", "2017-12-31": "102.37500", "2017-09-30": "99.86200", "2017-06-30": "106.86200", "2017-03-31": "116.28800", "2016-12-31": "183.08200", "2016-09-30": "198.54500", "2016-06-30": "209.01500", "2016-03-31": "220.80700", "2015-12-31": "224.61400", "2015-09-30": "235.92200", "2015-06-30": "248.43100", "2015-03-31": "266.90200", "2014-12-31": "654.01300", "2014-09-30": "950.82700", "2014-06-30": "1109.64500", "2014-03-31": "1190.77500", "2013-12-31": "1287.39200", "2013-09-30": "1436.78100", "2013-06-30": "1634.03100", "2013-03-31": "1651.03300", "2012-12-31": "1560.13200", "2012-09-30": "1497.39400", "2012-06-30": "1399.68400", "2012-03-31": "1209.22800", "2011-12-31": "1190.81200", "2011-09-30": "1048.49200", "2011-06-30": "899.57000", "2011-03-31": "766.45200", "2010-12-31": "660.16700", "2010-09-30": "704.58600", "2010-06-30": "580.38600", "2010-03-31": "582.20200", "2009-12-31": "503.10600", "2009-09-30": "352.37500", "2009-06-30": "350.05300", "2009-03-31": "347.78700", "2008-12-31": "388.97200", "2008-09-30": "472.26800", "2008-06-30": "607.25300", "2008-03-31": "564.26900", "2007-12-31": "574.38600", "2007-09-30": "754.42800", "2007-06-30": "799.34100", "2007-03-31": "742.76300", "2006-12-31": "713.50700", "2006-09-30": "617.42400", "2006-06-30": "814.52700", "2006-03-31": "855.50500", "2005-12-31": "994.04200", "2005-09-30": "1017.04400", "2005-06-30": "930.28200", "2005-03-31": "1012.70600"}, "Goodwill And Intangible Assets": {"2020-12-31": "802.90800", "2020-09-30": "800.64000", "2020-06-30": "809.98100", "2020-03-31": "819.54000", "2019-12-31": "829.63700", "2019-09-30": "840.90900", "2019-06-30": "449.49300", "2019-03-31": "421.44100", "2018-12-31": "423.25100", "2018-09-30": "426.91100", "2018-06-30": "166.18400", "2018-03-31": "166.54400", "2017-12-31": "167.12900", "2017-09-30": "163.64800", "2017-06-30": "164.15800", "2017-03-31": "164.86300", "2016-12-31": "166.04600", "2016-09-30": "167.41000", "2016-06-30": "164.25400", "2016-03-31": "165.49800", "2015-12-31": "166.74200", "2015-09-30": "168.51000", "2015-06-30": "170.27900", "2015-03-31": "172.04800", "2014-12-31": "180.99600", "2014-09-30": "183.36600", "2014-06-30": "185.74500", "2014-03-31": "188.16300", "2013-12-31": "190.62500", "2013-09-30": "190.20900", "2013-06-30": "192.62600", "2013-03-31": "195.04400", "2012-12-31": "197.53100", "2012-09-30": "200.08600", "2012-06-30": "183.72200", "2012-03-31": "185.87000", "2011-12-31": "188.01500", "2011-09-30": "189.98900", "2011-06-30": "190.84200", "2011-03-31": "160.47600", "2010-12-31": "117.95500", "2010-09-30": "117.95500", "2010-06-30": "117.95500", "2010-03-31": "117.95500", "2009-12-31": "117.95500", "2009-09-30": "117.95500", "2009-06-30": "117.95500", "2009-03-31": "120.44800", "2008-12-31": "121.45400", "2008-09-30": "122.92900", "2008-06-30": "124.35400", "2008-03-31": "125.78000", "2007-12-31": "127.20500", "2007-09-30": "128.78800", "2007-06-30": "130.68400", "2007-03-31": "132.58100", "2006-12-31": "141.46400", "2006-09-30": "143.51100", "2006-06-30": "145.69400", "2006-03-31": "147.73500", "2005-12-31": "133.73900", "2005-09-30": "135.28500", "2005-06-30": "137.61900", "2005-03-31": "139.41900"}, "Other Long-Term Assets": {"2020-12-31": "627.29500", "2020-09-30": "604.29600", "2020-06-30": "608.59100", "2020-03-31": "592.07900", "2019-12-31": "615.32200", "2019-09-30": "558.82900", "2019-06-30": "523.43300", "2019-03-31": "455.56700", "2018-12-31": "358.09800", "2018-09-30": "350.90500", "2018-06-30": "359.67900", "2018-03-31": "337.40200", "2017-12-31": "348.24800", "2017-09-30": "290.99200", "2017-06-30": "284.92400", "2017-03-31": "275.44000", "2016-12-31": "269.60400", "2016-09-30": "268.08300", "2016-06-30": "239.14800", "2016-03-31": "232.96000", "2015-12-31": "218.26600", "2015-09-30": "217.38000", "2015-06-30": "222.62600", "2015-03-31": "223.02600", "2014-12-31": "227.14100", "2014-09-30": "233.64700", "2014-06-30": "239.39400", "2014-03-31": "236.17500", "2013-12-31": "221.15800", "2013-09-30": "214.43600", "2013-06-30": "216.72600", "2013-03-31": "220.04800", "2012-12-31": "218.30400", "2012-09-30": "218.89000", "2012-06-30": "218.92400", "2012-03-31": "223.73300", "2011-12-31": "223.70500", "2011-09-30": "230.16700", "2011-06-30": "239.05900", "2011-03-31": "210.56600", "2010-12-31": "172.89200", "2010-09-30": "175.01300", "2010-06-30": "180.53700", "2010-03-31": "211.21700", "2009-12-31": "174.65000", "2009-09-30": "174.23400", "2009-06-30": "164.37000", "2009-03-31": "203.29100", "2008-12-31": "221.79400", "2008-09-30": "233.59000", "2008-06-30": "228.06800", "2008-03-31": "222.43200", "2007-12-31": "205.95900", "2007-09-30": "198.27700", "2007-06-30": "202.71500", "2007-03-31": "190.87300", "2006-12-31": "151.61500", "2006-09-30": "146.86900", "2006-06-30": "140.10800", "2006-03-31": "163.80200", "2005-12-31": "156.10700", "2005-09-30": "178.60800", "2005-06-30": "105.30600", "2005-03-31": "89.99800"}, "Total Long-Term Assets": {"2020-12-31": "1781.71600", "2020-09-30": "1762.41600", "2020-06-30": "1780.10000", "2020-03-31": "1784.19300", "2019-12-31": "1823.20100", "2019-09-30": "1761.89800", "2019-06-30": "1378.33000", "2019-03-31": "1259.37000", "2018-12-31": "1182.41200", "2018-09-30": "1182.25300", "2018-06-30": "929.64700", "2018-03-31": "905.95900", "2017-12-31": "921.73600", "2017-09-30": "858.62010", "2017-06-30": "859.15400", "2017-03-31": "860.41600", "2016-12-31": "920.23600", "2016-09-30": "926.52600", "2016-06-30": "904.77500", "2016-03-31": "902.61100", "2015-12-31": "889.86300", "2015-09-30": "909.18900", "2015-06-30": "935.82300", "2015-03-31": "963.01400", "2014-12-31": "1400.06400", "2014-09-30": "1713.32500", "2014-06-30": "1885.52000", "2014-03-31": "1970.20200", "2013-12-31": "2053.97500", "2013-09-30": "2198.84600", "2013-06-30": "2406.33900", "2013-03-31": "2431.81200", "2012-12-31": "2349.33600", "2012-09-30": "2298.57600", "2012-06-30": "2191.05100", "2012-03-31": "2013.81300", "2011-12-31": "1992.54600", "2011-09-30": "1853.54100", "2011-06-30": "1710.13200", "2011-03-31": "1518.06400", "2010-12-31": "1327.77800", "2010-09-30": "1371.93800", "2010-06-30": "1250.83200", "2010-03-31": "1277.25200", "2009-12-31": "1163.22500", "2009-09-30": "1016.25300", "2009-06-30": "1011.99000", "2009-03-31": "1059.43300", "2008-12-31": "1127.19300", "2008-09-30": "1226.13700", "2008-06-30": "1358.55700", "2008-03-31": "1316.91100", "2007-12-31": "1319.61800", "2007-09-30": "1496.32000", "2007-06-30": "1548.92900", "2007-03-31": "1479.25300", "2006-12-31": "1374.33400", "2006-09-30": "1267.54000", "2006-06-30": "1458.86000", "2006-03-31": "1525.29900", "2005-12-31": "1633.78300", "2005-09-30": "1679.73400", "2005-06-30": "1519.33600", "2005-03-31": "1586.63900"}, "Total Assets": {"2020-12-31": "5748.96500", "2020-09-30": "5575.93100", "2020-06-30": "5444.76300", "2020-03-31": "4693.33400", "2019-12-31": "4951.22200", "2019-09-30": "5019.89800", "2019-06-30": "4967.89800", "2019-03-31": "5151.34800", "2018-12-31": "5354.76400", "2018-09-30": "5147.53600", "2018-06-30": "5055.19200", "2018-03-31": "5060.54700", "2017-12-31": "5119.61900", "2017-09-30": "5030.85000", "2017-06-30": "5087.06200", "2017-03-31": "4740.53200", "2016-12-31": "4836.28800", "2016-09-30": "4945.72000", "2016-06-30": "4926.47500", "2016-03-31": "4819.26900", "2015-12-31": "4898.15700", "2015-09-30": "4890.35000", "2015-06-30": "4915.54900", "2015-03-31": "4898.06500", "2014-12-31": "4915.20400", "2014-09-30": "5017.30200", "2014-06-30": "5054.21900", "2014-03-31": "5037.34900", "2013-12-31": "5001.80100", "2013-09-30": "5000.05200", "2013-06-30": "4760.92300", "2013-03-31": "4729.45100", "2012-12-31": "4612.90700", "2012-09-30": "4548.63400", "2012-06-30": "4493.23100", "2012-03-31": "4464.12200", "2011-12-31": "4345.10000", "2011-09-30": "4267.79900", "2011-06-30": "4331.17200", "2011-03-31": "4140.85000", "2010-12-31": "3858.43300", "2010-09-30": "3715.85100", "2010-06-30": "3473.00400", "2010-03-31": "3184.31800", "2009-12-31": "3121.95100", "2009-09-30": "2960.68500", "2009-06-30": "2845.18000", "2009-03-31": "2811.90100", "2008-12-31": "2881.46100", "2008-09-30": "3048.82800", "2008-06-30": "3091.05500", "2008-03-31": "3137.10700", "2007-12-31": "3212.75400", "2007-09-30": "3268.45800", "2007-06-30": "3307.49900", "2007-03-31": "3179.35500", "2006-12-31": "3099.06700", "2006-09-30": "3134.33800", "2006-06-30": "3129.69300", "2006-03-31": "3173.54700", "2005-12-31": "3112.13700", "2005-09-30": "3169.52500", "2005-06-30": "3095.39600", "2005-03-31": "3039.19600"}, "Total Current Liabilities": {"2020-12-31": "1114.09200", "2020-09-30": "1090.57100", "2020-06-30": "1047.23600", "2020-03-31": "1085.68100", "2019-12-31": "515.88000", "2019-09-30": "505.82800", "2019-06-30": "497.11000", "2019-03-31": "475.03600", "2018-12-31": "952.86900", "2018-09-30": "931.53800", "2018-06-30": "942.59900", "2018-03-31": "911.94500", "2017-12-31": "462.39500", "2017-09-30": "423.22100", "2017-06-30": "439.83300", "2017-03-31": "897.19600", "2016-12-31": "1010.04200", "2016-09-30": "997.81900", "2016-06-30": "1051.36400", "2016-03-31": "944.39700", "2015-12-31": "932.90900", "2015-09-30": "950.34200", "2015-06-30": "957.16300", "2015-03-31": "963.20600", "2014-12-31": "913.01500", "2014-09-30": "970.64900", "2014-06-30": "933.84800", "2014-03-31": "989.36000", "2013-12-31": "1432.07700", "2013-09-30": "1482.17000", "2013-06-30": "1402.47600", "2013-03-31": "386.78800", "2012-12-31": "335.54200", "2012-09-30": "342.65600", "2012-06-30": "360.16000", "2012-03-31": "342.77600", "2011-12-31": "382.43700", "2011-09-30": "367.44900", "2011-06-30": "434.12600", "2011-03-31": "368.14000", "2010-12-31": "375.01900", "2010-09-30": "390.83400", "2010-06-30": "373.09200", "2010-03-31": "357.16100", "2009-12-31": "361.96800", "2009-09-30": "292.45600", "2009-06-30": "245.31400", "2009-03-31": "233.06600", "2008-12-31": "279.29600", "2008-09-30": "318.96300", "2008-06-30": "337.47000", "2008-03-31": "340.66600", "2007-12-31": "338.07300", "2007-09-30": "295.60400", "2007-06-30": "288.80700", "2007-03-31": "303.36900", "2006-12-31": "324.50700", "2006-09-30": "347.53200", "2006-06-30": "308.51300", "2006-03-31": "345.02400", "2005-12-31": "376.90800", "2005-09-30": "334.51500", "2005-06-30": "332.54800", "2005-03-31": "298.39400"}, "Long Term Debt": {"2020-12-31": "1492.37700", "2020-09-30": "1492.06600", "2020-06-30": "1491.75200", "2020-03-31": "747.11000", "2019-12-31": "1246.00000", "2019-09-30": "1245.63100", "2019-06-30": "1245.26300", "2019-03-31": "1234.80700", "2018-12-31": "1221.43800", "2018-09-30": "1201.88400", "2018-06-30": "1207.38700", "2018-03-31": "1214.44000", "2017-12-31": "1730.21100", "2017-09-30": "1738.66600", "2017-06-30": "1737.41000", "2017-03-31": "995.24700", "2016-12-31": "994.84200", "2016-09-30": "994.43900", "2016-06-30": "994.03900", "2016-03-31": "993.63900", "2015-12-31": "995.58400", "2015-09-30": "995.33300", "2015-06-30": "995.08600", "2015-03-31": "994.83900", "2014-12-31": "994.59500", "2014-09-30": "994.35200", "2014-06-30": "994.11000", "2014-03-31": "993.87000", "2013-12-31": "", "2013-09-30": "", "2013-06-30": "", "2013-03-31": "922.66600", "2012-12-31": "918.88300", "2012-09-30": "915.10900", "2012-06-30": "911.13500", "2012-03-31": "906.56900", "2011-12-31": "903.05900", "2011-09-30": "899.80300", "2011-06-30": "894.47800", "2011-03-31": "890.98000", "2010-12-31": "887.19700", "2010-09-30": "884.39000", "2010-06-30": "849.50500", "2010-03-31": "354.79800", "2009-12-31": "354.46000", "2009-09-30": "353.47100", "2009-06-30": "352.33300", "2009-03-31": "352.11000", "2008-12-31": "760.10700", "2008-09-30": "999.56300", "2008-06-30": "999.55200", "2008-03-31": "999.85100", "2007-12-31": "999.81000", "2007-09-30": "999.11900", "2007-06-30": "998.79800", "2007-03-31": "999.59700", "2006-12-31": "", "2006-09-30": "", "2006-06-30": "", "2006-03-31": "", "2005-12-31": "", "2005-09-30": "", "2005-06-30": "", "2005-03-31": ""}, "Other Non-Current Liabilities": {"2020-12-31": "543.60500", "2020-09-30": "540.45700", "2020-06-30": "586.12200", "2020-03-31": "545.49400", "2019-12-31": "548.18000", "2019-09-30": "572.53400", "2019-06-30": "612.94100", "2019-03-31": "579.99600", "2018-12-31": "543.26200", "2018-09-30": "569.22800", "2018-06-30": "586.56800", "2018-03-31": "573.80900", "2017-12-31": "562.26900", "2017-09-30": "23.55700", "2017-06-30": "24.98600", "2017-03-31": "22.81700", "2016-12-31": "28.02400", "2016-09-30": "33.44000", "2016-06-30": "27.98700", "2016-03-31": "29.87300", "2015-12-31": "31.96500", "2015-09-30": "32.76400", "2015-06-30": "35.54000", "2015-03-31": "38.55800", "2014-12-31": "40.97700", "2014-09-30": "42.69900", "2014-06-30": "45.40500", "2014-03-31": "48.00400", "2013-12-31": "368.30000", "2013-09-30": "376.30500", "2013-06-30": "403.23000", "2013-03-31": "41.25900", "2012-12-31": "35.36200", "2012-09-30": "39.46900", "2012-06-30": "40.23400", "2012-03-31": "44.04700", "2011-12-31": "49.45800", "2011-09-30": "74.64200", "2011-06-30": "81.91900", "2011-03-31": "63.12300", "2010-12-31": "54.09000", "2010-09-30": "62.69400", "2010-06-30": "60.62000", "2010-03-31": "57.74000", "2009-12-31": "123.79300", "2009-09-30": "141.90600", "2009-06-30": "138.50000", "2009-03-31": "81.77600", "2008-12-31": "71.15000", "2008-09-30": "74.74900", "2008-06-30": "43.89400", "2008-03-31": "40.28100", "2007-12-31": "32.71700", "2007-09-30": "41.50400", "2007-06-30": "35.37700", "2007-03-31": "1.32000", "2006-12-31": "1.32100", "2006-09-30": "5.04300", "2006-06-30": "8.80600", "2006-03-31": "7.48500", "2005-12-31": "7.48500", "2005-09-30": "7.63500", "2005-06-30": "", "2005-03-31": ""}, "Total Long Term Liabilities": {"2020-12-31": "2035.98200", "2020-09-30": "2032.52300", "2020-06-30": "2077.87400", "2020-03-31": "1292.60400", "2019-12-31": "1794.18000", "2019-09-30": "1818.16500", "2019-06-30": "1858.20400", "2019-03-31": "1814.80300", "2018-12-31": "1764.70000", "2018-09-30": "1771.11200", "2018-06-30": "1793.95500", "2018-03-31": "1788.24900", "2017-12-31": "2292.59000", "2017-09-30": "2121.54600", "2017-06-30": "2108.96200", "2017-03-31": "1335.70300", "2016-12-31": "1346.64300", "2016-09-30": "1322.75400", "2016-06-30": "1285.43900", "2016-03-31": "1284.97900", "2015-12-31": "1375.54400", "2015-09-30": "1336.75900", "2015-06-30": "1331.75600", "2015-03-31": "1323.26500", "2014-12-31": "1328.71000", "2014-09-30": "1332.69200", "2014-06-30": "1323.00700", "2014-03-31": "1295.30700", "2013-12-31": "647.99600", "2013-09-30": "645.55510", "2013-06-30": "631.44900", "2013-03-31": "1379.36700", "2012-12-31": "1461.24000", "2012-09-30": "1454.28700", "2012-06-30": "1428.99100", "2012-03-31": "1413.66100", "2011-12-31": "1401.68700", "2011-09-30": "1407.93600", "2011-06-30": "1396.97800", "2011-03-31": "1358.09300", "2010-12-31": "1309.80800", "2010-09-30": "1297.78600", "2010-06-30": "1232.78900", "2010-03-31": "706.68700", "2009-12-31": "726.07500", "2009-09-30": "702.09100", "2009-06-30": "687.78800", "2009-03-31": "630.07500", "2008-12-31": "933.68200", "2008-09-30": "1169.97100", "2008-06-30": "1143.99400", "2008-03-31": "1124.61800", "2007-12-31": "1139.95500", "2007-09-30": "1130.79800", "2007-06-30": "1122.72600", "2007-03-31": "1103.24600", "2006-12-31": "106.74600", "2006-09-30": "88.63900", "2006-06-30": "106.04400", "2006-03-31": "99.63800", "2005-12-31": "43.03600", "2005-09-30": "67.26800", "2005-06-30": "52.13200", "2005-03-31": "67.29400"}, "Total Liabilities": {"2020-12-31": "3150.07400", "2020-09-30": "3123.09400", "2020-06-30": "3125.11000", "2020-03-31": "2378.28500", "2019-12-31": "2310.06000", "2019-09-30": "2323.99300", "2019-06-30": "2355.31400", "2019-03-31": "2289.83900", "2018-12-31": "2717.56900", "2018-09-30": "2702.65000", "2018-06-30": "2736.55400", "2018-03-31": "2700.19400", "2017-12-31": "2754.98500", "2017-09-30": "2544.76700", "2017-06-30": "2548.79500", "2017-03-31": "2232.89900", "2016-12-31": "2356.68500", "2016-09-30": "2320.57300", "2016-06-30": "2336.80300", "2016-03-31": "2229.37600", "2015-12-31": "2308.45300", "2015-09-30": "2287.10100", "2015-06-30": "2288.91900", "2015-03-31": "2286.47100", "2014-12-31": "2241.72500", "2014-09-30": "2303.34100", "2014-06-30": "2256.85500", "2014-03-31": "2284.66700", "2013-12-31": "2080.07300", "2013-09-30": "2127.72500", "2013-06-30": "2033.92500", "2013-03-31": "1766.15500", "2012-12-31": "1796.78200", "2012-09-30": "1796.94300", "2012-06-30": "1789.15100", "2012-03-31": "1756.43700", "2011-12-31": "1784.12400", "2011-09-30": "1775.38500", "2011-06-30": "1831.10400", "2011-03-31": "1726.23300", "2010-12-31": "1684.82700", "2010-09-30": "1688.62000", "2010-06-30": "1605.88100", "2010-03-31": "1063.84800", "2009-12-31": "1088.04300", "2009-09-30": "994.54700", "2009-06-30": "933.10200", "2009-03-31": "863.14100", "2008-12-31": "1212.97800", "2008-09-30": "1488.93400", "2008-06-30": "1481.46400", "2008-03-31": "1465.28400", "2007-12-31": "1478.02800", "2007-09-30": "1426.40200", "2007-06-30": "1411.53300", "2007-03-31": "1406.61500", "2006-12-31": "431.25300", "2006-09-30": "436.17100", "2006-06-30": "414.55700", "2006-03-31": "444.66200", "2005-12-31": "419.94400", "2005-09-30": "401.78300", "2005-06-30": "384.68000", "2005-03-31": "365.68800"}, "Common Stock Net": {"2020-12-31": "2.45100", "2020-09-30": "2.45000", "2020-06-30": "2.43200", "2020-03-31": "2.43800", "2019-12-31": "2.48900", "2019-09-30": "2.51500", "2019-06-30": "2.51000", "2019-03-31": "2.53900", "2018-12-31": "2.53100", "2018-09-30": "2.53000", "2018-06-30": "2.51500", "2018-03-31": "2.53400", "2017-12-31": "2.54700", "2017-09-30": "2.48600", "2017-06-30": "2.48100", "2017-03-31": "2.48000", "2016-12-31": "2.48800", "2016-09-30": "2.52500", "2016-06-30": "2.53400", "2016-03-31": "2.53700", "2015-12-31": "2.55200", "2015-09-30": "2.56900", "2015-06-30": "2.57000", "2015-03-31": "2.58300", "2014-12-31": "2.61100", "2014-09-30": "2.64400", "2014-06-30": "2.67100", "2014-03-31": "2.68600", "2013-12-31": "2.66500", "2013-09-30": "2.68200", "2013-06-30": "2.64800", "2013-03-31": "2.63600", "2012-12-31": "2.61200", "2012-09-30": "2.60800", "2012-06-30": "2.61200", "2012-03-31": "2.63600", "2011-12-31": "2.61500", "2011-09-30": "2.62400", "2011-06-30": "2.64300", "2011-03-31": "2.64600", "2010-12-31": "2.60000", "2010-09-30": "2.59000", "2010-06-30": "2.58000", "2010-03-31": "2.73500", "2009-12-31": "2.76500", "2009-09-30": "2.76800", "2009-06-30": "2.75500", "2009-03-31": "2.75500", "2008-12-31": "2.74100", "2008-09-30": "2.73900", "2008-06-30": "2.76100", "2008-03-31": "2.80500", "2007-12-31": "2.86200", "2007-09-30": "2.93800", "2007-06-30": "2.98100", "2007-03-31": "2.95900", "2006-12-31": "3.31700", "2006-09-30": "3.35800", "2006-06-30": "3.39700", "2006-03-31": "3.42600", "2005-12-31": "3.44300", "2005-09-30": "3.48200", "2005-06-30": "3.49000", "2005-03-31": "3.50200"}, "Retained Earnings (Accumulated Deficit)": {"2020-12-31": "1315.23900", "2020-09-30": "1237.42100", "2020-06-30": "1136.71000", "2020-03-31": "1187.80500", "2019-12-31": "1545.21000", "2019-09-30": "1732.30400", "2019-06-30": "1743.24100", "2019-03-31": "1876.96900", "2018-12-31": "1723.71300", "2018-09-30": "1576.47600", "2018-06-30": "1457.46700", "2018-03-31": "1513.65600", "2017-12-31": "1528.39300", "2017-09-30": "1675.85800", "2017-06-30": "1743.59700", "2017-03-31": "1726.31200", "2016-12-31": "1729.44600", "2016-09-30": "1854.32000", "2016-06-30": "1863.88700", "2016-03-31": "1867.06600", "2015-12-31": "1898.23800", "2015-09-30": "1932.04600", "2015-06-30": "1959.03700", "2015-03-31": "1966.27800", "2014-12-31": "1988.50100", "2014-09-30": "1977.18500", "2014-06-30": "1999.75100", "2014-03-31": "1945.47100", "2013-12-31": "1889.01900", "2013-09-30": "1814.08100", "2013-06-30": "1766.73800", "2013-03-31": "1675.72200", "2012-12-31": "1602.92400", "2012-09-30": "1563.67600", "2012-06-30": "1546.02600", "2012-03-31": "1502.32700", "2011-12-31": "1429.91300", "2011-09-30": "1361.55200", "2011-06-30": "1322.37800", "2011-03-31": "1238.04400", "2010-12-31": "1120.11200", "2010-09-30": "1009.44800", "2010-06-30": "886.83500", "2010-03-31": "1016.54500", "2009-12-31": "959.90900", "2009-09-30": "903.84400", "2009-06-30": "878.54900", "2009-03-31": "879.11800", "2008-12-31": "865.96600", "2008-09-30": "764.94900", "2008-06-30": "780.93100", "2008-03-31": "805.04200", "2007-12-31": "870.28300", "2007-09-30": "955.36300", "2007-06-30": "973.79000", "2007-03-31": "916.29200", "2006-12-31": "1327.59200", "2006-09-30": "1352.41600", "2006-06-30": "1338.91600", "2006-03-31": "1334.53000", "2005-12-31": "1314.91400", "2005-09-30": "1373.66600", "2005-06-30": "1815.15900", "2005-03-31": "1762.87300"}, "Comprehensive Income": {"2020-12-31": "-1.82200", "2020-09-30": "-8.28800", "2020-06-30": "-14.23700", "2020-03-31": "-20.27700", "2019-12-31": "-12.10500", "2019-09-30": "-17.13600", "2019-06-30": "-13.47200", "2019-03-31": "-23.41000", "2018-12-31": "-31.79300", "2018-09-30": "-40.73800", "2018-06-30": "-35.93200", "2018-03-31": "-34.50900", "2017-12-31": "-21.50300", "2017-09-30": "-16.21900", "2017-06-30": "-16.63200", "2017-03-31": "-24.68100", "2016-12-31": "-30.44100", "2016-09-30": "-5.20900", "2016-06-30": "-3.40500", "2016-03-31": "-6.63100", "2015-12-31": "-21.38900", "2015-09-30": "-14.50600", "2015-06-30": "-13.18600", "2015-03-31": "-11.14900", "2014-12-31": "-7.98400", "2014-09-30": "-2.12000", "2014-06-30": "6.92600", "2014-03-31": "-0.54800", "2013-12-31": "-7.54800", "2013-09-30": "-4.56100", "2013-06-30": "-10.08200", "2013-03-31": "8.66000", "2012-12-31": "15.16300", "2012-09-30": "18.57200", "2012-06-30": "4.91700", "2012-03-31": "7.26400", "2011-12-31": "0.04300", "2011-09-30": "6.37000", "2011-06-30": "13.31900", "2011-03-31": "10.51700", "2010-12-31": "7.46500", "2010-09-30": "8.40600", "2010-06-30": "1.12400", "2010-03-31": "-1.22100", "2009-12-31": "3.48600", "2009-09-30": "4.71500", "2009-06-30": "-3.15900", "2009-03-31": "-18.85800", "2008-12-31": "-20.10900", "2008-09-30": "-12.50700", "2008-06-30": "3.00800", "2008-03-31": "5.80400", "2007-12-31": "0.18500", "2007-09-30": "3.95700", "2007-06-30": "4.68900", "2007-03-31": "3.60100", "2006-12-31": "6.68200", "2006-09-30": "1.51300", "2006-06-30": "7.88000", "2006-03-31": "15.80900", "2005-12-31": "-5.44400", "2005-09-30": "23.14100", "2005-06-30": "31.88200", "2005-03-31": "0.20400"}, "Other Share Holders Equity": {"2020-12-31": "", "2020-09-30": "", "2020-06-30": "", "2020-03-31": "", "2019-12-31": "", "2019-09-30": "", "2019-06-30": "", "2019-03-31": "", "2018-12-31": "", "2018-09-30": "", "2018-06-30": "", "2018-03-31": "", "2017-12-31": "", "2017-09-30": "", "2017-06-30": "", "2017-03-31": "", "2016-12-31": "", "2016-09-30": "", "2016-06-30": "", "2016-03-31": "", "2015-12-31": "", "2015-09-30": "", "2015-06-30": "", "2015-03-31": "", "2014-12-31": "", "2014-09-30": "", "2014-06-30": "", "2014-03-31": "", "2013-12-31": "", "2013-09-30": "", "2013-06-30": "", "2013-03-31": "", "2012-12-31": "", "2012-09-30": "", "2012-06-30": "", "2012-03-31": "", "2011-12-31": "", "2011-09-30": "", "2011-06-30": "", "2011-03-31": "", "2010-12-31": "", "2010-09-30": "", "2010-06-30": "", "2010-03-31": "", "2009-12-31": "", "2009-09-30": "", "2009-06-30": "", "2009-03-31": "", "2008-12-31": "", "2008-09-30": "", "2008-06-30": "", "2008-03-31": "", "2007-12-31": "", "2007-09-30": "", "2007-06-30": "", "2007-03-31": "", "2006-12-31": "", "2006-09-30": "", "2006-06-30": "", "2006-03-31": "", "2005-12-31": "", "2005-09-30": "", "2005-06-30": "", "2005-03-31": ""}, "Share Holder Equity": {"2020-12-31": "2598.89100", "2020-09-30": "2452.83700", "2020-06-30": "2319.65300", "2020-03-31": "2315.04900", "2019-12-31": "2641.16200", "2019-09-30": "2695.90500", "2019-06-30": "2612.58400", "2019-03-31": "2861.50900", "2018-12-31": "2637.19500", "2018-09-30": "2444.88600", "2018-06-30": "2318.63800", "2018-03-31": "2360.35300", "2017-12-31": "2364.63400", "2017-09-30": "2486.08300", "2017-06-30": "2538.26700", "2017-03-31": "2507.63300", "2016-12-31": "2479.60300", "2016-09-30": "2625.14700", "2016-06-30": "2589.67200", "2016-03-31": "2589.89300", "2015-12-31": "2589.70400", "2015-09-30": "2603.24900", "2015-06-30": "2626.63000", "2015-03-31": "2611.59400", "2014-12-31": "2673.47900", "2014-09-30": "2713.96100", "2014-06-30": "2797.36400", "2014-03-31": "2752.68200", "2013-12-31": "2921.72800", "2013-09-30": "2872.32700", "2013-06-30": "2726.99800", "2013-03-31": "2963.29600", "2012-12-31": "2816.12500", "2012-09-30": "2751.69100", "2012-06-30": "2704.08000", "2012-03-31": "2707.68500", "2011-12-31": "2560.97600", "2011-09-30": "2492.41400", "2011-06-30": "2500.06800", "2011-03-31": "2414.61700", "2010-12-31": "2173.60600", "2010-09-30": "2027.23100", "2010-06-30": "1867.12300", "2010-03-31": "2120.47000", "2009-12-31": "2033.90800", "2009-09-30": "1966.13800", "2009-06-30": "1912.07800", "2009-03-31": "1948.76000", "2008-12-31": "1668.48300", "2008-09-30": "1559.89400", "2008-06-30": "1609.59100", "2008-03-31": "1671.82300", "2007-12-31": "1734.72600", "2007-09-30": "1842.05600", "2007-06-30": "1895.96600", "2007-03-31": "1772.74000", "2006-12-31": "2667.81400", "2006-09-30": "2698.16700", "2006-06-30": "2715.13600", "2006-03-31": "2728.88500", "2005-12-31": "2692.19300", "2005-09-30": "2767.74200", "2005-06-30": "2710.71600", "2005-03-31": "2673.50800"}, "Total Liabilities And Share Holders Equity": {"2020-12-31": "5748.96500", "2020-09-30": "5575.93100", "2020-06-30": "5444.76300", "2020-03-31": "4693.33400", "2019-12-31": "4951.22200", "2019-09-30": "5019.89800", "2019-06-30": "4967.89800", "2019-03-31": "5151.34800", "2018-12-31": "5354.76400", "2018-09-30": "5147.53600", "2018-06-30": "5055.19200", "2018-03-31": "5060.54700", "2017-12-31": "5119.61900", "2017-09-30": "5030.85000", "2017-06-30": "5087.06200", "2017-03-31": "4740.53200", "2016-12-31": "4836.28800", "2016-09-30": "4945.72000", "2016-06-30": "4926.47500", "2016-03-31": "4819.26900", "2015-12-31": "4898.15700", "2015-09-30": "4890.35000", "2015-06-30": "4915.54900", "2015-03-31": "4898.06500", "2014-12-31": "4915.20400", "2014-09-30": "5017.30200", "2014-06-30": "5054.21900", "2014-03-31": "5037.34900", "2013-12-31": "5001.80100", "2013-09-30": "5000.05200", "2013-06-30": "4760.92300", "2013-03-31": "4729.45100", "2012-12-31": "4612.90700", "2012-09-30": "4548.63400", "2012-06-30": "4493.23100", "2012-03-31": "4464.12200", "2011-12-31": "4345.10000", "2011-09-30": "4267.79900", "2011-06-30": "4331.17200", "2011-03-31": "4140.85000", "2010-12-31": "3858.43300", "2010-09-30": "3715.85100", "2010-06-30": "3473.00400", "2010-03-31": "3184.31800", "2009-12-31": "3121.95100", "2009-09-30": "2960.68500", "2009-06-30": "2845.18000", "2009-03-31": "2811.90100", "2008-12-31": "2881.46100", "2008-09-30": "3048.82800", "2008-06-30": "3091.05500", "2008-03-31": "3137.10700", "2007-12-31": "3212.75400", "2007-09-30": "3268.45800", "2007-06-30": "3307.49900", "2007-03-31": "3179.35500", "2006-12-31": "3099.06700", "2006-09-30": "3134.33800", "2006-06-30": "3129.69300", "2006-03-31": "3173.54700", "2005-12-31": "3112.13700", "2005-09-30": "3169.52500", "2005-06-30": "3095.39600", "2005-03-31": "3039.19600"}}, "cash flow statement": {"Net Income/Loss": {"2020-03-31": "792.72100", "2019-03-31": "889.75000", "2018-03-31": "463.98100", "2017-03-31": "628.13300", "2016-03-31": "550.86700", "2015-03-31": "648.21600", "2014-03-31": "630.38800", "2013-03-31": "487.53600", "2012-03-31": "530.07900", "2011-03-31": "641.87500", "2010-03-31": "357.48400", "2009-03-31": "361.71900", "2008-03-31": "369.31500", "2007-03-31": "350.67200", "2006-03-31": "354.14900", "2005-03-31": "312.72300"}, "Total Depreciation And Amortization - Cash Flow": {"2020-03-31": "158.19600", "2019-03-31": "105.50400", "2018-03-31": "99.30200", "2017-03-31": "74.31800", "2016-03-31": "80.48900", "2015-03-31": "86.93600", "2014-03-31": "91.59100", "2013-03-31": "89.44000", "2012-03-31": "87.89300", "2011-03-31": "72.81300", "2010-03-31": "69.05400", "2009-03-31": "76.10300", "2008-03-31": "76.56000", "2007-03-31": "73.92400", "2006-03-31": "69.54900", "2005-03-31": "63.06200"}, "Other Non-Cash Items": {"2020-03-31": "172.71700", "2019-03-31": "118.85000", "2018-03-31": "-201.91900", "2017-03-31": "189.88000", "2016-03-31": "157.74200", "2015-03-31": "105.90500", "2014-03-31": "125.97600", "2013-03-31": "23.57000", "2012-03-31": "132.31600", "2011-03-31": "169.24400", "2010-03-31": "113.72400", "2009-03-31": "68.45900", "2008-03-31": "67.91000", "2007-03-31": "112.20900", "2006-03-31": "76.37100", "2005-03-31": "68.47300"}, "Total Non-Cash Items": {"2020-03-31": "330.91300", "2019-03-31": "224.35400", "2018-03-31": "-102.61700", "2017-03-31": "264.19800", "2016-03-31": "238.23100", "2015-03-31": "192.84100", "2014-03-31": "217.56700", "2013-03-31": "113.01000", "2012-03-31": "220.20900", "2011-03-31": "242.05700", "2010-03-31": "182.77800", "2009-03-31": "144.56200", "2008-03-31": "144.47000", "2007-03-31": "186.13300", "2006-03-31": "145.92000", "2005-03-31": "131.53500"}, "Change In Accounts Receivable": {"2020-03-31": "66.88900", "2019-03-31": "47.08100", "2018-03-31": "-98.39600", "2017-03-31": "59.24500", "2016-03-31": "-60.84300", "2015-03-31": "21.21900", "2014-03-31": "-38.65800", "2013-03-31": "-14.21000", "2012-03-31": "71.49900", "2011-03-31": "-23.69900", "2010-03-31": "-46.34500", "2009-03-31": "32.75700", "2008-03-31": "-66.85300", "2007-03-31": "11.91100", "2006-03-31": "19.38000", "2005-03-31": "35.49000"}, "Change In Inventories": {"2020-03-31": "17.94700", "2019-03-31": "-78.60200", "2018-03-31": "-9.17600", "2017-03-31": "-48.24400", "2016-03-31": "52.32300", "2015-03-31": "2.66400", "2014-03-31": "-32.33300", "2013-03-31": "3.88900", "2012-03-31": "60.12100", "2011-03-31": "-133.72400", "2010-03-31": "-10.77900", "2009-03-31": "10.02200", "2008-03-31": "43.64700", "2007-03-31": "28.61700", "2006-03-31": "-15.30700", "2005-03-31": "-83.26800"}, "Change In Accounts Payable": {"2020-03-31": "-10.63700", "2019-03-31": "11.13700", "2018-03-31": "-16.69100", "2017-03-31": "10.98300", "2016-03-31": "21.42200", "2015-03-31": "-69.58300", "2014-03-31": "76.92900", "2013-03-31": "-5.84600", "2012-03-31": "-20.64000", "2011-03-31": "2.83300", "2010-03-31": "47.96700", "2009-03-31": "-11.20100", "2008-03-31": "-19.50900", "2007-03-31": "7.90800", "2006-03-31": "7.81100", "2005-03-31": "-15.37100"}, "Change In Assets/Liabilities": {"2020-03-31": "-2.01300", "2019-03-31": "-32.18000", "2018-03-31": "-31.97000", "2017-03-31": "-21.55600", "2016-03-31": "-27.51800", "2015-03-31": "-2.67700", "2014-03-31": "-24.34800", "2013-03-31": "-22.57600", "2012-03-31": "-38.73500", "2011-03-31": "13.93600", "2010-03-31": "-6.74700", "2009-03-31": "-56.43100", "2008-03-31": "62.19000", "2007-03-31": "-17.49000", "2006-03-31": "-40.76000", "2005-03-31": "-76.07500"}, "Total Change In Assets/Liabilities": {"2020-03-31": "67.20200", "2019-03-31": "-22.88900", "2018-03-31": "458.66300", "2017-03-31": "41.80000", "2016-03-31": "-42.84300", "2015-03-31": "-30.61500", "2014-03-31": "-43.03800", "2013-03-31": "55.99100", "2012-03-31": "76.45100", "2011-03-31": "-159.78000", "2010-03-31": "14.02900", "2009-03-31": "-63.75100", "2008-03-31": "67.21500", "2007-03-31": "14.76300", "2006-03-31": "-10.64600", "2005-03-31": "-168.77200"}, "Cash Flow From Operating Activities": {"2020-03-31": "1190.83600", "2019-03-31": "1091.21500", "2018-03-31": "820.02700", "2017-03-31": "934.13100", "2016-03-31": "746.25500", "2015-03-31": "810.44200", "2014-03-31": "804.91700", "2013-03-31": "656.53700", "2012-03-31": "826.73900", "2011-03-31": "724.15200", "2010-03-31": "554.29100", "2009-03-31": "442.53000", "2008-03-31": "581.00000", "2007-03-31": "551.56800", "2006-03-31": "489.42300", "2005-03-31": "275.48600"}, "Net Change In Property, Plant, And Equipment": {"2020-03-31": "-129.28900", "2019-03-31": "-89.04500", "2018-03-31": "-49.91800", "2017-03-31": "-72.05100", "2016-03-31": "-34.00400", "2015-03-31": "-29.61900", "2014-03-31": "-44.86500", "2013-03-31": "-30.26500", "2012-03-31": "-70.07100", "2011-03-31": "-64.97900", "2010-03-31": "-28.15200", "2009-03-31": "-39.10900", "2008-03-31": "-45.59300", "2007-03-31": "-110.77700", "2006-03-31": "-67.04000", "2005-03-31": "-61.37700"}, "Net Change In Intangible Assets": {"2020-03-31": "", "2019-03-31": "", "2018-03-31": "", "2017-03-31": "", "2016-03-31": "", "2015-03-31": "", "2014-03-31": "", "2013-03-31": "", "2012-03-31": "", "2011-03-31": "", "2010-03-31": "", "2009-03-31": "", "2008-03-31": "", "2007-03-31": "", "2006-03-31": "", "2005-03-31": ""}, "Net Acquisitions/Divestitures": {"2020-03-31": "-454.65100", "2019-03-31": "-234.14500", "2018-03-31": "-1.36400", "2017-03-31": "-3.11400", "2016-03-31": "", "2015-03-31": "", "2014-03-31": "", "2013-03-31": "", "2012-03-31": "", "2011-03-31": "", "2010-03-31": "", "2009-03-31": "", "2008-03-31": "", "2007-03-31": "", "2006-03-31": "-19.47600", "2005-03-31": "-18.43300"}, "Net Change In Short-term Investments": {"2020-03-31": "1291.93500", "2019-03-31": "-312.54300", "2018-03-31": "1024.09800", "2017-03-31": "587.38000", "2016-03-31": "-379.98200", "2015-03-31": "13.27910", "2014-03-31": "57.46300", "2013-03-31": "-396.17400", "2012-03-31": "-852.00680", "2011-03-31": "-526.37710", "2010-03-31": "-306.30990", "2009-03-31": "314.44200", "2008-03-31": "232.22710", "2007-03-31": "-171.43000", "2006-03-31": "353.33190", "2005-03-31": "34.71500"}, "Net Change In Long-Term Investments": {"2020-03-31": "", "2019-03-31": "", "2018-03-31": "", "2017-03-31": "", "2016-03-31": "", "2015-03-31": "", "2014-03-31": "", "2013-03-31": "", "2012-03-31": "", "2011-03-31": "", "2010-03-31": "", "2009-03-31": "", "2008-03-31": "", "2007-03-31": "", "2006-03-31": "", "2005-03-31": ""}, "Net Change In Investments - Total": {"2020-03-31": "1291.93500", "2019-03-31": "-312.54300", "2018-03-31": "1024.09800", "2017-03-31": "587.38000", "2016-03-31": "-379.98200", "2015-03-31": "13.27910", "2014-03-31": "57.46300", "2013-03-31": "-396.17400", "2012-03-31": "-852.00680", "2011-03-31": "-526.37710", "2010-03-31": "-306.30990", "2009-03-31": "314.44200", "2008-03-31": "232.22710", "2007-03-31": "-171.43000", "2006-03-31": "353.33190", "2005-03-31": "34.71500"}, "Investing Activities - Other": {"2020-03-31": "-27.79100", "2019-03-31": "-54.81000", "2018-03-31": "-24.57300", "2017-03-31": "-18.26500", "2016-03-31": "-9.95000", "2015-03-31": "29.29600", "2014-03-31": "16.04800", "2013-03-31": "-85.07600", "2012-03-31": "-38.81900", "2011-03-31": "-34.08500", "2010-03-31": "-2.27000", "2009-03-31": "-0.79300", "2008-03-31": "5.38500", "2007-03-31": "-1.56400", "2006-03-31": "-24.43600", "2005-03-31": ""}, "Cash Flow From Investing Activities": {"2020-03-31": "680.20400", "2019-03-31": "-690.54300", "2018-03-31": "948.24300", "2017-03-31": "493.95000", "2016-03-31": "-423.93600", "2015-03-31": "12.95600", "2014-03-31": "28.64600", "2013-03-31": "-511.51500", "2012-03-31": "-960.89700", "2011-03-31": "-625.44100", "2010-03-31": "-336.73200", "2009-03-31": "274.54000", "2008-03-31": "192.01900", "2007-03-31": "-283.77100", "2006-03-31": "242.38000", "2005-03-31": "-45.09500"}, "Net Long-Term Debt": {"2020-03-31": "", "2019-03-31": "-500.00000", "2018-03-31": "287.25700", "2017-03-31": "-142.08200", "2016-03-31": "", "2015-03-31": "", "2014-03-31": "-243.93710", "2013-03-31": "", "2012-03-31": "", "2011-03-31": "587.64400", "2010-03-31": "", "2009-03-31": "-193.18200", "2008-03-31": "", "2007-03-31": "980.00000", "2006-03-31": "", "2005-03-31": ""}, "Net Current Debt": {"2020-03-31": "", "2019-03-31": "", "2018-03-31": "", "2017-03-31": "", "2016-03-31": "", "2015-03-31": "", "2014-03-31": "", "2013-03-31": "", "2012-03-31": "", "2011-03-31": "", "2010-03-31": "", "2009-03-31": "", "2008-03-31": "", "2007-03-31": "", "2006-03-31": "", "2005-03-31": ""}, "Debt Issuance/Retirement Net - Total": {"2020-03-31": "", "2019-03-31": "-500.00000", "2018-03-31": "287.25700", "2017-03-31": "-142.08200", "2016-03-31": "", "2015-03-31": "", "2014-03-31": "-243.93710", "2013-03-31": "", "2012-03-31": "", "2011-03-31": "587.64400", "2010-03-31": "", "2009-03-31": "-193.18200", "2008-03-31": "", "2007-03-31": "980.00000", "2006-03-31": "", "2005-03-31": ""}, "Net Common Equity Issued/Repurchased": {"2020-03-31": "-1155.64000", "2019-03-31": "-112.88200", "2018-03-31": "-426.80000", "2017-03-31": "-453.86100", "2016-03-31": "-357.41600", "2015-03-31": "-560.04700", "2014-03-31": "-2.91800", "2013-03-31": "-89.97300", "2012-03-31": "-110.97500", "2011-03-31": "-364.00100", "2010-03-31": "-85.12600", "2009-03-31": "-175.14100", "2008-03-31": "-424.38800", "2007-03-31": "-1301.86400", "2006-03-31": "-300.63500", "2005-03-31": "-48.69100"}, "Net Total Equity Issued/Repurchased": {"2020-03-31": "-1155.64000", "2019-03-31": "-112.88200", "2018-03-31": "-426.80000", "2017-03-31": "-453.86100", "2016-03-31": "-357.41600", "2015-03-31": "-560.04700", "2014-03-31": "-2.91800", "2013-03-31": "-89.97300", "2012-03-31": "-110.97500", "2011-03-31": "-364.00100", "2010-03-31": "-85.12600", "2009-03-31": "-175.14100", "2008-03-31": "-424.38800", "2007-03-31": "-1301.86400", "2006-03-31": "-300.63500", "2005-03-31": "-48.69100"}, "Total Common And Preferred Stock Dividends Paid": {"2020-03-31": "-371.79300", "2019-03-31": "-364.24400", "2018-03-31": "-353.05300", "2017-03-31": "-332.54200", "2016-03-31": "-318.98800", "2015-03-31": "-306.15800", "2014-03-31": "-267.34300", "2013-03-31": "-230.46900", "2012-03-31": "-200.36100", "2011-03-31": "-169.07200", "2010-03-31": "-165.64800", "2009-03-31": "-154.53400", "2008-03-31": "-139.97400", "2007-03-31": "-120.83300", "2006-03-31": "-97.19000", "2005-03-31": "-69.65500"}, "Financial Activities - Other": {"2020-03-31": "-110.39400", "2019-03-31": "-58.38400", "2018-03-31": "-63.04100", "2017-03-31": "-36.71700", "2016-03-31": "-34.67100", "2015-03-31": "-38.29800", "2014-03-31": "30.75400", "2013-03-31": "10.15600", "2012-03-31": "11.95700", "2011-03-31": "37.62000", "2010-03-31": "-1.31500", "2009-03-31": "4.77900", "2008-03-31": "22.45900", "2007-03-31": "27.41300", "2006-03-31": "", "2005-03-31": ""}, "Cash Flow From Financial Activities": {"2020-03-31": "-1637.82700", "2019-03-31": "-1035.51000", "2018-03-31": "-555.63700", "2017-03-31": "-965.20200", "2016-03-31": "-711.07500", "2015-03-31": "-904.50300", "2014-03-31": "-483.44400", "2013-03-31": "-310.28600", "2012-03-31": "-299.37900", "2011-03-31": "92.19100", "2010-03-31": "-252.08900", "2009-03-31": "-518.07800", "2008-03-31": "-541.90300", "2007-03-31": "-415.28400", "2006-03-31": "-397.82500", "2005-03-31": "-118.34600"}, "Net Cash Flow": {"2020-03-31": "233.21300", "2019-03-31": "-634.83800", "2018-03-31": "1212.63300", "2017-03-31": "462.87900", "2016-03-31": "-388.75600", "2015-03-31": "-81.10500", "2014-03-31": "350.11900", "2013-03-31": "-165.26400", "2012-03-31": "-433.53700", "2011-03-31": "190.90200", "2010-03-31": "-34.53000", "2009-03-31": "198.99200", "2008-03-31": "231.11600", "2007-03-31": "-147.48700", "2006-03-31": "333.97800", "2005-03-31": "112.04500"}, "Stock-Based Compensation": {"2020-03-31": "186.72300", "2019-03-31": "147.94200", "2018-03-31": "153.81500", "2017-03-31": "122.85800", "2016-03-31": "111.98400", "2015-03-31": "99.85900", "2014-03-31": "94.31400", "2013-03-31": "77.86200", "2012-03-31": "67.41800", "2011-03-31": "60.25800", "2010-03-31": "56.48100", "2009-03-31": "54.50900", "2008-03-31": "66.42700", "2007-03-31": "92.50100", "2006-03-31": "0.73500", "2005-03-31": "0.50400"}, "Common Stock Dividends Paid": {"2020-03-31": "-371.79300", "2019-03-31": "-364.24400", "2018-03-31": "-353.05300", "2017-03-31": "-332.54200", "2016-03-31": "-318.98800", "2015-03-31": "-306.15800", "2014-03-31": "-267.34300", "2013-03-31": "-230.46900", "2012-03-31": "-200.36100", "2011-03-31": "-169.07200", "2010-03-31": "-165.64800", "2009-03-31": "-154.53400", "2008-03-31": "-139.97400", "2007-03-31": "-120.83300", "2006-03-31": "-97.19000", "2005-03-31": "-69.65500"}}, "cash flow statement, quarterly": {"Net Income/Loss": {"2020-12-31": 170.973, "2020-09-30": 193.816, "2020-06-30": "93.83600", "2020-03-31": 162.258, "2019-12-31": 162.011, "2019-09-30": 226.993, "2019-06-30": "241.45900", "2019-03-31": 244.641, "2018-12-31": 239.359, "2018-09-30": 215.712, "2018-06-30": "190.03800", "2018-03-31": 145.471, "2017-12-31": -12.485, "2017-09-30": 173.751, "2017-06-30": "157.24400", "2017-03-31": 159.046, "2016-12-31": 141.846, "2016-09-30": 164.192, "2016-06-30": "163.04900", "2016-03-31": 145.034, "2015-12-31": 130.82, "2015-09-30": 127.298, "2015-06-30": "147.71500", "2015-03-31": 134.623, "2014-12-31": 168.466, "2014-09-30": 171.516, "2014-06-30": "173.61100", "2014-03-31": 156.027, "2013-12-31": 175.877, "2013-09-30": 141.461, "2013-06-30": "157.02300", "2013-03-31": 130.62, "2012-12-31": 103.648, "2012-09-30": 123.437, "2012-06-30": "129.83100", "2012-03-31": 122.405, "2011-12-31": 127.014, "2011-09-30": 126.286, "2011-06-30": "154.37400", "2011-03-31": 160.052, "2010-12-31": 152.341, "2010-09-30": 170.895, "2010-06-30": "158.58700", "2010-03-31": 148.532, "2009-12-31": 106.908, "2009-09-30": 64.038, "2009-06-30": "38.00600", "2009-03-31": 78.037, "2008-12-31": 119.444, "2008-09-30": 81.06, "2008-06-30": "83.17800", "2008-03-31": 91.747, "2007-12-31": 103.592, "2007-09-30": 89.698, "2007-06-30": "84.27800", "2007-03-31": 87.626, "2006-12-31": 87.509, "2006-09-30": 93.046, "2006-06-30": "82.49100", "2006-03-31": 110.741, "2005-12-31": 80.969, "2005-09-30": 85.598, "2005-06-30": "76.84100", "2005-03-31": 312.723}, "Total Depreciation And Amortization - Cash Flow": {"2020-12-31": 47.951, "2020-09-30": 45.565, "2020-06-30": "46.80800", "2020-03-31": 51.988, "2019-12-31": 41.607, "2019-09-30": 31.663, "2019-06-30": "32.93800", "2019-03-31": 32.946, "2018-12-31": 25.958, "2018-09-30": 24.192, "2018-06-30": "22.40800", "2018-03-31": 50.013, "2017-12-31": 17.2, "2017-09-30": 15.452, "2017-06-30": "16.63700", "2017-03-31": 18.747, "2016-12-31": 19.016, "2016-09-30": 18.201, "2016-06-30": "18.35400", "2016-03-31": 19.539, "2015-12-31": 20.498, "2015-09-30": 19.835, "2015-06-30": "20.61700", "2015-03-31": 21.509, "2014-12-31": 21.765, "2014-09-30": 21.986, "2014-06-30": "21.67600", "2014-03-31": 23.015, "2013-12-31": 22.724, "2013-09-30": 22.909, "2013-06-30": "22.94300", "2013-03-31": 22.251, "2012-12-31": 22.083, "2012-09-30": 22.298, "2012-06-30": "22.80800", "2012-03-31": 22.945, "2011-12-31": 22.086, "2011-09-30": 21.598, "2011-06-30": "21.26400", "2011-03-31": 19.732, "2010-12-31": 18.191, "2010-09-30": 18.893, "2010-06-30": "15.99700", "2010-03-31": 16.452, "2009-12-31": 17.059, "2009-09-30": 16.28, "2009-06-30": "19.26300", "2009-03-31": 17.719, "2008-12-31": 18.725, "2008-09-30": 18.786, "2008-06-30": "20.87300", "2008-03-31": 22.7, "2007-12-31": 17.825, "2007-09-30": 18.984, "2007-06-30": "17.05100", "2007-03-31": 22.431, "2006-12-31": 17.031, "2006-09-30": 17.292, "2006-06-30": "17.17000", "2006-03-31": 18.557, "2005-12-31": 16.676, "2005-09-30": 17.142, "2005-06-30": "17.17400", "2005-03-31": 63.062}, "Other Non-Cash Items": {"2020-12-31": 58.077, "2020-09-30": 58.212, "2020-06-30": "44.04400", "2020-03-31": 52.651, "2019-12-31": 35.729, "2019-09-30": 53.938, "2019-06-30": "30.39900", "2019-03-31": 10.01, "2018-12-31": 30.987, "2018-09-30": 49.335, "2018-06-30": "28.51800", "2018-03-31": 57.522, "2017-12-31": -366.233, "2017-09-30": 50.508, "2017-06-30": "56.28400", "2017-03-31": 25.961, "2016-12-31": 72.929, "2016-09-30": 63.288, "2016-06-30": "27.70200", "2016-03-31": 24.442, "2015-12-31": 79.788, "2015-09-30": 25.409, "2015-06-30": "28.10300", "2015-03-31": 28.47, "2014-12-31": 16.472, "2014-09-30": 36.398, "2014-06-30": "24.56500", "2014-03-31": 8.938, "2013-12-31": 48.727, "2013-09-30": 26.696, "2013-06-30": "41.61500", "2013-03-31": -72.984, "2012-12-31": 29.664, "2012-09-30": 30.019, "2012-06-30": "36.87100", "2012-03-31": 33.581, "2011-12-31": 69.446, "2011-09-30": 0.922, "2011-06-30": "28.36700", "2011-03-31": 51.512, "2010-12-31": 30.431, "2010-09-30": 43.919, "2010-06-30": "43.38200", "2010-03-31": 26.69, "2009-12-31": 42.734, "2009-09-30": 4.657, "2009-06-30": "39.64300", "2009-03-31": -25.021, "2008-12-31": -9.699, "2008-09-30": 60.193, "2008-06-30": "42.98600", "2008-03-31": -32.911, "2007-12-31": 39.508, "2007-09-30": 25.687, "2007-06-30": "35.62600", "2007-03-31": 55.667, "2006-12-31": 1.618, "2006-09-30": 23.293, "2006-06-30": "31.63100", "2006-03-31": 51.248, "2005-12-31": 6.781, "2005-09-30": 14.265, "2005-06-30": "4.07700", "2005-03-31": 68.473}, "Total Non-Cash Items": {"2020-12-31": 106.028, "2020-09-30": 103.777, "2020-06-30": "90.85200", "2020-03-31": 104.639, "2019-12-31": 77.336, "2019-09-30": 85.601, "2019-06-30": "63.33700", "2019-03-31": 42.956, "2018-12-31": 56.945, "2018-09-30": 73.527, "2018-06-30": "50.92600", "2018-03-31": 107.535, "2017-12-31": -349.033, "2017-09-30": 65.96, "2017-06-30": "72.92100", "2017-03-31": 44.708, "2016-12-31": 91.945, "2016-09-30": 81.489, "2016-06-30": "46.05600", "2016-03-31": 43.981, "2015-12-31": 100.286, "2015-09-30": 45.244, "2015-06-30": "48.72000", "2015-03-31": 49.979, "2014-12-31": 38.237, "2014-09-30": 58.384, "2014-06-30": "46.24100", "2014-03-31": 31.953, "2013-12-31": 71.451, "2013-09-30": 49.605, "2013-06-30": "64.55800", "2013-03-31": -50.733, "2012-12-31": 51.747, "2012-09-30": 52.317, "2012-06-30": "59.67900", "2012-03-31": 56.526, "2011-12-31": 91.532, "2011-09-30": 22.52, "2011-06-30": "49.63100", "2011-03-31": 71.244, "2010-12-31": 48.622, "2010-09-30": 62.812, "2010-06-30": "59.37900", "2010-03-31": 43.142, "2009-12-31": 59.793, "2009-09-30": 20.937, "2009-06-30": "58.90600", "2009-03-31": -7.302, "2008-12-31": 9.026, "2008-09-30": 78.979, "2008-06-30": "63.85900", "2008-03-31": -10.211, "2007-12-31": 57.333, "2007-09-30": 44.671, "2007-06-30": "52.67700", "2007-03-31": 78.098, "2006-12-31": 18.649, "2006-09-30": 40.585, "2006-06-30": "48.80100", "2006-03-31": 69.805, "2005-12-31": 23.457, "2005-09-30": 31.407, "2005-06-30": "21.25100", "2005-03-31": 131.535}, "Change In Accounts Receivable": {"2020-12-31": 92.891, "2020-09-30": -57.316, "2020-06-30": "-32.15200", "2020-03-31": -19.481, "2019-12-31": 80.847, "2019-09-30": -23.688, "2019-06-30": "29.21100", "2019-03-31": 24.202, "2018-12-31": 13.616, "2018-09-30": 83.915, "2018-06-30": "-74.65200", "2018-03-31": -0.031, "2017-12-31": -56.26, "2017-09-30": -18.451, "2017-06-30": "-23.65400", "2017-03-31": 92.64, "2016-12-31": -113.095, "2016-09-30": -10.744, "2016-06-30": "90.44400", "2016-03-31": -104.282, "2015-12-31": 79.452, "2015-09-30": -30.64, "2015-06-30": "-5.37300", "2015-03-31": -59.118, "2014-12-31": 103.133, "2014-09-30": -9.295, "2014-06-30": "-13.50100", "2014-03-31": -60.585, "2013-12-31": 70.291, "2013-09-30": -9.386, "2013-06-30": "-38.97800", "2013-03-31": 3.082, "2012-12-31": -9.987, "2012-09-30": 35.674, "2012-06-30": "-42.97900", "2012-03-31": -3.833, "2011-12-31": 5.284, "2011-09-30": 28.267, "2011-06-30": "41.78100", "2011-03-31": 83.223, "2010-12-31": 187.109, "2010-09-30": -201.36, "2010-06-30": "-92.67100", "2010-03-31": -31.657, "2009-12-31": -4.405, "2009-09-30": -30.743, "2009-06-30": "20.46000", "2009-03-31": -2.8, "2008-12-31": 20.488, "2008-09-30": -28.599, "2008-06-30": "43.66800", "2008-03-31": -19.855, "2007-12-31": 7.307, "2007-09-30": -28.207, "2007-06-30": "-26.09800", "2007-03-31": -34.583, "2006-12-31": 38.512, "2006-09-30": -34.01, "2006-06-30": "41.99200", "2006-03-31": -51.808, "2005-12-31": 49.241, "2005-09-30": 3.089, "2005-06-30": "18.85800", "2005-03-31": 35.49}, "Change In Inventories": {"2020-12-31": -18.06, "2020-09-30": 10.165, "2020-06-30": "12.12700", "2020-03-31": 24.792, "2019-12-31": 7.83, "2019-09-30": 6.725, "2019-06-30": "-21.40000", "2019-03-31": -32.029, "2018-12-31": -39.686, "2018-09-30": 4.037, "2018-06-30": "-10.92400", "2018-03-31": -9.543, "2017-12-31": -11.137, "2017-09-30": -0.187, "2017-06-30": "11.69100", "2017-03-31": -20.949, "2016-12-31": -8.886, "2016-09-30": -1.581, "2016-06-30": "-16.82800", "2016-03-31": 17.273, "2015-12-31": 16.931, "2015-09-30": 9.007, "2015-06-30": "9.11200", "2015-03-31": 14.963, "2014-12-31": 16.11, "2014-09-30": -5.53, "2014-06-30": "-22.87900", "2014-03-31": -27.125, "2013-12-31": -22.842, "2013-09-30": 3.261, "2013-06-30": "14.37300", "2013-03-31": 24.907, "2012-12-31": -21.693, "2012-09-30": -10.462, "2012-06-30": "11.13700", "2012-03-31": 40.495, "2011-12-31": 2.355, "2011-09-30": 2.787, "2011-06-30": "14.48400", "2011-03-31": -22.049, "2010-12-31": -72.139, "2010-09-30": -18.57, "2010-06-30": "-20.96600", "2010-03-31": -1.896, "2009-12-31": -27.745, "2009-09-30": 0.118, "2009-06-30": "18.74400", "2009-03-31": 29.319, "2008-12-31": -7.6, "2008-09-30": -1.484, "2008-06-30": "-10.21300", "2008-03-31": 1.572, "2007-12-31": -3.284, "2007-09-30": 16.805, "2007-06-30": "28.55400", "2007-03-31": 10.413, "2006-12-31": 13.373, "2006-09-30": -4.731, "2006-06-30": "9.56200", "2006-03-31": 10.853, "2005-12-31": -12.215, "2005-09-30": -17.671, "2005-06-30": "3.72600", "2005-03-31": -83.268}, "Change In Accounts Payable": {"2020-12-31": 9.416, "2020-09-30": -4.368, "2020-06-30": "1.33300", "2020-03-31": 15.829, "2019-12-31": -6.68, "2019-09-30": -10.68, "2019-06-30": "-9.10600", "2019-03-31": 0.124, "2018-12-31": 6.488, "2018-09-30": -4.795, "2018-06-30": "9.32000", "2018-03-31": 2.275, "2017-12-31": 1.619, "2017-09-30": -17.536, "2017-06-30": "-3.04900", "2017-03-31": -3.771, "2016-12-31": 13.053, "2016-09-30": -10.083, "2016-06-30": "11.78400", "2016-03-31": 26.933, "2015-12-31": -0.677, "2015-09-30": -6.618, "2015-06-30": "1.78400", "2015-03-31": 21.881, "2014-12-31": -47.458, "2014-09-30": 6.117, "2014-06-30": "-50.12300", "2014-03-31": 59.572, "2013-12-31": 1.176, "2013-09-30": 19.706, "2013-06-30": "-3.52500", "2013-03-31": -25.799, "2012-12-31": 2.088, "2012-09-30": -5.2, "2012-06-30": "23.06500", "2012-03-31": -20.241, "2011-12-31": 14.668, "2011-09-30": -2.224, "2011-06-30": "-12.84300", "2011-03-31": -48.158, "2010-12-31": 16.152, "2010-09-30": 8.646, "2010-06-30": "26.19300", "2010-03-31": -12.283, "2009-12-31": 16.285, "2009-09-30": 23.718, "2009-06-30": "20.24700", "2009-03-31": -5.205, "2008-12-31": -29.481, "2008-09-30": 19.02, "2008-06-30": "4.46500", "2008-03-31": -18.331, "2007-12-31": -0.483, "2007-09-30": 18.348, "2007-06-30": "-19.04300", "2007-03-31": 18.841, "2006-12-31": -13.759, "2006-09-30": 1.297, "2006-06-30": "1.52900", "2006-03-31": -7.827, "2005-12-31": -11.405, "2005-09-30": 13.782, "2005-06-30": "13.26100", "2005-03-31": -15.371}, "Change In Assets/Liabilities": {"2020-12-31": -30.398, "2020-09-30": 2.418, "2020-06-30": "-24.94300", "2020-03-31": 23.292, "2019-12-31": -10.906, "2019-09-30": -1.611, "2019-06-30": "-12.78800", "2019-03-31": -20.19, "2018-12-31": 11.37, "2018-09-30": -17.73, "2018-06-30": "-5.63000", "2018-03-31": 3.978, "2017-12-31": -4.92, "2017-09-30": -17.315, "2017-06-30": "-13.71300", "2017-03-31": -3.645, "2016-12-31": -14.755, "2016-09-30": -22.406, "2016-06-30": "19.25000", "2016-03-31": -5.024, "2015-12-31": -25.973, "2015-09-30": 17.009, "2015-06-30": "-13.53000", "2015-03-31": 12.961, "2014-12-31": -5.268, "2014-09-30": -14.59, "2014-06-30": "4.22000", "2014-03-31": 4.559, "2013-12-31": -30.681, "2013-09-30": 3.264, "2013-06-30": "-1.49000", "2013-03-31": -4.404, "2012-12-31": -3.318, "2012-09-30": -7.363, "2012-06-30": "-7.49100", "2012-03-31": -1.07, "2011-12-31": -42.143, "2011-09-30": 23.066, "2011-06-30": "-18.58800", "2011-03-31": 11.177, "2010-12-31": -7.58, "2010-09-30": 21.626, "2010-06-30": "-11.28700", "2010-03-31": -41.548, "2009-12-31": -7.377, "2009-09-30": 43.102, "2009-06-30": "-0.92400", "2009-03-31": -7.224, "2008-12-31": 7.836, "2008-09-30": -22.712, "2008-06-30": "-34.33100", "2008-03-31": 34.014, "2007-12-31": 6.931, "2007-09-30": 10.936, "2007-06-30": "10.30900", "2007-03-31": 8.579, "2006-12-31": -13.62, "2006-09-30": 16.002, "2006-06-30": "-28.45100", "2006-03-31": 35.927, "2005-12-31": 8.153, "2005-09-30": -77.049, "2005-06-30": "-7.79100", "2005-03-31": -76.075}, "Total Change In Assets/Liabilities": {"2020-12-31": 83.136, "2020-09-30": -50.01, "2020-06-30": "60.78300", "2020-03-31": 78.454, "2019-12-31": 84.228, "2019-09-30": -88.9, "2019-06-30": "-6.58000", "2019-03-31": 0.41, "2018-12-31": 17.613, "2018-09-30": 23.884, "2018-06-30": "-64.79600", "2018-03-31": -10.713, "2017-12-31": 546.204, "2017-09-30": -37.571, "2017-06-30": "-39.25700", "2017-03-31": 102.564, "2016-12-31": -128.207, "2016-09-30": -62.088, "2016-06-30": "129.53100", "2016-03-31": -62.254, "2015-12-31": 61.05, "2015-09-30": -32.196, "2015-06-30": "-9.44300", "2015-03-31": 1.099, "2014-12-31": 84.038, "2014-09-30": -26.019, "2014-06-30": "-89.73300", "2014-03-31": 1.395, "2013-12-31": -30.938, "2013-09-30": 63.877, "2013-06-30": "-77.37200", "2013-03-31": 93.766, "2012-12-31": -32.827, "2012-09-30": 21.616, "2012-06-30": "-26.56400", "2012-03-31": 29.56, "2011-12-31": -37.576, "2011-09-30": 50.778, "2011-06-30": "33.68900", "2011-03-31": 13.671, "2010-12-31": 131.564, "2010-09-30": -192.091, "2010-06-30": "-112.92400", "2010-03-31": -87.804, "2009-12-31": 18.777, "2009-09-30": 33.001, "2009-06-30": "50.05500", "2009-03-31": -9.881, "2008-12-31": 0.009, "2008-09-30": -65.339, "2008-06-30": "11.46000", "2008-03-31": 20.33, "2007-12-31": 46.819, "2007-09-30": 10.697, "2007-06-30": "-10.63100", "2007-03-31": -60.091, "2006-12-31": 67.015, "2006-09-30": -14.134, "2006-06-30": "21.97300", "2006-03-31": -96.763, "2005-12-31": 85.735, "2005-09-30": -55.046, "2005-06-30": "55.42800", "2005-03-31": -168.772}, "Cash Flow From Operating Activities": {"2020-12-31": 360.137, "2020-09-30": 247.583, "2020-06-30": "245.47100", "2020-03-31": 345.351, "2019-12-31": 323.575, "2019-09-30": 223.694, "2019-06-30": "298.21600", "2019-03-31": 288.007, "2018-12-31": 313.917, "2018-09-30": 313.123, "2018-06-30": "176.16800", "2018-03-31": 242.293, "2017-12-31": 184.686, "2017-09-30": 202.14, "2017-06-30": "190.90800", "2017-03-31": 306.318, "2016-12-31": 105.584, "2016-09-30": 183.593, "2016-06-30": "338.63600", "2016-03-31": 126.761, "2015-12-31": 292.156, "2015-09-30": 140.346, "2015-06-30": "186.99200", "2015-03-31": 185.701, "2014-12-31": 290.741, "2014-09-30": 203.881, "2014-06-30": "130.11900", "2014-03-31": 189.375, "2013-12-31": 216.39, "2013-09-30": 254.943, "2013-06-30": "144.20900", "2013-03-31": 173.653, "2012-12-31": 122.568, "2012-09-30": 197.37, "2012-06-30": "162.94600", "2012-03-31": 208.491, "2011-12-31": 180.97, "2011-09-30": 199.584, "2011-06-30": "237.69400", "2011-03-31": 244.967, "2010-12-31": 332.527, "2010-09-30": 41.616, "2010-06-30": "105.04200", "2010-03-31": 103.87, "2009-12-31": 185.478, "2009-09-30": 117.976, "2009-06-30": "146.96700", "2009-03-31": 60.854, "2008-12-31": 128.479, "2008-09-30": 94.7, "2008-06-30": "158.49700", "2008-03-31": 101.866, "2007-12-31": 207.744, "2007-09-30": 145.066, "2007-06-30": "126.32400", "2007-03-31": 105.633, "2006-12-31": 173.173, "2006-09-30": 119.497, "2006-06-30": "153.26500", "2006-03-31": 83.783, "2005-12-31": 190.161, "2005-09-30": 61.959, "2005-06-30": "153.52000", "2005-03-31": 275.486}, "Net Change In Property, Plant, And Equipment": {"2020-12-31": -6.009, "2020-09-30": -15.331, "2020-06-30": "-15.46100", "2020-03-31": -32.309, "2019-12-31": -34.138, "2019-09-30": -33.641, "2019-06-30": "-29.20100", "2019-03-31": -28.242, "2018-12-31": -20.27, "2018-09-30": -14.174, "2018-06-30": "-26.35900", "2018-03-31": -20.978, "2017-12-31": -6.791, "2017-09-30": -12.223, "2017-06-30": "-9.92600", "2017-03-31": -20.226, "2016-12-31": -19.875, "2016-09-30": -11.313, "2016-06-30": "-20.63700", "2016-03-31": -14.835, "2015-12-31": -6.118, "2015-09-30": -5.362, "2015-06-30": "-7.68900", "2015-03-31": -5.937, "2014-12-31": -6.139, "2014-09-30": -8.427, "2014-06-30": "-9.11600", "2014-03-31": -14.148, "2013-12-31": -10.975, "2013-09-30": -8.441, "2013-06-30": "-11.30100", "2013-03-31": -6.212, "2012-12-31": -8.075, "2012-09-30": -7.636, "2012-06-30": "-8.34200", "2012-03-31": -19.67, "2011-12-31": -18.984, "2011-09-30": -17.628, "2011-06-30": "-13.78900", "2011-03-31": -16.655, "2010-12-31": -14.88, "2010-09-30": -15.177, "2010-06-30": "-18.26700", "2010-03-31": -10.612, "2009-12-31": -8.693, "2009-09-30": -4.133, "2009-06-30": "-4.71400", "2009-03-31": -6.398, "2008-12-31": -11.061, "2008-09-30": -11.777, "2008-06-30": "-9.87300", "2008-03-31": -6.238, "2007-12-31": -10.737, "2007-09-30": -13.019, "2007-06-30": "-15.59900", "2007-03-31": -63.183, "2006-12-31": -20.605, "2006-09-30": -14.031, "2006-06-30": "-12.95800", "2006-03-31": -22.484, "2005-12-31": -13.827, "2005-09-30": -15.723, "2005-06-30": "-15.00600", "2005-03-31": -61.377}, "Net Change In Intangible Assets": {"2020-12-31": 0, "2020-09-30": 0, "2020-06-30": "", "2020-03-31": 0, "2019-12-31": 0, "2019-09-30": 0, "2019-06-30": "", "2019-03-31": 0, "2018-12-31": 0, "2018-09-30": 0, "2018-06-30": "", "2018-03-31": 0, "2017-12-31": 0, "2017-09-30": 0, "2017-06-30": "", "2017-03-31": 0, "2016-12-31": 0, "2016-09-30": 0, "2016-06-30": "", "2016-03-31": 0, "2015-12-31": 0, "2015-09-30": 0, "2015-06-30": "", "2015-03-31": 0, "2014-12-31": 0, "2014-09-30": 0, "2014-06-30": "", "2014-03-31": 0, "2013-12-31": 0, "2013-09-30": 0, "2013-06-30": "", "2013-03-31": 0, "2012-12-31": 0, "2012-09-30": 0, "2012-06-30": "", "2012-03-31": 0, "2011-12-31": 0, "2011-09-30": 0, "2011-06-30": "", "2011-03-31": 0, "2010-12-31": 0, "2010-09-30": 0, "2010-06-30": "", "2010-03-31": 0, "2009-12-31": 0, "2009-09-30": 0, "2009-06-30": "", "2009-03-31": 0, "2008-12-31": 0, "2008-09-30": 0, "2008-06-30": "", "2008-03-31": 0, "2007-12-31": 0, "2007-09-30": 0, "2007-06-30": "", "2007-03-31": 0, "2006-12-31": 0, "2006-09-30": 0, "2006-06-30": "", "2006-03-31": 0, "2005-12-31": 0, "2005-09-30": 0, "2005-06-30": "", "2005-03-31": 0}, "Net Acquisitions/Divestitures": {"2020-12-31": -7.103, "2020-09-30": 0, "2020-06-30": "", "2020-03-31": 0, "2019-12-31": -0.038, "2019-09-30": -429.468, "2019-06-30": "-25.14500", "2019-03-31": -0.204, "2018-12-31": -10.406, "2018-09-30": -223.535, "2018-06-30": "", "2018-03-31": 0, "2017-12-31": -1.364, "2017-09-30": 0, "2017-06-30": "", "2017-03-31": -3.114, "2016-12-31": 0, "2016-09-30": 0, "2016-06-30": "", "2016-03-31": 0, "2015-12-31": 0, "2015-09-30": 0, "2015-06-30": "", "2015-03-31": 0, "2014-12-31": 0, "2014-09-30": 0, "2014-06-30": "", "2014-03-31": 0, "2013-12-31": 0, "2013-09-30": 0, "2013-06-30": "", "2013-03-31": 0, "2012-12-31": 0, "2012-09-30": 0, "2012-06-30": "", "2012-03-31": 0, "2011-12-31": 0, "2011-09-30": 0, "2011-06-30": "", "2011-03-31": 0, "2010-12-31": 0, "2010-09-30": 0, "2010-06-30": "", "2010-03-31": 0, "2009-12-31": 0, "2009-09-30": 0, "2009-06-30": "", "2009-03-31": 0, "2008-12-31": 0, "2008-09-30": 0, "2008-06-30": "", "2008-03-31": 0, "2007-12-31": 0, "2007-09-30": 0, "2007-06-30": "", "2007-03-31": 0, "2006-12-31": 0, "2006-09-30": 0, "2006-06-30": "", "2006-03-31": -19.476, "2005-12-31": 0, "2005-09-30": 0, "2005-06-30": "", "2005-03-31": -18.433}, "Net Change In Short-term Investments": {"2020-12-31": -272.939, "2020-09-30": -152.486, "2020-06-30": "-1359.14300", "2020-03-31": 726.378, "2019-12-31": -221.214, "2019-09-30": 440.698, "2019-06-30": "346.07300", "2019-03-31": -53.336, "2018-12-31": -220.262, "2018-09-30": 364.984, "2018-06-30": "-403.92900", "2018-03-31": 1296.2251, "2017-12-31": -161.7261, "2017-09-30": 108.908, "2017-06-30": "-219.30900", "2017-03-31": 152.2131, "2016-12-31": 364.8199, "2016-09-30": 133.844, "2016-06-30": "-63.49700", "2016-03-31": -309.4379, "2015-12-31": 30.3689, "2015-09-30": 143.195, "2015-06-30": "-244.10800", "2015-03-31": -521.0029, "2014-12-31": 668.3799, "2014-09-30": 170.2261, "2014-06-30": "-304.32400", "2014-03-31": 451.2481, "2013-12-31": 17.6018, "2013-09-30": -159.4638, "2013-06-30": "-251.92310", "2013-03-31": -116.1421, "2012-12-31": -25.4549, "2012-09-30": 19.126, "2012-06-30": "-273.70300", "2012-03-31": -55.1837, "2011-12-31": -24.238, "2011-09-30": -402.2071, "2011-06-30": "-370.37800", "2011-03-31": -137.3321, "2010-12-31": -1.784, "2010-09-30": -131.218, "2010-06-30": "-256.04300", "2010-03-31": 18.5721, "2009-12-31": -111.432, "2009-09-30": 103.063, "2009-06-30": "-316.51300", "2009-03-31": 69.2, "2008-12-31": 370.647, "2008-09-30": -36.659, "2008-06-30": "-88.74600", "2008-03-31": 548.1351, "2007-12-31": 49.1829, "2007-09-30": -235.7229, "2007-06-30": "-129.36800", "2007-03-31": 81.618, "2006-12-31": -370.936, "2006-09-30": 93.074, "2006-06-30": "24.81400", "2006-03-31": 225.8439, "2005-12-31": 24.641, "2005-09-30": 106.134, "2005-06-30": "-3.28700", "2005-03-31": 34.715}, "Net Change In Long-Term Investments": {"2020-12-31": 0, "2020-09-30": 0, "2020-06-30": "", "2020-03-31": 0, "2019-12-31": 0, "2019-09-30": 0, "2019-06-30": "", "2019-03-31": 0, "2018-12-31": 0, "2018-09-30": 0, "2018-06-30": "", "2018-03-31": 0, "2017-12-31": 0, "2017-09-30": 0, "2017-06-30": "", "2017-03-31": 0, "2016-12-31": 0, "2016-09-30": 0, "2016-06-30": "", "2016-03-31": 0, "2015-12-31": 0, "2015-09-30": 0, "2015-06-30": "", "2015-03-31": 0, "2014-12-31": 0, "2014-09-30": 0, "2014-06-30": "", "2014-03-31": 0, "2013-12-31": 0, "2013-09-30": 0, "2013-06-30": "", "2013-03-31": 0, "2012-12-31": 0, "2012-09-30": 0, "2012-06-30": "", "2012-03-31": 0, "2011-12-31": 0, "2011-09-30": 0, "2011-06-30": "", "2011-03-31": 0, "2010-12-31": 0, "2010-09-30": 0, "2010-06-30": "", "2010-03-31": 0, "2009-12-31": 0, "2009-09-30": 0, "2009-06-30": "", "2009-03-31": 0, "2008-12-31": 0, "2008-09-30": 0, "2008-06-30": "", "2008-03-31": 0, "2007-12-31": 0, "2007-09-30": 0, "2007-06-30": "", "2007-03-31": 0, "2006-12-31": 0, "2006-09-30": 0, "2006-06-30": "", "2006-03-31": 0, "2005-12-31": 0, "2005-09-30": 0, "2005-06-30": "", "2005-03-31": 0}, "Net Change In Investments - Total": {"2020-12-31": -272.939, "2020-09-30": -152.486, "2020-06-30": "-1359.14300", "2020-03-31": 726.378, "2019-12-31": -221.214, "2019-09-30": 440.698, "2019-06-30": "346.07300", "2019-03-31": -53.336, "2018-12-31": -220.262, "2018-09-30": 364.984, "2018-06-30": "-403.92900", "2018-03-31": 1296.2251, "2017-12-31": -161.7261, "2017-09-30": 108.908, "2017-06-30": "-219.30900", "2017-03-31": 152.2131, "2016-12-31": 364.8199, "2016-09-30": 133.844, "2016-06-30": "-63.49700", "2016-03-31": -309.4379, "2015-12-31": 30.3689, "2015-09-30": 143.195, "2015-06-30": "-244.10800", "2015-03-31": -521.0029, "2014-12-31": 668.3799, "2014-09-30": 170.2261, "2014-06-30": "-304.32400", "2014-03-31": 451.2481, "2013-12-31": 17.6018, "2013-09-30": -159.4638, "2013-06-30": "-251.92310", "2013-03-31": -116.1421, "2012-12-31": -25.4549, "2012-09-30": 19.126, "2012-06-30": "-273.70300", "2012-03-31": -55.1837, "2011-12-31": -24.238, "2011-09-30": -402.2071, "2011-06-30": "-370.37800", "2011-03-31": -137.3321, "2010-12-31": -1.784, "2010-09-30": -131.218, "2010-06-30": "-256.04300", "2010-03-31": 18.5721, "2009-12-31": -111.432, "2009-09-30": 103.063, "2009-06-30": "-316.51300", "2009-03-31": 69.2, "2008-12-31": 370.647, "2008-09-30": -36.659, "2008-06-30": "-88.74600", "2008-03-31": 548.1351, "2007-12-31": 49.1829, "2007-09-30": -235.7229, "2007-06-30": "-129.36800", "2007-03-31": 81.618, "2006-12-31": -370.936, "2006-09-30": 93.074, "2006-06-30": "24.81400", "2006-03-31": 225.8439, "2005-12-31": 24.641, "2005-09-30": 106.134, "2005-06-30": "-3.28700", "2005-03-31": 34.715}, "Investing Activities - Other": {"2020-12-31": -3.911, "2020-09-30": -5.918, "2020-06-30": "-6.28000", "2020-03-31": -12.558, "2019-12-31": -9.78, "2019-09-30": -9.002, "2019-06-30": "3.54900", "2019-03-31": -17.238, "2018-12-31": -12.295, "2018-09-30": -11.377, "2018-06-30": "-13.90000", "2018-03-31": -8.15, "2017-12-31": -7.962, "2017-09-30": -5.453, "2017-06-30": "-3.00800", "2017-03-31": 2.489, "2016-12-31": -4.905, "2016-09-30": -12.349, "2016-06-30": "-3.50000", "2016-03-31": -4.25, "2015-12-31": -5.942, "2015-09-30": -0.091, "2015-06-30": "0.33300", "2015-03-31": 36.736, "2014-12-31": -2.189, "2014-09-30": -1.509, "2014-06-30": "-3.74200", "2014-03-31": -11.044, "2013-12-31": -10.125, "2013-09-30": 0.296, "2013-06-30": "36.92100", "2013-03-31": -52.727, "2012-12-31": -4.7, "2012-09-30": -23.861, "2012-06-30": "-3.78800", "2012-03-31": -4.933, "2011-12-31": 0.621, "2011-09-30": -4.518, "2011-06-30": "-29.98900", "2011-03-31": -32.685, "2010-12-31": -0.4, "2010-09-30": 0, "2010-06-30": "-1.00000", "2010-03-31": 0.702, "2009-12-31": -0.156, "2009-09-30": -2.1, "2009-06-30": "-0.71600", "2009-03-31": -0.3, "2008-12-31": 0, "2008-09-30": -0.493, "2008-06-30": "", "2008-03-31": -0.75, "2007-12-31": 8.776, "2007-09-30": -1.041, "2007-06-30": "-1.60000", "2007-03-31": 0, "2006-12-31": -0.583, "2006-09-30": 0, "2006-06-30": "-0.98100", "2006-03-31": -0.327, "2005-12-31": -8.599, "2005-09-30": -4.134, "2005-06-30": "-11.37600", "2005-03-31": 0}, "Cash Flow From Investing Activities": {"2020-12-31": -289.962, "2020-09-30": -173.735, "2020-06-30": "-1380.88400", "2020-03-31": 681.511, "2019-12-31": -265.17, "2019-09-30": -31.413, "2019-06-30": "295.27600", "2019-03-31": -99.02, "2018-12-31": -263.233, "2018-09-30": 115.898, "2018-06-30": "-444.18800", "2018-03-31": 1267.097, "2017-12-31": -177.843, "2017-09-30": 91.232, "2017-06-30": "-232.24300", "2017-03-31": 131.362, "2016-12-31": 340.04, "2016-09-30": 110.182, "2016-06-30": "-87.63400", "2016-03-31": -328.523, "2015-12-31": 18.309, "2015-09-30": 137.742, "2015-06-30": "-251.46400", "2015-03-31": -490.204, "2014-12-31": 660.052, "2014-09-30": 160.29, "2014-06-30": "-317.18200", "2014-03-31": 426.056, "2013-12-31": -3.498, "2013-09-30": -167.609, "2013-06-30": "-226.30300", "2013-03-31": -175.081, "2012-12-31": -38.23, "2012-09-30": -12.371, "2012-06-30": "-285.83300", "2012-03-31": -79.787, "2011-12-31": -42.601, "2011-09-30": -424.353, "2011-06-30": "-414.15600", "2011-03-31": -186.672, "2010-12-31": -17.064, "2010-09-30": -146.395, "2010-06-30": "-275.31000", "2010-03-31": 8.662, "2009-12-31": -120.281, "2009-09-30": 96.83, "2009-06-30": "-321.94300", "2009-03-31": 62.502, "2008-12-31": 359.586, "2008-09-30": -48.929, "2008-06-30": "-98.61900", "2008-03-31": 541.147, "2007-12-31": 47.222, "2007-09-30": -249.783, "2007-06-30": "-146.56700", "2007-03-31": 18.435, "2006-12-31": -392.124, "2006-09-30": 79.043, "2006-06-30": "10.87500", "2006-03-31": 183.557, "2005-12-31": 2.215, "2005-09-30": 86.277, "2005-06-30": "-29.66900", "2005-03-31": -45.095}, "Net Long-Term Debt": {"2020-12-31": 0, "2020-09-30": 0.004, "2020-06-30": "744.42300", "2020-03-31": 0, "2019-12-31": 0, "2019-09-30": 0, "2019-06-30": "", "2019-03-31": -500, "2018-12-31": 0, "2018-09-30": -0.214, "2018-06-30": "0.21400", "2018-03-31": 0, "2017-12-31": 0, "2017-09-30": -0.696, "2017-06-30": "287.95300", "2017-03-31": -142.082, "2016-12-31": 0, "2016-09-30": 0, "2016-06-30": "", "2016-03-31": 0, "2015-12-31": -14.823, "2015-09-30": 14.823, "2015-06-30": "", "2015-03-31": 0, "2014-12-31": 0, "2014-09-30": 0, "2014-06-30": "", "2014-03-31": -243.9371, "2013-12-31": 0, "2013-09-30": 0, "2013-06-30": "", "2013-03-31": 0, "2012-12-31": 0, "2012-09-30": 0, "2012-06-30": "", "2012-03-31": 0, "2011-12-31": 0, "2011-09-30": 0, "2011-06-30": "", "2011-03-31": 0, "2010-12-31": 0, "2010-09-30": -0.356, "2010-06-30": "588.00000", "2010-03-31": 0, "2009-12-31": 0, "2009-09-30": 0, "2009-06-30": "", "2009-03-31": -46.858, "2008-12-31": -146.324, "2008-09-30": 0, "2008-06-30": "", "2008-03-31": 0, "2007-12-31": 0, "2007-09-30": 0, "2007-06-30": "", "2007-03-31": 980, "2006-12-31": 0, "2006-09-30": 0, "2006-06-30": "", "2006-03-31": 0, "2005-12-31": 0, "2005-09-30": 0, "2005-06-30": "", "2005-03-31": 0}, "Net Current Debt": {"2020-12-31": 0, "2020-09-30": 0, "2020-06-30": "", "2020-03-31": 0, "2019-12-31": 0, "2019-09-30": 0, "2019-06-30": "", "2019-03-31": 0, "2018-12-31": 0, "2018-09-30": 0, "2018-06-30": "", "2018-03-31": 0, "2017-12-31": 0, "2017-09-30": 0, "2017-06-30": "", "2017-03-31": 0, "2016-12-31": 0, "2016-09-30": 0, "2016-06-30": "", "2016-03-31": 0, "2015-12-31": 0, "2015-09-30": 0, "2015-06-30": "", "2015-03-31": 0, "2014-12-31": 0, "2014-09-30": 0, "2014-06-30": "", "2014-03-31": 0, "2013-12-31": 0, "2013-09-30": 0, "2013-06-30": "", "2013-03-31": 0, "2012-12-31": 0, "2012-09-30": 0, "2012-06-30": "", "2012-03-31": 0, "2011-12-31": 0, "2011-09-30": 0, "2011-06-30": "", "2011-03-31": 0, "2010-12-31": 0, "2010-09-30": 0, "2010-06-30": "", "2010-03-31": 0, "2009-12-31": 0, "2009-09-30": 0, "2009-06-30": "", "2009-03-31": 0, "2008-12-31": 0, "2008-09-30": 0, "2008-06-30": "", "2008-03-31": 0, "2007-12-31": 0, "2007-09-30": 0, "2007-06-30": "", "2007-03-31": 0, "2006-12-31": 0, "2006-09-30": 0, "2006-06-30": "", "2006-03-31": 0, "2005-12-31": 0, "2005-09-30": 0, "2005-06-30": "", "2005-03-31": 0}, "Debt Issuance/Retirement Net - Total": {"2020-12-31": 0, "2020-09-30": 0.004, "2020-06-30": "744.42300", "2020-03-31": 0, "2019-12-31": 0, "2019-09-30": 0, "2019-06-30": "", "2019-03-31": -500, "2018-12-31": 0, "2018-09-30": -0.214, "2018-06-30": "0.21400", "2018-03-31": 0, "2017-12-31": 0, "2017-09-30": -0.696, "2017-06-30": "287.95300", "2017-03-31": -142.082, "2016-12-31": 0, "2016-09-30": 0, "2016-06-30": "", "2016-03-31": 0, "2015-12-31": -14.823, "2015-09-30": 14.823, "2015-06-30": "", "2015-03-31": 0, "2014-12-31": 0, "2014-09-30": 0, "2014-06-30": "", "2014-03-31": -243.9371, "2013-12-31": 0, "2013-09-30": 0, "2013-06-30": "", "2013-03-31": 0, "2012-12-31": 0, "2012-09-30": 0, "2012-06-30": "", "2012-03-31": 0, "2011-12-31": 0, "2011-09-30": 0, "2011-06-30": "", "2011-03-31": 0, "2010-12-31": 0, "2010-09-30": -0.356, "2010-06-30": "588.00000", "2010-03-31": 0, "2009-12-31": 0, "2009-09-30": 0, "2009-06-30": "", "2009-03-31": -46.858, "2008-12-31": -146.324, "2008-09-30": 0, "2008-06-30": "", "2008-03-31": 0, "2007-12-31": 0, "2007-09-30": 0, "2007-06-30": "", "2007-03-31": 980, "2006-12-31": 0, "2006-09-30": 0, "2006-06-30": "", "2006-03-31": 0, "2005-12-31": 0, "2005-09-30": 0, "2005-06-30": "", "2005-03-31": 0}, "Net Common Equity Issued/Repurchased": {"2020-12-31": 0.002, "2020-09-30": 20.113, "2020-06-30": "-53.68100", "2020-03-31": -437.332, "2019-12-31": -260.865, "2019-09-30": -12.451, "2019-06-30": "-444.99200", "2019-03-31": 30.233, "2018-12-31": -0.995, "2018-09-30": -4.82, "2018-06-30": "-137.30000", "2018-03-31": -135.596, "2017-12-31": -73.046, "2017-09-30": -153.099, "2017-06-30": "-65.05900", "2017-03-31": -80.46, "2016-12-31": -211.127, "2016-09-30": -74.043, "2016-06-30": "-88.23100", "2016-03-31": -79.138, "2015-12-31": -78.28, "2015-09-30": -118.442, "2015-06-30": "-81.55600", "2015-03-31": -103.373, "2014-12-31": -161.191, "2014-09-30": -208.662, "2014-06-30": "-86.82100", "2014-03-31": 26.84, "2013-12-31": -85.745, "2013-09-30": 24.051, "2013-06-30": "31.93600", "2013-03-31": 55.827, "2012-12-31": -0.54, "2012-09-30": -62.774, "2012-06-30": "-82.48600", "2012-03-31": 45.4, "2011-12-31": -31.075, "2011-09-30": -85.067, "2011-06-30": "-40.23300", "2011-03-31": 100.406, "2010-12-31": 21.759, "2010-09-30": 7.782, "2010-06-30": "-493.94800", "2010-03-31": -89.161, "2009-12-31": -11.883, "2009-09-30": 15.482, "2009-06-30": "0.43600", "2009-03-31": 20.239, "2008-12-31": 2.792, "2008-09-30": -76.839, "2008-06-30": "-121.33300", "2008-03-31": -152.726, "2007-12-31": -190.225, "2007-09-30": -121.64, "2007-06-30": "40.20300", "2007-03-31": -986.981, "2006-12-31": -120.525, "2006-09-30": -98.037, "2006-06-30": "-96.32100", "2006-03-31": -83.767, "2005-12-31": -111.513, "2005-09-30": -53.818, "2005-06-30": "-51.53700", "2005-03-31": -48.691}, "Net Total Equity Issued/Repurchased": {"2020-12-31": 0.002, "2020-09-30": 20.113, "2020-06-30": "-53.68100", "2020-03-31": -437.332, "2019-12-31": -260.865, "2019-09-30": -12.451, "2019-06-30": "-444.99200", "2019-03-31": 30.233, "2018-12-31": -0.995, "2018-09-30": -4.82, "2018-06-30": "-137.30000", "2018-03-31": -135.596, "2017-12-31": -73.046, "2017-09-30": -153.099, "2017-06-30": "-65.05900", "2017-03-31": -80.46, "2016-12-31": -211.127, "2016-09-30": -74.043, "2016-06-30": "-88.23100", "2016-03-31": -79.138, "2015-12-31": -78.28, "2015-09-30": -118.442, "2015-06-30": "-81.55600", "2015-03-31": -103.373, "2014-12-31": -161.191, "2014-09-30": -208.662, "2014-06-30": "-86.82100", "2014-03-31": 26.84, "2013-12-31": -85.745, "2013-09-30": 24.051, "2013-06-30": "31.93600", "2013-03-31": 55.827, "2012-12-31": -0.54, "2012-09-30": -62.774, "2012-06-30": "-82.48600", "2012-03-31": 45.4, "2011-12-31": -31.075, "2011-09-30": -85.067, "2011-06-30": "-40.23300", "2011-03-31": 100.406, "2010-12-31": 21.759, "2010-09-30": 7.782, "2010-06-30": "-493.94800", "2010-03-31": -89.161, "2009-12-31": -11.883, "2009-09-30": 15.482, "2009-06-30": "0.43600", "2009-03-31": 20.239, "2008-12-31": 2.792, "2008-09-30": -76.839, "2008-06-30": "-121.33300", "2008-03-31": -152.726, "2007-12-31": -190.225, "2007-09-30": -121.64, "2007-06-30": "40.20300", "2007-03-31": -986.981, "2006-12-31": -120.525, "2006-09-30": -98.037, "2006-06-30": "-96.32100", "2006-03-31": -83.767, "2005-12-31": -111.513, "2005-09-30": -53.818, "2005-06-30": "-51.53700", "2005-03-31": -48.691}, "Total Common And Preferred Stock Dividends Paid": {"2020-12-31": -93.155, "2020-09-30": -93.105, "2020-06-30": "-92.41400", "2020-03-31": -91.417, "2019-12-31": -92.931, "2019-09-30": -93.484, "2019-06-30": "-93.96100", "2019-03-31": -91.384, "2018-12-31": -91.108, "2018-09-30": -91.077, "2018-06-30": "-90.67500", "2018-03-31": -89.302, "2017-12-31": -89.491, "2017-09-30": -86.957, "2017-06-30": "-87.30300", "2017-03-31": -81.809, "2016-12-31": -83.256, "2016-09-30": -83.878, "2016-06-30": "-83.59900", "2016-03-31": -78.877, "2015-12-31": -79.709, "2015-09-30": -80.196, "2015-06-30": "-80.20600", "2015-03-31": -75.608, "2014-12-31": -76.172, "2014-09-30": -76.957, "2014-06-30": "-77.42100", "2014-03-31": -67.042, "2013-12-31": -67.096, "2013-09-30": -67.198, "2013-06-30": "-66.00700", "2013-03-31": -57.822, "2012-12-31": -57.326, "2012-09-30": -57.255, "2012-06-30": "-58.06600", "2012-03-31": -49.991, "2011-12-31": -49.566, "2011-09-30": -50.348, "2011-06-30": "-50.45600", "2011-03-31": -42.121, "2010-12-31": -41.489, "2010-09-30": -41.645, "2010-06-30": "-43.81700", "2010-03-31": -44.031, "2009-12-31": -44.299, "2009-09-30": -38.744, "2009-06-30": "-38.57400", "2009-03-31": -38.552, "2008-12-31": -38.357, "2008-09-30": -38.697, "2008-06-30": "-38.92800", "2008-03-31": -34.093, "2007-12-31": -34.48, "2007-09-30": -35.683, "2007-06-30": "-35.71800", "2007-03-31": -29.613, "2006-12-31": -30.059, "2006-09-30": -30.331, "2006-06-30": "-30.83000", "2006-03-31": -24.114, "2005-12-31": -23.982, "2005-09-30": -24.539, "2005-06-30": "-24.55500", "2005-03-31": -69.655}, "Financial Activities - Other": {"2020-12-31": -22.232, "2020-09-30": -57.46, "2020-06-30": "-13.24200", "2020-03-31": -12.498, "2019-12-31": -16.334, "2019-09-30": -72.559, "2019-06-30": "-9.00300", "2019-03-31": -12.867, "2018-12-31": -3.698, "2018-09-30": -35.661, "2018-06-30": "-6.15800", "2018-03-31": -16.625, "2017-12-31": -3.038, "2017-09-30": -41.782, "2017-06-30": "-1.59600", "2017-03-31": -6.18, "2016-12-31": -2.185, "2016-09-30": -27.726, "2016-06-30": "-0.62600", "2016-03-31": -34.671, "2015-12-31": 0, "2015-09-30": 0, "2015-06-30": "", "2015-03-31": -54.967, "2014-12-31": 2.894, "2014-09-30": 11.115, "2014-06-30": "2.66000", "2014-03-31": 10.506, "2013-12-31": 1.334, "2013-09-30": 16.893, "2013-06-30": "2.02100", "2013-03-31": 3.844, "2012-12-31": 1.546, "2012-09-30": 3.96, "2012-06-30": "0.80600", "2012-03-31": 3.384, "2011-12-31": 0.645, "2011-09-30": 1.899, "2011-06-30": "6.02900", "2011-03-31": 4.729, "2010-12-31": 30.812, "2010-09-30": 1.058, "2010-06-30": "1.02100", "2010-03-31": 14.553, "2009-12-31": 0.429, "2009-09-30": 0.195, "2009-06-30": "-16.49200", "2009-03-31": 0.02, "2008-12-31": 0.2, "2008-09-30": 1.695, "2008-06-30": "2.86400", "2008-03-31": 10.403, "2007-12-31": 1.835, "2007-09-30": 2.378, "2007-06-30": "7.84300", "2007-03-31": 8.357, "2006-12-31": 5.999, "2006-09-30": 4.174, "2006-06-30": "8.88300", "2006-03-31": 0, "2005-12-31": 0, "2005-09-30": 0, "2005-06-30": "", "2005-03-31": 0}, "Cash Flow From Financial Activities": {"2020-12-31": -115.385, "2020-09-30": -130.448, "2020-06-30": "585.08600", "2020-03-31": -541.247, "2019-12-31": -370.13, "2019-09-30": -178.494, "2019-06-30": "-547.95600", "2019-03-31": -574.018, "2018-12-31": -95.801, "2018-09-30": -131.772, "2018-06-30": "-233.91900", "2018-03-31": -241.523, "2017-12-31": -165.575, "2017-09-30": -282.534, "2017-06-30": "133.99500", "2017-03-31": -310.531, "2016-12-31": -296.568, "2016-09-30": -185.647, "2016-06-30": "-172.45600", "2016-03-31": -192.686, "2015-12-31": -172.812, "2015-09-30": -183.815, "2015-06-30": "-161.76200", "2015-03-31": -233.948, "2014-12-31": -234.469, "2014-09-30": -274.504, "2014-06-30": "-161.58200", "2014-03-31": -273.633, "2013-12-31": -151.507, "2013-09-30": -26.254, "2013-06-30": "-32.05000", "2013-03-31": 1.849, "2012-12-31": -56.32, "2012-09-30": -116.069, "2012-06-30": "-139.74600", "2012-03-31": -1.207, "2011-12-31": -79.996, "2011-09-30": -133.516, "2011-06-30": "-84.66000", "2011-03-31": 63.014, "2010-12-31": 11.082, "2010-09-30": -33.161, "2010-06-30": "51.25600", "2010-03-31": -118.639, "2009-12-31": -55.753, "2009-09-30": -23.067, "2009-06-30": "-54.63000", "2009-03-31": -65.151, "2008-12-31": -181.689, "2008-09-30": -113.841, "2008-06-30": "-157.39700", "2008-03-31": -176.416, "2007-12-31": -222.87, "2007-09-30": -154.945, "2007-06-30": "12.32800", "2007-03-31": -28.237, "2006-12-31": -144.585, "2006-09-30": -124.194, "2006-06-30": "-118.26800", "2006-03-31": -107.881, "2005-12-31": -135.495, "2005-09-30": -78.357, "2005-06-30": "-76.09200", "2005-03-31": -118.346}, "Net Cash Flow": {"2020-12-31": -45.21, "2020-09-30": -56.6, "2020-06-30": "-550.32700", "2020-03-31": 485.615, "2019-12-31": -311.725, "2019-09-30": 13.787, "2019-06-30": "45.53600", "2019-03-31": -385.031, "2018-12-31": -45.117, "2018-09-30": 297.249, "2018-06-30": "-501.93900", "2018-03-31": 1267.867, "2017-12-31": -158.732, "2017-09-30": 10.838, "2017-06-30": "92.66000", "2017-03-31": 127.149, "2016-12-31": 149.056, "2016-09-30": 108.128, "2016-06-30": "78.54600", "2016-03-31": -394.448, "2015-12-31": 137.653, "2015-09-30": 94.273, "2015-06-30": "-226.23400", "2015-03-31": -538.451, "2014-12-31": 716.324, "2014-09-30": 89.667, "2014-06-30": "-348.64500", "2014-03-31": 341.798, "2013-12-31": 61.385, "2013-09-30": 61.08, "2013-06-30": "-114.14400", "2013-03-31": 0.421, "2012-12-31": 28.018, "2012-09-30": 68.93, "2012-06-30": "-262.63300", "2012-03-31": 127.497, "2011-12-31": 58.373, "2011-09-30": -358.285, "2011-06-30": "-261.12200", "2011-03-31": 121.309, "2010-12-31": 326.545, "2010-09-30": -137.94, "2010-06-30": "-119.01200", "2010-03-31": -6.107, "2009-12-31": 9.444, "2009-09-30": 191.739, "2009-06-30": "-229.60600", "2009-03-31": 58.205, "2008-12-31": 306.376, "2008-09-30": -68.07, "2008-06-30": "-97.51900", "2008-03-31": 466.597, "2007-12-31": 32.096, "2007-09-30": -259.662, "2007-06-30": "-7.91500", "2007-03-31": 95.831, "2006-12-31": -363.536, "2006-09-30": 74.346, "2006-06-30": "45.87200", "2006-03-31": 159.459, "2005-12-31": 56.881, "2005-09-30": 69.879, "2005-06-30": "47.75900", "2005-03-31": 112.045}, "Stock-Based Compensation": {"2020-12-31": 66.331, "2020-09-30": 58.439, "2020-06-30": "50.38300", "2020-03-31": 43.991, "2019-12-31": 50.157, "2019-09-30": 49.822, "2019-06-30": "42.75300", "2019-03-31": 38.748, "2018-12-31": 38.641, "2018-09-30": 34.945, "2018-06-30": "35.60800", "2018-03-31": 48.606, "2017-12-31": 36.801, "2017-09-30": 36.372, "2017-06-30": "32.03600", "2017-03-31": 32.785, "2016-12-31": 30.867, "2016-09-30": 29.802, "2016-06-30": "29.40400", "2016-03-31": 27.52, "2015-12-31": 31.463, "2015-09-30": 26.681, "2015-06-30": "26.32000", "2015-03-31": 19.959, "2014-12-31": 29.054, "2014-09-30": 28.74, "2014-06-30": "22.10600", "2014-03-31": 25.961, "2013-12-31": 24.339, "2013-09-30": 23.06, "2013-06-30": "20.95400", "2013-03-31": 21.246, "2012-12-31": 19.762, "2012-09-30": 19.246, "2012-06-30": "17.60800", "2012-03-31": 18.909, "2011-12-31": 17.843, "2011-09-30": 16.899, "2011-06-30": "13.76700", "2011-03-31": 14.963, "2010-12-31": 14.754, "2010-09-30": 15.421, "2010-06-30": "15.12000", "2010-03-31": 15.471, "2009-12-31": 15.519, "2009-09-30": 11.762, "2009-06-30": "13.72900", "2009-03-31": 13.321, "2008-12-31": 13.041, "2008-09-30": 13.724, "2008-06-30": "14.42300", "2008-03-31": 17.697, "2007-12-31": 16.456, "2007-09-30": 15.753, "2007-06-30": "16.52100", "2007-03-31": 20.135, "2006-12-31": 21.443, "2006-09-30": 21.906, "2006-06-30": "29.01700", "2006-03-31": 0, "2005-12-31": 0.735, "2005-09-30": 0, "2005-06-30": "", "2005-03-31": 0.504}, "Common Stock Dividends Paid": {"2020-12-31": -93.155, "2020-09-30": -93.105, "2020-06-30": "-92.41400", "2020-03-31": -91.417, "2019-12-31": -92.931, "2019-09-30": -93.484, "2019-06-30": "-93.96100", "2019-03-31": -91.384, "2018-12-31": -91.108, "2018-09-30": -91.077, "2018-06-30": "-90.67500", "2018-03-31": -89.302, "2017-12-31": -89.491, "2017-09-30": -86.957, "2017-06-30": "-87.30300", "2017-03-31": -81.809, "2016-12-31": -83.256, "2016-09-30": -83.878, "2016-06-30": "-83.59900", "2016-03-31": -78.877, "2015-12-31": -79.709, "2015-09-30": -80.196, "2015-06-30": "-80.20600", "2015-03-31": -75.608, "2014-12-31": -76.172, "2014-09-30": -76.957, "2014-06-30": "-77.42100", "2014-03-31": -67.042, "2013-12-31": -67.096, "2013-09-30": -67.198, "2013-06-30": "-66.00700", "2013-03-31": -57.822, "2012-12-31": -57.326, "2012-09-30": -57.255, "2012-06-30": "-58.06600", "2012-03-31": -49.991, "2011-12-31": -49.566, "2011-09-30": -50.348, "2011-06-30": "-50.45600", "2011-03-31": -42.121, "2010-12-31": -41.489, "2010-09-30": -41.645, "2010-06-30": "-43.81700", "2010-03-31": -44.031, "2009-12-31": -44.299, "2009-09-30": -38.744, "2009-06-30": "-38.57400", "2009-03-31": -38.552, "2008-12-31": -38.357, "2008-09-30": -38.697, "2008-06-30": "-38.92800", "2008-03-31": -34.093, "2007-12-31": -34.48, "2007-09-30": -35.683, "2007-06-30": "-35.71800", "2007-03-31": -29.613, "2006-12-31": -30.059, "2006-09-30": -30.331, "2006-06-30": "-30.83000", "2006-03-31": -24.114, "2005-12-31": -23.982, "2005-09-30": -24.539, "2005-06-30": "-24.55500", "2005-03-31": -69.655}}, "financial ratios": {"Current Ratio": {"2020-03-31": "2.67960", "2019-03-31": "8.19300", "2018-03-31": "4.55570", "2017-03-31": "4.32470", "2016-03-31": "4.14730", "2015-03-31": "4.08540", "2014-03-31": "3.10010", "2013-03-31": "5.94030", "2012-03-31": "7.14840", "2011-03-31": "7.12440", "2010-03-31": "5.33950", "2009-03-31": "7.51920", "2008-03-31": "5.34310", "2007-03-31": "5.60410", "2006-03-31": "4.77720", "2005-03-31": "4.86790"}, "Long-term Debt / Capital": {"2020-03-31": "0.24400", "2019-03-31": "0.30140", "2018-03-31": "0.33970", "2017-03-31": "0.28410", "2016-03-31": "0.27730", "2015-03-31": "0.27590", "2014-03-31": "0.26530", "2013-03-31": "0.23740", "2012-03-31": "0.25080", "2011-03-31": "0.26950", "2010-03-31": "0.14330", "2009-03-31": "0.15300", "2008-03-31": "0.37420", "2007-03-31": "0.36060", "2006-03-31": "", "2005-03-31": ""}, "Debt/Equity Ratio": {"2020-03-31": "0.53840", "2019-03-31": "0.43150", "2018-03-31": "0.72600", "2017-03-31": "0.57890", "2016-03-31": "0.60970", "2015-03-31": "0.60150", "2014-03-31": "0.56630", "2013-03-31": "0.31140", "2012-03-31": "0.33480", "2011-03-31": "0.36900", "2010-03-31": "0.16730", "2009-03-31": "0.18070", "2008-03-31": "0.59810", "2007-03-31": "0.56390", "2006-03-31": "", "2005-03-31": ""}, "Gross Margin": {"2020-03-31": "66.87510", "2019-03-31": "68.75270", "2018-03-31": "69.86580", "2017-03-31": "69.93170", "2016-03-31": "69.65030", "2015-03-31": "70.18430", "2014-03-31": "68.80410", "2013-03-31": "66.00630", "2012-03-31": "64.91880", "2011-03-31": "65.41140", "2010-03-31": "63.36060", "2009-03-31": "63.33790", "2008-03-31": "62.69150", "2007-03-31": "61.00140", "2006-03-31": "61.93370", "2005-03-31": "63.36950"}, "Operating Margin": {"2020-03-31": "25.03860", "2019-03-31": "31.27780", "2018-03-31": "27.80770", "2017-03-31": "29.97320", "2016-03-31": "30.25820", "2015-03-31": "31.76140", "2014-03-31": "31.43410", "2013-03-31": "26.77850", "2012-03-31": "28.01640", "2011-03-31": "33.56900", "2010-03-31": "23.56890", "2009-03-31": "23.53290", "2008-03-31": "23.03680", "2007-03-31": "18.87230", "2006-03-31": "23.87040", "2005-03-31": "23.64810"}, "EBIT Margin": {"2020-03-31": "25.03860", "2019-03-31": "31.27780", "2018-03-31": "27.80770", "2017-03-31": "29.97320", "2016-03-31": "30.25820", "2015-03-31": "31.76140", "2014-03-31": "31.43410", "2013-03-31": "26.77850", "2012-03-31": "28.01640", "2011-03-31": "33.56900", "2010-03-31": "23.56890", "2009-03-31": "23.53290", "2008-03-31": "23.03680", "2007-03-31": "18.87230", "2006-03-31": "23.87040", "2005-03-31": "23.64810"}, "EBITDA Margin": {"2020-03-31": "30.04060", "2019-03-31": "34.72670", "2018-03-31": "31.83290", "2017-03-31": "33.12660", "2016-03-31": "33.89390", "2015-03-31": "35.41830", "2014-03-31": "35.27840", "2013-03-31": "30.90270", "2012-03-31": "31.93890", "2011-03-31": "36.64200", "2010-03-31": "27.33510", "2009-03-31": "27.70250", "2008-03-31": "27.19460", "2007-03-31": "22.88390", "2006-03-31": "27.89930", "2005-03-31": "27.65660"}, "Pre-Tax Profit Margin": {"2020-03-31": "26.36970", "2019-03-31": "31.65480", "2018-03-31": "28.02480", "2017-03-31": "29.62040", "2016-03-31": "28.76510", "2015-03-31": "31.13040", "2014-03-31": "29.78040", "2013-03-31": "25.22330", "2012-03-31": "26.64530", "2011-03-31": "32.54260", "2010-03-31": "23.00260", "2009-03-31": "25.09480", "2008-03-31": "25.49670", "2007-03-31": "23.39700", "2006-03-31": "26.45050", "2005-03-31": "25.45990"}, "Net Profit Margin": {"2020-03-31": "25.06500", "2019-03-31": "29.08590", "2018-03-31": "18.80730", "2017-03-31": "26.65260", "2016-03-31": "24.88240", "2015-03-31": "27.26640", "2014-03-31": "26.45880", "2013-03-31": "22.48110", "2012-03-31": "23.65650", "2011-03-31": "27.08970", "2010-03-31": "19.49680", "2009-03-31": "19.81820", "2008-03-31": "20.05650", "2007-03-31": "19.02990", "2006-03-31": "20.51550", "2005-03-31": "19.87770"}, "Asset Turnover": {"2020-03-31": "0.67390", "2019-03-31": "0.59380", "2018-03-31": "0.48750", "2017-03-31": "0.49710", "2016-03-31": "0.45940", "2015-03-31": "0.48540", "2014-03-31": "0.47300", "2013-03-31": "0.45850", "2012-03-31": "0.50190", "2011-03-31": "0.57220", "2010-03-31": "0.57580", "2009-03-31": "0.64910", "2008-03-31": "0.58700", "2007-03-31": "0.57960", "2006-03-31": "0.54390", "2005-03-31": "0.51760"}, "Inventory Turnover Ratio": {"2020-03-31": "3.44230", "2019-03-31": "3.03110", "2018-03-31": "3.14910", "2017-03-31": "3.12130", "2016-03-31": "3.76310", "2015-03-31": "3.06410", "2014-03-31": "3.17630", "2013-03-31": "3.66310", "2012-03-31": "3.83700", "2011-03-31": "3.09570", "2010-03-31": "5.14290", "2009-03-31": "5.58410", "2008-03-31": "5.27440", "2007-03-31": "4.11660", "2006-03-31": "3.26880", "2005-03-31": "3.10290"}, "Receiveable Turnover": {"2020-03-31": "11.58370", "2019-03-31": "9.12700", "2018-03-31": "6.45400", "2017-03-31": "9.66210", "2016-03-31": "7.20060", "2015-03-31": "9.63990", "2014-03-31": "8.89560", "2013-03-31": "9.46290", "2012-03-31": "10.42370", "2011-03-31": "8.27140", "2010-03-31": "6.97870", "2009-03-31": "8.43470", "2008-03-31": "7.39070", "2007-03-31": "10.10860", "2006-03-31": "8.88880", "2005-03-31": "7.37020"}, "Days Sales In Receivables": {"2020-03-31": "31.50990", "2019-03-31": "39.99140", "2018-03-31": "56.55390", "2017-03-31": "37.77630", "2016-03-31": "50.69020", "2015-03-31": "37.86350", "2014-03-31": "41.03160", "2013-03-31": "38.57180", "2012-03-31": "35.01630", "2011-03-31": "44.12820", "2010-03-31": "52.30190", "2009-03-31": "43.27360", "2008-03-31": "49.38640", "2007-03-31": "36.10800", "2006-03-31": "41.06290", "2005-03-31": "49.52380"}, "ROE - Return On Equity": {"2020-03-31": "34.24210", "2019-03-31": "31.09370", "2018-03-31": "19.65730", "2017-03-31": "25.04880", "2016-03-31": "21.26990", "2015-03-31": "24.82070", "2014-03-31": "22.90090", "2013-03-31": "16.45250", "2012-03-31": "19.57680", "2011-03-31": "26.58290", "2010-03-31": "16.85870", "2009-03-31": "18.56150", "2008-03-31": "22.09060", "2007-03-31": "19.78140", "2006-03-31": "12.97780", "2005-03-31": "11.69710"}, "Return On Tangible Equity": {"2020-03-31": "53.00680", "2019-03-31": "36.46420", "2018-03-31": "21.14960", "2017-03-31": "26.81160", "2016-03-31": "22.72180", "2015-03-31": "26.57120", "2014-03-31": "24.58110", "2013-03-31": "17.61170", "2012-03-31": "21.01970", "2011-03-31": "28.47540", "2010-03-31": "17.85180", "2009-03-31": "19.78430", "2008-03-31": "23.88780", "2007-03-31": "21.38040", "2006-03-31": "13.72060", "2005-03-31": "12.34070"}, "ROA - Return On Assets": {"2020-03-31": "16.89040", "2019-03-31": "17.27220", "2018-03-31": "9.16860", "2017-03-31": "13.25030", "2016-03-31": "11.43050", "2015-03-31": "13.23410", "2014-03-31": "12.51430", "2013-03-31": "10.30850", "2012-03-31": "11.87420", "2011-03-31": "15.50100", "2010-03-31": "11.22640", "2009-03-31": "12.86390", "2008-03-31": "11.77250", "2007-03-31": "11.02970", "2006-03-31": "11.15940", "2005-03-31": "10.28970"}, "ROI - Return On Investment": {"2020-03-31": "25.88770", "2019-03-31": "21.72070", "2018-03-31": "12.97920", "2017-03-31": "17.93190", "2016-03-31": "15.37220", "2015-03-31": "17.97390", "2014-03-31": "16.82580", "2013-03-31": "12.54610", "2012-03-31": "14.66640", "2011-03-31": "19.41780", "2010-03-31": "14.44220", "2009-03-31": "15.72100", "2008-03-31": "13.82340", "2007-03-31": "12.64900", "2006-03-31": "12.97780", "2005-03-31": "11.69710"}, "Book Value Per Share": {"2020-03-31": "9.49530", "2019-03-31": "11.27060", "2018-03-31": "9.31560", "2017-03-31": "10.11030", "2016-03-31": "10.20900", "2015-03-31": "10.10910", "2014-03-31": "10.24690", "2013-03-31": "11.23960", "2012-03-31": "10.27150", "2011-03-31": "9.12550", "2010-03-31": "7.75350", "2009-03-31": "7.07340", "2008-03-31": "5.95970", "2007-03-31": "5.99100", "2006-03-31": "7.96480", "2005-03-31": "7.63510"}, "Operating Cash Flow Per Share": {"2020-03-31": 0.4157, "2019-03-31": 1.0764, "2018-03-31": -0.2961, "2017-03-31": 0.6974, "2016-03-31": -0.1575, "2015-03-31": 0.1344, "2014-03-31": 0.392, "2013-03-31": -0.629, "2012-03-31": 0.3363, "2011-03-31": 0.7, "2010-03-31": 0.403, "2009-03-31": -0.3471, "2008-03-31": 0.3404, "2007-03-31": 0.2267, "2006-03-31": 0.6094, "2005-03-31": 0.769}, "Free Cash Flow Per Share": {"2020-03-31": 0.2558, "2019-03-31": 0.9227, "2018-03-31": -0.2216, "2017-03-31": 0.5559, "2016-03-31": -0.1767, "2015-03-31": 0.1832, "2014-03-31": 0.347, "2013-03-31": -0.4827, "2012-03-31": 0.3213, "2011-03-31": 0.5593, "2010-03-31": 0.4425, "2009-03-31": -0.3356, "2008-03-31": 0.5101, "2007-03-31": 0.0931, "2006-03-31": 0.5919, "2005-03-31": 0.5977}}, "financial ratios, quarterly": {"Current Ratio": {"2020-12-31": "3.56100", "2020-09-30": "3.49680", "2020-06-30": "3.49940", "2020-03-31": "2.67960", "2019-12-31": "6.06350", "2019-09-30": "6.44090", "2019-06-30": "7.22090", "2019-03-31": "8.19300", "2018-12-31": "4.37870", "2018-09-30": "4.25670", "2018-06-30": "4.37680", "2018-03-31": "4.55570", "2017-12-31": "9.07860", "2017-09-30": "9.85830", "2017-06-30": "9.61250", "2017-03-31": "4.32470", "2016-12-31": "3.87710", "2016-09-30": "4.02800", "2016-06-30": "3.82520", "2016-03-31": "4.14730", "2015-12-31": "4.29660", "2015-09-30": "4.18920", "2015-06-30": "4.15780", "2015-03-31": "4.08540", "2014-12-31": "3.85000", "2014-09-30": "3.40390", "2014-06-30": "3.39320", "2014-03-31": "3.10010", "2013-12-31": "2.05840", "2013-09-30": "1.88990", "2013-06-30": "1.67890", "2013-03-31": "5.94030", "2012-12-31": "6.74600", "2012-09-30": "6.56650", "2012-06-30": "6.39210", "2012-03-31": "7.14840", "2011-12-31": "6.15150", "2011-09-30": "6.57030", "2011-06-30": "6.03750", "2011-03-31": "7.12440", "2010-12-31": "6.74810", "2010-09-30": "5.99720", "2010-06-30": "5.95610", "2010-03-31": "5.33950", "2009-12-31": "5.41130", "2009-09-30": "6.64860", "2009-06-30": "7.47280", "2009-03-31": "7.51920", "2008-12-31": "6.28100", "2008-09-30": "5.71440", "2008-06-30": "5.13380", "2008-03-31": "5.34310", "2007-12-31": "5.59980", "2007-09-30": "5.99500", "2007-06-30": "6.08910", "2007-03-31": "5.60410", "2006-12-31": "5.31490", "2006-09-30": "5.37160", "2006-06-30": "5.41580", "2006-03-31": "4.77720", "2005-12-31": "3.92230", "2005-09-30": "4.45360", "2005-06-30": "4.73930", "2005-03-31": "4.86790"}, "Long-term Debt / Capital": {"2020-12-31": "0.36480", "2020-09-30": "0.37820", "2020-06-30": "0.39140", "2020-03-31": "0.24400", "2019-12-31": "0.32050", "2019-09-30": "0.31600", "2019-06-30": "0.32280", "2019-03-31": "0.30140", "2018-12-31": "0.31650", "2018-09-30": "0.32960", "2018-06-30": "0.34240", "2018-03-31": "0.33970", "2017-12-31": "0.42250", "2017-09-30": "0.41150", "2017-06-30": "0.40630", "2017-03-31": "0.28410", "2016-12-31": "0.28630", "2016-09-30": "0.27470", "2016-06-30": "0.27740", "2016-03-31": "0.27730", "2015-12-31": "0.27770", "2015-09-30": "0.27660", "2015-06-30": "0.27480", "2015-03-31": "0.27590", "2014-12-31": "0.27110", "2014-09-30": "0.26810", "2014-06-30": "0.26220", "2014-03-31": "0.26530", "2013-12-31": "", "2013-09-30": "", "2013-06-30": "", "2013-03-31": "0.23740", "2012-12-31": "0.24600", "2012-09-30": "0.24960", "2012-06-30": "0.25200", "2012-03-31": "0.25080", "2011-12-31": "0.26070", "2011-09-30": "0.26530", "2011-06-30": "0.26350", "2011-03-31": "0.26950", "2010-12-31": "0.28990", "2010-09-30": "0.30370", "2010-06-30": "0.31270", "2010-03-31": "0.14330", "2009-12-31": "0.14840", "2009-09-30": "0.15240", "2009-06-30": "0.15560", "2009-03-31": "0.15300", "2008-12-31": "0.31300", "2008-09-30": "0.39050", "2008-06-30": "0.38310", "2008-03-31": "0.37420", "2007-12-31": "0.36560", "2007-09-30": "0.35170", "2007-06-30": "0.34500", "2007-03-31": "0.36060", "2006-12-31": "", "2006-09-30": "", "2006-06-30": "", "2006-03-31": "", "2005-12-31": "", "2005-09-30": "", "2005-06-30": "", "2005-03-31": ""}, "Debt/Equity Ratio": {"2020-12-31": "0.76660", "2020-09-30": "0.81200", "2020-06-30": "0.85840", "2020-03-31": "0.53840", "2019-12-31": "0.47180", "2019-09-30": "0.46200", "2019-06-30": "0.47660", "2019-03-31": "0.43150", "2018-12-31": "0.65270", "2018-09-30": "0.69590", "2018-06-30": "0.73610", "2018-03-31": "0.72600", "2017-12-31": "0.73170", "2017-09-30": "0.69940", "2017-06-30": "0.68450", "2017-03-31": "0.57890", "2016-12-31": "0.64110", "2016-09-30": "0.60420", "2016-06-30": "0.61110", "2016-03-31": "0.60970", "2015-12-31": "0.61010", "2015-09-30": "0.60570", "2015-06-30": "0.59920", "2015-03-31": "0.60150", "2014-12-31": "0.58650", "2014-09-30": "0.57660", "2014-06-30": "0.55830", "2014-03-31": "0.56630", "2013-12-31": "0.31980", "2013-09-30": "0.32380", "2013-06-30": "0.33990", "2013-03-31": "0.31140", "2012-12-31": "0.32630", "2012-09-30": "0.33260", "2012-06-30": "0.33690", "2012-03-31": "0.33480", "2011-12-31": "0.35260", "2011-09-30": "0.36100", "2011-06-30": "0.35780", "2011-03-31": "0.36900", "2010-12-31": "0.40820", "2010-09-30": "0.43630", "2010-06-30": "0.45500", "2010-03-31": "0.16730", "2009-12-31": "0.17430", "2009-09-30": "0.17980", "2009-06-30": "0.18430", "2009-03-31": "0.18070", "2008-12-31": "0.45560", "2008-09-30": "0.64080", "2008-06-30": "0.62100", "2008-03-31": "0.59810", "2007-12-31": "0.57640", "2007-09-30": "0.54240", "2007-06-30": "0.52680", "2007-03-31": "0.56390", "2006-12-31": "", "2006-09-30": "", "2006-06-30": "", "2006-03-31": "", "2005-12-31": "", "2005-09-30": "", "2005-06-30": "", "2005-03-31": ""}, "Gross Margin": {"2020-12-31": "68.08530", "2020-09-30": "70.67110", "2020-06-30": "67.96360", "2020-03-31": "69.88320", "2019-12-31": "66.82500", "2019-09-30": "64.82870", "2019-06-30": "66.24790", "2019-03-31": "67.47110", "2018-12-31": "69.01430", "2018-09-30": "68.96220", "2018-06-30": "69.76960", "2018-03-31": "70.39430", "2017-12-31": "70.26930", "2017-09-30": "70.40500", "2017-06-30": "68.34430", "2017-03-31": "69.81070", "2016-12-31": "69.56860", "2016-09-30": "69.63530", "2016-06-30": "70.73000", "2016-03-31": "69.21560", "2015-12-31": "68.47350", "2015-09-30": "70.11970", "2015-06-30": "70.86490", "2015-03-31": "69.94550", "2014-12-31": "69.73490", "2014-09-30": "71.92990", "2014-06-30": "69.11870", "2014-03-31": "67.63720", "2013-12-31": "69.19100", "2013-09-30": "69.47660", "2013-06-30": "68.96130", "2013-03-31": "66.06540", "2012-12-31": "66.55470", "2012-09-30": "65.48970", "2012-06-30": "65.95460", "2012-03-31": "66.44260", "2011-12-31": "65.79770", "2011-09-30": "63.87590", "2011-06-30": "63.74570", "2011-03-31": "65.34790", "2010-12-31": "65.72240", "2010-09-30": "65.58470", "2010-06-30": "64.99700", "2010-03-31": "64.93820", "2009-12-31": "64.09460", "2009-09-30": "61.88050", "2009-06-30": "61.77340", "2009-03-31": "62.05020", "2008-12-31": "63.93200", "2008-09-30": "63.31060", "2008-06-30": "63.84900", "2008-03-31": "63.43240", "2007-12-31": "63.26630", "2007-09-30": "61.76120", "2007-06-30": "62.21720", "2007-03-31": "62.10790", "2006-12-31": "60.51630", "2006-09-30": "61.34680", "2006-06-30": "60.10090", "2006-03-31": "62.27420", "2005-12-31": "62.97280", "2005-09-30": "61.40470", "2005-06-30": "60.90520", "2005-03-31": "61.12280"}, "Operating Margin": {"2020-12-31": "21.46180", "2020-09-30": "26.79810", "2020-06-30": "24.15320", "2020-03-31": "23.54340", "2019-12-31": "22.03270", "2019-09-30": "24.42100", "2019-06-30": "29.53490", "2019-03-31": "30.22580", "2018-12-31": "32.23770", "2018-09-30": "31.18730", "2018-06-30": "31.52740", "2018-03-31": "25.61680", "2017-12-31": "26.94560", "2017-09-30": "30.63120", "2017-06-30": "28.04450", "2017-03-31": "29.24470", "2016-12-31": "27.82570", "2016-09-30": "30.52660", "2016-06-30": "32.38460", "2016-03-31": "31.18750", "2015-12-31": "28.27520", "2015-09-30": "29.03530", "2015-06-30": "32.51210", "2015-03-31": "27.96260", "2014-12-31": "32.01240", "2014-09-30": "33.10630", "2014-06-30": "33.70700", "2014-03-31": "30.67500", "2013-12-31": "34.54900", "2013-09-30": "27.34210", "2013-06-30": "33.32020", "2013-03-31": "27.66560", "2012-12-31": "23.70530", "2012-09-30": "27.22500", "2012-06-30": "28.23980", "2012-03-31": "26.39020", "2011-12-31": "26.82990", "2011-09-30": "27.88840", "2011-06-30": "30.59400", "2011-03-31": "30.82670", "2010-12-31": "32.35440", "2010-09-30": "35.93130", "2010-06-30": "34.97660", "2010-03-31": "29.50800", "2009-12-31": "26.60840", "2009-09-30": "19.78360", "2009-06-30": "15.24580", "2009-03-31": "19.81170", "2008-12-31": "26.08760", "2008-09-30": "25.77590", "2008-06-30": "21.92360", "2008-03-31": "24.59280", "2007-12-31": "24.29330", "2007-09-30": "21.21340", "2007-06-30": "21.85810", "2007-03-31": "17.89480", "2006-12-31": "18.23510", "2006-09-30": "19.94010", "2006-06-30": "19.33330", "2006-03-31": "25.28510", "2005-12-31": "26.65380", "2005-09-30": "20.64130", "2005-06-30": "22.31250", "2005-03-31": "21.26190"}, "EBIT Margin": {"2020-12-31": "21.46180", "2020-09-30": "26.79810", "2020-06-30": "24.15320", "2020-03-31": "23.54340", "2019-12-31": "22.03270", "2019-09-30": "24.42100", "2019-06-30": "29.53490", "2019-03-31": "30.22580", "2018-12-31": "32.23770", "2018-09-30": "31.18730", "2018-06-30": "31.52740", "2018-03-31": "25.61680", "2017-12-31": "26.94560", "2017-09-30": "30.63120", "2017-06-30": "28.04450", "2017-03-31": "29.24470", "2016-12-31": "27.82570", "2016-09-30": "30.52660", "2016-06-30": "32.38460", "2016-03-31": "31.18750", "2015-12-31": "28.27520", "2015-09-30": "29.03530", "2015-06-30": "32.51210", "2015-03-31": "27.96260", "2014-12-31": "32.01240", "2014-09-30": "33.10630", "2014-06-30": "33.70700", "2014-03-31": "30.67490", "2013-12-31": "34.54900", "2013-09-30": "27.34210", "2013-06-30": "33.32020", "2013-03-31": "27.66550", "2012-12-31": "23.70530", "2012-09-30": "27.22500", "2012-06-30": "28.23980", "2012-03-31": "26.39020", "2011-12-31": "26.82990", "2011-09-30": "27.88840", "2011-06-30": "30.59400", "2011-03-31": "30.82670", "2010-12-31": "32.35440", "2010-09-30": "35.93130", "2010-06-30": "34.97660", "2010-03-31": "29.50800", "2009-12-31": "26.60840", "2009-09-30": "19.78360", "2009-06-30": "15.24580", "2009-03-31": "19.81170", "2008-12-31": "26.08760", "2008-09-30": "25.77590", "2008-06-30": "21.92360", "2008-03-31": "24.59290", "2007-12-31": "24.29330", "2007-09-30": "21.21340", "2007-06-30": "21.85810", "2007-03-31": "17.89470", "2006-12-31": "18.23510", "2006-09-30": "19.94010", "2006-06-30": "19.33330", "2006-03-31": "25.28510", "2005-12-31": "26.65380", "2005-09-30": "20.64130", "2005-06-30": "22.31250", "2005-03-31": "21.26190"}, "EBITDA Margin": {"2020-12-31": "", "2020-09-30": "", "2020-06-30": "", "2020-03-31": "", "2019-12-31": "", "2019-09-30": "", "2019-06-30": "", "2019-03-31": "", "2018-12-31": "", "2018-09-30": "", "2018-06-30": "", "2018-03-31": "", "2017-12-31": "", "2017-09-30": "", "2017-06-30": "", "2017-03-31": "", "2016-12-31": "", "2016-09-30": "", "2016-06-30": "", "2016-03-31": "", "2015-12-31": "", "2015-09-30": "", "2015-06-30": "", "2015-03-31": "", "2014-12-31": "", "2014-09-30": "", "2014-06-30": "", "2014-03-31": "", "2013-12-31": "", "2013-09-30": "", "2013-06-30": "", "2013-03-31": "", "2012-12-31": "", "2012-09-30": "", "2012-06-30": "", "2012-03-31": "", "2011-12-31": "", "2011-09-30": "", "2011-06-30": "", "2011-03-31": "", "2010-12-31": "", "2010-09-30": "", "2010-06-30": "", "2010-03-31": "", "2009-12-31": "", "2009-09-30": "", "2009-06-30": "", "2009-03-31": "", "2008-12-31": "", "2008-09-30": "", "2008-06-30": "", "2008-03-31": "", "2007-12-31": "", "2007-09-30": "", "2007-06-30": "", "2007-03-31": "", "2006-12-31": "", "2006-09-30": "", "2006-06-30": "", "2006-03-31": "", "2005-12-31": "", "2005-09-30": "", "2005-06-30": "", "2005-03-31": ""}, "Pre-Tax Profit Margin": {"2020-12-31": "21.92350", "2020-09-30": "25.39300", "2020-06-30": "22.48080", "2020-03-31": "25.09310", "2019-12-31": "22.92240", "2019-09-30": "25.90040", "2019-06-30": "30.90160", "2019-03-31": "31.34880", "2018-12-31": "32.07150", "2018-09-30": "32.04600", "2018-06-30": "31.11140", "2018-03-31": "25.02420", "2017-12-31": "27.85920", "2017-09-30": "30.92300", "2017-06-30": "28.34960", "2017-03-31": "28.89070", "2016-12-31": "27.75880", "2016-09-30": "30.32790", "2016-06-30": "31.58680", "2016-03-31": "29.74050", "2015-12-31": "27.38280", "2015-09-30": "27.28900", "2015-06-30": "30.59460", "2015-03-31": "28.13160", "2014-12-31": "31.33730", "2014-09-30": "32.15790", "2014-06-30": "32.69140", "2014-03-31": "28.46280", "2013-12-31": "33.72980", "2013-09-30": "25.50600", "2013-06-30": "31.60510", "2013-03-31": "25.99270", "2012-12-31": "22.69530", "2012-09-30": "25.38600", "2012-06-30": "26.58020", "2012-03-31": "25.11540", "2011-12-31": "25.42370", "2011-09-30": "26.33980", "2011-06-30": "29.32490", "2011-03-31": "28.71680", "2010-12-31": "31.77220", "2010-09-30": "35.36910", "2010-06-30": "34.11410", "2010-03-31": "30.62150", "2009-12-31": "25.91040", "2009-09-30": "19.35410", "2009-06-30": "12.34600", "2009-03-31": "23.20530", "2008-12-31": "34.16090", "2008-09-30": "21.27550", "2008-06-30": "21.89430", "2008-03-31": "24.14580", "2007-12-31": "27.32300", "2007-09-30": "25.59730", "2007-06-30": "24.89300", "2007-03-31": "22.83660", "2006-12-31": "22.87800", "2006-09-30": "25.53360", "2006-06-30": "22.32560", "2006-03-31": "27.05170", "2005-12-31": "29.08780", "2005-09-30": "24.62950", "2005-06-30": "24.61720", "2005-03-31": "23.72440"}, "Net Profit Margin": {"2020-12-31": "21.28100", "2020-09-30": "25.28470", "2020-06-30": "12.91310", "2020-03-31": "21.45780", "2019-12-31": "22.39280", "2019-09-30": "27.23810", "2019-06-30": "28.41920", "2019-03-31": "29.53300", "2018-12-31": "29.91790", "2018-09-30": "28.90610", "2018-06-30": "27.76830", "2018-03-31": "22.79430", "2017-12-31": "-2.08570", "2017-09-30": "27.69300", "2017-06-30": "26.08520", "2017-03-31": "25.78300", "2016-12-31": "24.21870", "2016-09-30": "28.34760", "2016-06-30": "28.35730", "2016-03-31": "25.39720", "2015-12-31": "23.10330", "2015-09-30": "24.12900", "2015-06-30": "26.90580", "2015-03-31": "23.74720", "2014-12-31": "28.38280", "2014-09-30": "28.38440", "2014-06-30": "28.33850", "2014-03-31": "25.25430", "2013-12-31": "29.97140", "2013-09-30": "23.61870", "2013-06-30": "27.12180", "2013-03-31": "24.54490", "2012-12-31": "20.33240", "2012-09-30": "22.69340", "2012-06-30": "22.27770", "2012-03-31": "21.89820", "2011-12-31": "24.85150", "2011-09-30": "22.74570", "2011-06-30": "25.08260", "2011-03-31": "27.22660", "2010-12-31": "26.85890", "2010-09-30": "27.57860", "2010-06-30": "26.66510", "2010-03-31": "28.07680", "2009-12-31": "20.82560", "2009-09-30": "15.43270", "2009-06-30": "10.10170", "2009-03-31": "19.75550", "2008-12-31": "26.05750", "2008-09-30": "16.76400", "2008-06-30": "17.03610", "2008-03-31": "19.28430", "2007-12-31": "21.81780", "2007-09-30": "20.16170", "2007-06-30": "18.90010", "2007-03-31": "19.75910", "2006-12-31": "19.41520", "2006-09-30": "19.91650", "2006-06-30": "17.13700", "2006-03-31": "23.44530", "2005-12-31": "18.00890", "2005-09-30": "21.45700", "2005-06-30": "18.95540", "2005-03-31": "17.18900"}, "Asset Turnover": {"2020-12-31": "0.13970", "2020-09-30": "0.13750", "2020-06-30": "0.13350", "2020-03-31": "0.16110", "2019-12-31": "0.14610", "2019-09-30": "0.16600", "2019-06-30": "0.17100", "2019-03-31": "0.16080", "2018-12-31": "0.14940", "2018-09-30": "0.14500", "2018-06-30": "0.13540", "2018-03-31": "0.12610", "2017-12-31": "0.11690", "2017-09-30": "0.12470", "2017-06-30": "0.11850", "2017-03-31": "0.13010", "2016-12-31": "0.12110", "2016-09-30": "0.11710", "2016-06-30": "0.11670", "2016-03-31": "0.11850", "2015-12-31": "0.11560", "2015-09-30": "0.10790", "2015-06-30": "0.11170", "2015-03-31": "0.11570", "2014-12-31": "0.12080", "2014-09-30": "0.12040", "2014-06-30": "0.12120", "2014-03-31": "0.12260", "2013-12-31": "0.11730", "2013-09-30": "0.11980", "2013-06-30": "0.12160", "2013-03-31": "0.11250", "2012-12-31": "0.11050", "2012-09-30": "0.11960", "2012-06-30": "0.12970", "2012-03-31": "0.12520", "2011-12-31": "0.11760", "2011-09-30": "0.13010", "2011-06-30": "0.14210", "2011-03-31": "0.14200", "2010-12-31": "0.14700", "2010-09-30": "0.16680", "2010-06-30": "0.17120", "2010-03-31": "0.16610", "2009-12-31": "0.16440", "2009-09-30": "0.14020", "2009-06-30": "0.13220", "2009-03-31": "0.14050", "2008-12-31": "0.15910", "2008-09-30": "0.15860", "2008-06-30": "0.15800", "2008-03-31": "0.15170", "2007-12-31": "0.14780", "2007-09-30": "0.13610", "2007-06-30": "0.13480", "2007-03-31": "0.13950", "2006-12-31": "0.14540", "2006-09-30": "0.14910", "2006-06-30": "0.15380", "2006-03-31": "0.14880", "2005-12-31": "0.14450", "2005-09-30": "0.12590", "2005-06-30": "0.13100", "2005-03-31": "0.12860"}, "Inventory Turnover Ratio": {"2020-12-31": "0.85440", "2020-09-30": "0.79710", "2020-06-30": "0.79670", "2020-03-31": "0.74830", "2019-12-31": "0.73130", "2019-09-30": "0.87430", "2019-06-30": "0.85160", "2019-03-31": "0.85440", "2018-12-31": "0.87500", "2018-09-30": "0.95070", "2018-06-30": "0.83760", "2018-03-31": "0.80030", "2017-12-31": "0.78560", "2017-09-30": "0.86210", "2017-06-30": "0.88670", "2017-03-31": "0.82030", "2016-12-31": "0.86550", "2016-09-30": "0.89310", "2016-06-30": "0.86180", "2016-03-31": "0.98460", "2015-12-31": "0.91090", "2015-09-30": "0.74020", "2015-06-30": "0.72050", "2015-03-31": "0.73650", "2014-12-31": "0.72830", "2014-09-30": "0.64570", "2014-06-30": "0.73670", "2014-03-31": "0.85450", "2013-12-31": "0.87450", "2013-09-30": "0.99510", "2013-06-30": "0.96200", "2013-03-31": "0.89730", "2012-12-31": "0.75440", "2012-09-30": "0.91990", "2012-06-30": "1.02640", "2012-03-31": "0.91560", "2011-12-31": "0.71210", "2011-09-30": "0.80990", "2011-06-30": "0.89200", "2011-03-31": "0.76940", "2010-12-31": "0.80160", "2010-09-30": "1.25310", "2010-06-30": "1.37290", "2010-03-31": "1.41990", "2009-12-31": "1.42960", "2009-09-30": "1.56680", "2009-06-30": "1.42160", "2009-03-31": "1.25100", "2008-12-31": "1.10650", "2008-09-30": "1.25200", "2008-06-30": "1.25740", "2008-03-31": "1.33570", "2007-12-31": "1.32080", "2007-09-30": "1.31920", "2007-06-30": "1.15690", "2007-03-31": "0.96260", "2006-12-31": "0.96080", "2006-09-30": "0.90760", "2006-06-30": "0.98670", "2006-03-31": "0.88640", "2005-12-31": "0.78570", "2005-09-30": "0.77110", "2005-06-30": "0.87080", "2005-03-31": "0.81840"}, "Receiveable Turnover": {"2020-12-31": "2.97990", "2020-09-30": "2.11460", "2020-06-30": "2.38110", "2020-03-31": "2.76960", "2019-12-31": "2.85350", "2019-09-30": "2.48400", "2019-06-30": "2.77700", "2019-03-31": "2.47150", "2018-12-31": "2.22630", "2018-09-30": "2.00080", "2018-06-30": "1.49790", "2018-03-31": "1.66960", "2017-12-31": "1.71780", "2017-09-30": "2.18720", "2017-06-30": "2.24710", "2017-03-31": "2.52900", "2016-12-31": "1.71830", "2016-09-30": "2.54310", "2016-06-30": "2.64950", "2016-03-31": "1.85740", "2015-12-31": "2.78690", "2015-09-30": "1.86670", "2015-06-30": "2.17870", "2015-03-31": "2.29870", "2014-12-31": "3.16570", "2014-09-30": "2.07920", "2014-06-30": "2.17760", "2014-03-31": "2.30670", "2013-12-31": "2.83150", "2013-09-30": "2.15800", "2013-06-30": "2.15900", "2013-03-31": "2.32210", "2012-12-31": "2.19480", "2012-09-30": "2.44720", "2012-06-30": "2.25930", "2012-03-31": "2.60030", "2011-12-31": "2.42070", "2011-09-30": "2.56550", "2011-06-30": "2.51530", "2011-03-31": "2.05210", "2010-12-31": "1.53440", "2010-09-30": "1.11300", "2010-06-30": "1.67340", "2010-03-31": "2.01350", "2009-12-31": "2.22150", "2009-09-30": "1.83060", "2009-06-30": "1.92030", "2009-03-31": "1.82550", "2008-12-31": "2.14610", "2008-09-30": "2.06570", "2008-06-30": "2.37610", "2008-03-31": "1.90960", "2007-12-31": "2.07070", "2007-09-30": "1.88040", "2007-06-30": "2.13980", "2007-03-31": "2.43270", "2006-12-31": "3.05140", "2006-09-30": "2.50870", "2006-06-30": "3.16240", "2006-03-31": "2.43220", "2005-12-31": "3.16020", "2005-09-30": "2.08310", "2005-06-30": "2.08310", "2005-03-31": "1.83160"}, "Days Sales In Receivables": {"2020-12-31": "30.20210", "2020-09-30": "42.56130", "2020-06-30": "37.79720", "2020-03-31": "32.49610", "2019-12-31": "31.54020", "2019-09-30": "36.23250", "2019-06-30": "32.40930", "2019-03-31": "36.41510", "2018-12-31": "40.42590", "2018-09-30": "44.98280", "2018-06-30": "60.08570", "2018-03-31": "53.90570", "2017-12-31": "52.39160", "2017-09-30": "41.14790", "2017-06-30": "40.05100", "2017-03-31": "35.58700", "2016-12-31": "52.37720", "2016-09-30": "35.39000", "2016-06-30": "33.96850", "2016-03-31": "48.45540", "2015-12-31": "32.29370", "2015-09-30": "48.21410", "2015-06-30": "41.30890", "2015-03-31": "39.15220", "2014-12-31": "28.43010", "2014-09-30": "43.28690", "2014-06-30": "41.33010", "2014-03-31": "39.01600", "2013-12-31": "31.78560", "2013-09-30": "41.70470", "2013-06-30": "41.68510", "2013-03-31": "38.75800", "2012-12-31": "41.00530", "2012-09-30": "36.77700", "2012-06-30": "39.83460", "2012-03-31": "34.61140", "2011-12-31": "37.17910", "2011-09-30": "35.08130", "2011-06-30": "35.78030", "2011-03-31": "43.85760", "2010-12-31": "58.65610", "2010-09-30": "80.86440", "2010-06-30": "53.78270", "2010-03-31": "44.69800", "2009-12-31": "40.51240", "2009-09-30": "49.16390", "2009-06-30": "46.86860", "2009-03-31": "49.30230", "2008-12-31": "41.93640", "2008-09-30": "43.56860", "2008-06-30": "37.87680", "2008-03-31": "47.13140", "2007-12-31": "43.46270", "2007-09-30": "47.86310", "2007-06-30": "42.06050", "2007-03-31": "36.99570", "2006-12-31": "29.49470", "2006-09-30": "35.87520", "2006-06-30": "28.45940", "2006-03-31": "37.00420", "2005-12-31": "28.47920", "2005-09-30": "43.20590", "2005-06-30": "43.20420", "2005-03-31": "49.13670"}, "ROE - Return On Equity": {"2020-12-31": "6.57870", "2020-09-30": "7.90170", "2020-06-30": "4.04530", "2020-03-31": "7.00880", "2019-12-31": "6.13410", "2019-09-30": "8.41990", "2019-06-30": "9.24220", "2019-03-31": "8.54930", "2018-12-31": "9.07630", "2018-09-30": "8.82300", "2018-06-30": "8.19610", "2018-03-31": "6.16310", "2017-12-31": "-0.52800", "2017-09-30": "6.98890", "2017-06-30": "6.19490", "2017-03-31": "6.34250", "2016-12-31": "5.72050", "2016-09-30": "6.25460", "2016-06-30": "6.29610", "2016-03-31": "5.60000", "2015-12-31": "5.05150", "2015-09-30": "4.89000", "2015-06-30": "5.62370", "2015-03-31": "5.15480", "2014-12-31": "6.30140", "2014-09-30": "6.31980", "2014-06-30": "6.20620", "2014-03-31": "5.66820", "2013-12-31": "6.01960", "2013-09-30": "4.92500", "2013-06-30": "5.75810", "2013-03-31": "4.40790", "2012-12-31": "3.68050", "2012-09-30": "4.48590", "2012-06-30": "4.80130", "2012-03-31": "4.52070", "2011-12-31": "4.95960", "2011-09-30": "5.06680", "2011-06-30": "6.17480", "2011-03-31": "6.62850", "2010-12-31": "7.00870", "2010-09-30": "8.43000", "2010-06-30": "8.49370", "2010-03-31": "7.00470", "2009-12-31": "5.25630", "2009-09-30": "3.25700", "2009-06-30": "1.98770", "2009-03-31": "4.00440", "2008-12-31": "7.15880", "2008-09-30": "5.19650", "2008-06-30": "5.16760", "2008-03-31": "5.48780", "2007-12-31": "5.97170", "2007-09-30": "4.86950", "2007-06-30": "4.44510", "2007-03-31": "4.94300", "2006-12-31": "3.28020", "2006-09-30": "3.44850", "2006-06-30": "3.03820", "2006-03-31": "4.05810", "2005-12-31": "3.00750", "2005-09-30": "3.09270", "2005-06-30": "2.83470", "2005-03-31": "2.51370"}, "Return On Tangible Equity": {"2020-12-31": "9.51970", "2020-09-30": "11.73080", "2020-06-30": "6.21570", "2020-03-31": "10.84960", "2019-12-31": "8.94340", "2019-09-30": "12.23690", "2019-06-30": "11.16270", "2019-03-31": "10.02600", "2018-12-31": "10.81150", "2018-09-30": "10.68950", "2018-06-30": "8.82890", "2018-03-31": "6.63100", "2017-12-31": "-0.56810", "2017-09-30": "7.48140", "2017-06-30": "6.62330", "2017-03-31": "6.78880", "2016-12-31": "6.13110", "2016-09-30": "6.68060", "2016-06-30": "6.72250", "2016-03-31": "5.98230", "2015-12-31": "5.39910", "2015-09-30": "5.22840", "2015-06-30": "6.01360", "2015-03-31": "5.51840", "2014-12-31": "6.75900", "2014-09-30": "6.77770", "2014-06-30": "6.64760", "2014-03-31": "6.08410", "2013-12-31": "6.43980", "2013-09-30": "5.27420", "2013-06-30": "6.19570", "2013-03-31": "4.71850", "2012-12-31": "3.95820", "2012-09-30": "4.83760", "2012-06-30": "5.15130", "2012-03-31": "4.85380", "2011-12-31": "5.35260", "2011-09-30": "5.48490", "2011-06-30": "6.68510", "2011-03-31": "7.10040", "2010-12-31": "7.41080", "2010-09-30": "8.95080", "2010-06-30": "9.06640", "2010-03-31": "7.41730", "2009-12-31": "5.57990", "2009-09-30": "3.46490", "2009-06-30": "2.11840", "2009-03-31": "4.26830", "2008-12-31": "7.72090", "2008-09-30": "5.64110", "2008-06-30": "5.60030", "2008-03-31": "5.93430", "2007-12-31": "6.44420", "2007-09-30": "5.23550", "2007-06-30": "4.77420", "2007-03-31": "5.34250", "2006-12-31": "3.46390", "2006-09-30": "3.64220", "2006-06-30": "3.21050", "2006-03-31": "4.29040", "2005-12-31": "3.16480", "2005-09-30": "3.25160", "2005-06-30": "2.98630", "2005-03-31": "2.65200"}, "ROA - Return On Assets": {"2020-12-31": "2.97400", "2020-09-30": "3.47590", "2020-06-30": "1.72340", "2020-03-31": "3.45720", "2019-12-31": "3.27220", "2019-09-30": "4.52190", "2019-06-30": "4.86040", "2019-03-31": "4.74900", "2018-12-31": "4.47000", "2018-09-30": "4.19060", "2018-06-30": "3.75930", "2018-03-31": "2.87460", "2017-12-31": "-0.24390", "2017-09-30": "3.45370", "2017-06-30": "3.09110", "2017-03-31": "3.35500", "2016-12-31": "2.93300", "2016-09-30": "3.31990", "2016-06-30": "3.30960", "2016-03-31": "3.00950", "2015-12-31": "2.67080", "2015-09-30": "2.60300", "2015-06-30": "3.00510", "2015-03-31": "2.74850", "2014-12-31": "3.42740", "2014-09-30": "3.41850", "2014-06-30": "3.43500", "2014-03-31": "3.09740", "2013-12-31": "3.51630", "2013-09-30": "2.82920", "2013-06-30": "3.29820", "2013-03-31": "2.76180", "2012-12-31": "2.24690", "2012-09-30": "2.71370", "2012-06-30": "2.88950", "2012-03-31": "2.74200", "2011-12-31": "2.92320", "2011-09-30": "2.95900", "2011-06-30": "3.56430", "2011-03-31": "3.86520", "2010-12-31": "3.94830", "2010-09-30": "4.59910", "2010-06-30": "4.56630", "2010-03-31": "4.66450", "2009-12-31": "3.42440", "2009-09-30": "2.16290", "2009-06-30": "1.33580", "2009-03-31": "2.77520", "2008-12-31": "4.14530", "2008-09-30": "2.65870", "2008-06-30": "2.69090", "2008-03-31": "2.92460", "2007-12-31": "3.22440", "2007-09-30": "2.74440", "2007-06-30": "2.54810", "2007-03-31": "2.75610", "2006-12-31": "2.82370", "2006-09-30": "2.96860", "2006-06-30": "2.63580", "2006-03-31": "3.48950", "2005-12-31": "2.60170", "2005-09-30": "2.70070", "2005-06-30": "2.48240", "2005-03-31": "2.21130"}, "ROI - Return On Investment": {"2020-12-31": "4.17890", "2020-09-30": "4.91310", "2020-06-30": "2.46200", "2020-03-31": "5.29880", "2019-12-31": "4.16790", "2019-09-30": "5.75900", "2019-06-30": "6.25890", "2019-03-31": "5.97220", "2018-12-31": "6.20320", "2018-09-30": "5.91520", "2018-06-30": "5.38960", "2018-03-31": "4.06940", "2017-12-31": "-0.30490", "2017-09-30": "4.11270", "2017-06-30": "3.67760", "2017-03-31": "4.54040", "2016-12-31": "4.08260", "2016-09-30": "4.53620", "2016-06-30": "4.54970", "2016-03-31": "4.04730", "2015-12-31": "3.64880", "2015-09-30": "3.53740", "2015-06-30": "4.07860", "2015-03-31": "3.73290", "2014-12-31": "4.59280", "2014-09-30": "4.62520", "2014-06-30": "4.57900", "2014-03-31": "4.16450", "2013-12-31": "6.01960", "2013-09-30": "4.92500", "2013-06-30": "5.75810", "2013-03-31": "3.36130", "2012-12-31": "2.77500", "2012-09-30": "3.36630", "2012-06-30": "3.59120", "2012-03-31": "3.38670", "2011-12-31": "3.66660", "2011-09-30": "3.72280", "2011-06-30": "4.54770", "2011-03-31": "4.84180", "2010-12-31": "4.97720", "2010-09-30": "5.86940", "2010-06-30": "5.83760", "2010-03-31": "6.00060", "2009-12-31": "4.47620", "2009-09-30": "2.76070", "2009-06-30": "1.67840", "2009-03-31": "3.39160", "2008-12-31": "4.91820", "2008-09-30": "3.16710", "2008-06-30": "3.18790", "2008-03-31": "3.43410", "2007-12-31": "3.78830", "2007-09-30": "3.15710", "2007-06-30": "2.91140", "2007-03-31": "3.16070", "2006-12-31": "3.28020", "2006-09-30": "3.44850", "2006-06-30": "3.03820", "2006-03-31": "4.05810", "2005-12-31": "3.00750", "2005-09-30": "3.09270", "2005-06-30": "2.83470", "2005-03-31": "2.51370"}, "Book Value Per Share": {"2020-12-31": "10.59900", "2020-09-30": "10.00920", "2020-06-30": "9.49460", "2020-03-31": "9.49530", "2019-12-31": "10.61410", "2019-09-30": "10.72080", "2019-06-30": "10.40790", "2019-03-31": "11.27060", "2018-12-31": "10.41690", "2018-09-30": "9.66190", "2018-06-30": "9.16770", "2018-03-31": "9.31560", "2017-12-31": "9.27980", "2017-09-30": "9.90660", "2017-06-30": "10.21020", "2017-03-31": "10.11030", "2016-12-31": "9.96080", "2016-09-30": "10.39620", "2016-06-30": "10.21640", "2016-03-31": "10.20900", "2015-12-31": "10.13420", "2015-09-30": "10.13040", "2015-06-30": "10.15480", "2015-03-31": "10.10910", "2014-12-31": "10.22610", "2014-09-30": "10.26250", "2014-06-30": "10.41920", "2014-03-31": "10.24690", "2013-12-31": "10.94880", "2013-09-30": "10.70510", "2013-06-30": "10.24040", "2013-03-31": "11.23960", "2012-12-31": "10.76660", "2012-09-30": "10.54600", "2012-06-30": "10.31420", "2012-03-31": "10.27150", "2011-12-31": "9.78090", "2011-09-30": "9.49630", "2011-06-30": "9.42860", "2011-03-31": "9.12550", "2010-12-31": "8.32610", "2010-09-30": "7.82360", "2010-06-30": "7.21370", "2010-03-31": "7.75350", "2009-12-31": "7.35200", "2009-09-30": "7.10160", "2009-06-30": "6.92750", "2009-03-31": "7.07340", "2008-12-31": "6.08700", "2008-09-30": "5.69510", "2008-06-30": "5.82240", "2008-03-31": "5.95970", "2007-12-31": "6.05880", "2007-09-30": "6.26560", "2007-06-30": "6.35320", "2007-03-31": "5.99100", "2006-12-31": "8.03890", "2006-09-30": "8.02460", "2006-06-30": "7.98870", "2006-03-31": "7.96480", "2005-12-31": "7.80880", "2005-09-30": "7.94140", "2005-06-30": "7.75610", "2005-03-31": "7.63510"}, "Operating Cash Flow Per Share": {"2020-12-31": 1.4401, "2020-09-30": 0.9984, "2020-06-30": "0.99970", "2020-03-31": 1.3266, "2019-12-31": 1.2999, "2019-09-30": 0.8883, "2019-06-30": "1.15620", "2019-03-31": 1.1223, "2018-12-31": 1.2181, "2018-09-30": 1.2266, "2018-06-30": "0.68830", "2018-03-31": 0.9052, "2017-12-31": 0.7515, "2017-09-30": 0.804, "2017-06-30": "0.71820", "2017-03-31": 1.1565, "2016-12-31": 0.387, "2016-09-30": 0.6594, "2016-06-30": "1.27210", "2016-03-31": 0.4799, "2015-12-31": 1.0673, "2015-09-30": 0.5397, "2015-06-30": "0.69070", "2015-03-31": 0.6533, "2014-12-31": 1.0708, "2014-09-30": 0.7489, "2014-06-30": "0.46210", "2014-03-31": 0.6648, "2013-12-31": 0.7628, "2013-09-30": 0.8586, "2013-06-30": "0.51450", "2013-03-31": 0.628, "2012-12-31": 0.4475, "2012-09-30": 0.7381, "2012-06-30": "0.59510", "2012-03-31": 0.7298, "2011-12-31": 0.6758, "2011-09-30": 0.7711, "2011-06-30": "0.86100", "2011-03-31": 0.8836, "2010-12-31": 1.2608, "2010-09-30": 0.1758, "2010-06-30": "0.38120", "2010-03-31": 0.3845, "2009-12-31": 0.6604, "2009-09-30": 0.4245, "2009-06-30": "0.53200", "2009-03-31": 0.2066, "2008-12-31": 0.4801, "2008-09-30": 0.3474, "2008-06-30": "0.56430", "2008-03-31": 0.3104, "2007-12-31": 0.7371, "2007-09-30": 0.4814, "2007-06-30": "0.41660", "2007-03-31": 0.2922, "2006-12-31": 0.5181, "2006-09-30": 0.3556, "2006-06-30": "0.43920", "2006-03-31": 0.23, "2005-12-31": 0.5437, "2005-09-30": 0.1759, "2005-06-30": "0.42880", "2005-03-31": 0.769}, "Free Cash Flow Per Share": {"2020-12-31": 1.4166, "2020-09-30": 0.9366, "2020-06-30": "0.93670", "2020-03-31": 1.2031, "2019-12-31": 1.1624, "2019-09-30": 0.7554, "2019-06-30": "1.04300", "2019-03-31": 1.0123, "2018-12-31": 1.1396, "2018-09-30": 1.1709, "2018-06-30": "0.58530", "2018-03-31": 0.8256, "2017-12-31": 0.7234, "2017-09-30": 0.7555, "2017-06-30": "0.68090", "2017-03-31": 1.0799, "2016-12-31": 0.3138, "2016-09-30": 0.6187, "2016-06-30": "1.19460", "2016-03-31": 0.4245, "2015-12-31": 1.0453, "2015-09-30": 0.519, "2015-06-30": "0.66230", "2015-03-31": 0.6325, "2014-12-31": 1.0479, "2014-09-30": 0.7177, "2014-06-30": "0.42970", "2014-03-31": 0.6153, "2013-12-31": 0.7241, "2013-09-30": 0.831, "2013-06-30": "0.47420", "2013-03-31": 0.6056, "2012-12-31": 0.4179, "2012-09-30": 0.7095, "2012-06-30": "0.56460", "2012-03-31": 0.6605, "2011-12-31": 0.605, "2011-09-30": 0.7038, "2011-06-30": "0.81100", "2011-03-31": 0.8245, "2010-12-31": 1.2045, "2010-09-30": 0.1151, "2010-06-30": "0.31490", "2010-03-31": 0.3457, "2009-12-31": 0.6294, "2009-09-30": 0.4097, "2009-06-30": "0.51490", "2009-03-31": 0.1846, "2008-12-31": 0.4388, "2008-09-30": 0.3047, "2008-06-30": "0.52910", "2008-03-31": 0.292, "2007-12-31": 0.6975, "2007-09-30": 0.4381, "2007-06-30": "0.36520", "2007-03-31": 0.11, "2006-12-31": 0.4566, "2006-09-30": 0.3141, "2006-06-30": "0.40200", "2006-03-31": 0.1674, "2005-12-31": 0.5038, "2005-09-30": 0.1315, "2005-06-30": "0.38690", "2005-03-31": 0.5977}}, "revenue": {"Xilinx Annual Revenue (Millions of US $)": {"2020": "$3,163", "2019": "$3,059", "2018": "$2,467", "2017": "$2,357", "2016": "$2,214", "2015": "$2,377", "2014": "$2,383", "2013": "$2,169", "2012": "$2,241", "2011": "$2,369", "2010": "$1,834", "2009": "$1,825", "2008": "$1,841", "2007": "$1,843", "2006": "$1,726", "2005": "$1,573"}, "Xilinx Quarterly Revenue (Millions of US $)": {"2020-12-31": "$803", "2020-09-30": "$767", "2020-06-30": "$727", "2020-03-31": "$756", "2019-12-31": "$723", "2019-09-30": "$833", "2019-06-30": "$850", "2019-03-31": "$828", "2018-12-31": "$800", "2018-09-30": "$746", "2018-06-30": "$684", "2018-03-31": "$638", "2017-12-31": "$599", "2017-09-30": "$627", "2017-06-30": "$603", "2017-03-31": "$617", "2016-12-31": "$586", "2016-09-30": "$579", "2016-06-30": "$575", "2016-03-31": "$571", "2015-12-31": "$566", "2015-09-30": "$528", "2015-06-30": "$549", "2015-03-31": "$567", "2014-12-31": "$594", "2014-09-30": "$604", "2014-06-30": "$613", "2014-03-31": "$618", "2013-12-31": "$587", "2013-09-30": "$599", "2013-06-30": "$579", "2013-03-31": "$532", "2012-12-31": "$510", "2012-09-30": "$544", "2012-06-30": "$583", "2012-03-31": "$559", "2011-12-31": "$511", "2011-09-30": "$555", "2011-06-30": "$615", "2011-03-31": "$588", "2010-12-31": "$567", "2010-09-30": "$620", "2010-06-30": "$595", "2010-03-31": "$529", "2009-12-31": "$513", "2009-09-30": "$415", "2009-06-30": "$376", "2009-03-31": "$395", "2008-12-31": "$458", "2008-09-30": "$484", "2008-06-30": "$488", "2008-03-31": "$476", "2007-12-31": "$475", "2007-09-30": "$445", "2007-06-30": "$446", "2007-03-31": "$443", "2006-12-31": "$451", "2006-09-30": "$467", "2006-06-30": "$481", "2006-03-31": "$472", "2005-12-31": "$450", "2005-09-30": "$399", "2005-06-30": "$405", "2005-03-31": "$391"}}, "gross-profit": {"Xilinx Annual Gross Profit (Millions of US $)": {"2020": "$2,115", "2019": "$2,103", "2018": "$1,724", "2017": "$1,648", "2016": "$1,542", "2015": "$1,669", "2014": "$1,639", "2013": "$1,431", "2012": "$1,455", "2011": "$1,550", "2010": "$1,162", "2009": "$1,156", "2008": "$1,154", "2007": "$1,124", "2006": "$1,069", "2005": "$997"}, "Xilinx Quarterly Gross Profit (Millions of US $)": {"2020-12-31": "$547", "2020-09-30": "$542", "2020-06-30": "$494", "2020-03-31": "$528", "2019-12-31": "$483", "2019-09-30": "$540", "2019-06-30": "$563", "2019-03-31": "$559", "2018-12-31": "$552", "2018-09-30": "$515", "2018-06-30": "$477", "2018-03-31": "$449", "2017-12-31": "$421", "2017-09-30": "$442", "2017-06-30": "$412", "2017-03-31": "$431", "2016-12-31": "$407", "2016-09-30": "$403", "2016-06-30": "$407", "2016-03-31": "$395", "2015-12-31": "$388", "2015-09-30": "$370", "2015-06-30": "$389", "2015-03-31": "$397", "2014-12-31": "$414", "2014-09-30": "$435", "2014-06-30": "$423", "2014-03-31": "$418", "2013-12-31": "$406", "2013-09-30": "$416", "2013-06-30": "$399", "2013-03-31": "$352", "2012-12-31": "$339", "2012-09-30": "$356", "2012-06-30": "$384", "2012-03-31": "$371", "2011-12-31": "$336", "2011-09-30": "$355", "2011-06-30": "$392", "2011-03-31": "$384", "2010-12-31": "$373", "2010-09-30": "$406", "2010-06-30": "$387", "2010-03-31": "$344", "2009-12-31": "$329", "2009-09-30": "$257", "2009-06-30": "$232", "2009-03-31": "$245", "2008-12-31": "$293", "2008-09-30": "$306", "2008-06-30": "$312", "2008-03-31": "$302", "2007-12-31": "$300", "2007-09-30": "$275", "2007-06-30": "$277", "2007-03-31": "$275", "2006-12-31": "$273", "2006-09-30": "$287", "2006-06-30": "$289", "2006-03-31": "$294", "2005-12-31": "$283", "2005-09-30": "$245", "2005-06-30": "$247", "2005-03-31": "$239"}}, "operating-income": {"Xilinx Annual Operating Income (Millions of US $)": {"2020": "$792", "2019": "$957", "2018": "$686", "2017": "$706", "2016": "$670", "2015": "$755", "2014": "$749", "2013": "$581", "2012": "$628", "2011": "$795", "2010": "$432", "2009": "$430", "2008": "$424", "2007": "$348", "2006": "$412", "2005": "$372"}, "Xilinx Quarterly Operating Income (Millions of US $)": {"2020-12-31": "$172", "2020-09-30": "$205", "2020-06-30": "$176", "2020-03-31": "$178", "2019-12-31": "$159", "2019-09-30": "$204", "2019-06-30": "$251", "2019-03-31": "$250", "2018-12-31": "$258", "2018-09-30": "$233", "2018-06-30": "$216", "2018-03-31": "$163", "2017-12-31": "$161", "2017-09-30": "$192", "2017-06-30": "$169", "2017-03-31": "$180", "2016-12-31": "$163", "2016-09-30": "$177", "2016-06-30": "$186", "2016-03-31": "$178", "2015-12-31": "$160", "2015-09-30": "$153", "2015-06-30": "$178", "2015-03-31": "$159", "2014-12-31": "$190", "2014-09-30": "$200", "2014-06-30": "$207", "2014-03-31": "$190", "2013-12-31": "$203", "2013-09-30": "$164", "2013-06-30": "$193", "2013-03-31": "$147", "2012-12-31": "$121", "2012-09-30": "$148", "2012-06-30": "$165", "2012-03-31": "$148", "2011-12-31": "$137", "2011-09-30": "$155", "2011-06-30": "$188", "2011-03-31": "$181", "2010-12-31": "$184", "2010-09-30": "$223", "2010-06-30": "$208", "2010-03-31": "$156", "2009-12-31": "$137", "2009-09-30": "$82", "2009-06-30": "$57", "2009-03-31": "$78", "2008-12-31": "$120", "2008-09-30": "$125", "2008-06-30": "$107", "2008-03-31": "$117", "2007-12-31": "$115", "2007-09-30": "$94", "2007-06-30": "$97", "2007-03-31": "$79", "2006-12-31": "$82", "2006-09-30": "$93", "2006-06-30": "$93", "2006-03-31": "$119", "2005-12-31": "$120", "2005-09-30": "$82", "2005-06-30": "$90", "2005-03-31": "$83"}}, "ebitda": {"Xilinx Annual EBITDA (Millions of US $)": {"2020": "$950", "2019": "$1,062", "2018": "$785", "2017": "$781", "2016": "$750", "2015": "$842", "2014": "$841", "2013": "$670", "2012": "$716", "2011": "$868", "2010": "$501", "2009": "$506", "2008": "$501", "2007": "$422", "2006": "$482", "2005": "$435"}, "Xilinx Quarterly EBITDA (Millions of US $)": {"2020-12-31": "$220", "2020-09-30": "$251", "2020-06-30": "$222", "2020-03-31": "$230", "2019-12-31": "$201", "2019-09-30": "$235", "2019-06-30": "$284", "2019-03-31": "$283", "2018-12-31": "$284", "2018-09-30": "$257", "2018-06-30": "$238", "2018-03-31": "$213", "2017-12-31": "$178", "2017-09-30": "$208", "2017-06-30": "$186", "2017-03-31": "$199", "2016-12-31": "$182", "2016-09-30": "$195", "2016-06-30": "$205", "2016-03-31": "$198", "2015-12-31": "$181", "2015-09-30": "$173", "2015-06-30": "$199", "2015-03-31": "$180", "2014-12-31": "$212", "2014-09-30": "$222", "2014-06-30": "$228", "2014-03-31": "$213", "2013-12-31": "$225", "2013-09-30": "$187", "2013-06-30": "$216", "2013-03-31": "$169", "2012-12-31": "$143", "2012-09-30": "$170", "2012-06-30": "$187", "2012-03-31": "$170", "2011-12-31": "$159", "2011-09-30": "$176", "2011-06-30": "$210", "2011-03-31": "$201", "2010-12-31": "$202", "2010-09-30": "$242", "2010-06-30": "$224", "2010-03-31": "$173", "2009-12-31": "$154", "2009-09-30": "$98", "2009-06-30": "$77", "2009-03-31": "$96", "2008-12-31": "$138", "2008-09-30": "$143", "2008-06-30": "$128", "2008-03-31": "$140", "2007-12-31": "$133", "2007-09-30": "$113", "2007-06-30": "$115", "2007-03-31": "$102", "2006-12-31": "$99", "2006-09-30": "$110", "2006-06-30": "$110", "2006-03-31": "$138", "2005-12-31": "$137", "2005-09-30": "$99", "2005-06-30": "$108", "2005-03-31": "$99"}}, "net-income": {"Xilinx Annual Net Income (Millions of US $)": {"2020": "$793", "2019": "$890", "2018": "$464", "2017": "$628", "2016": "$551", "2015": "$648", "2014": "$630", "2013": "$488", "2012": "$530", "2011": "$642", "2010": "$357", "2009": "$362", "2008": "$369", "2007": "$351", "2006": "$354", "2005": "$313"}, "Xilinx Quarterly Net Income (Millions of US $)": {"2020-12-31": "$171", "2020-09-30": "$194", "2020-06-30": "$94", "2020-03-31": "$162", "2019-12-31": "$162", "2019-09-30": "$227", "2019-06-30": "$241", "2019-03-31": "$245", "2018-12-31": "$239", "2018-09-30": "$216", "2018-06-30": "$190", "2018-03-31": "$145", "2017-12-31": "$-12", "2017-09-30": "$174", "2017-06-30": "$157", "2017-03-31": "$159", "2016-12-31": "$142", "2016-09-30": "$164", "2016-06-30": "$163", "2016-03-31": "$145", "2015-12-31": "$131", "2015-09-30": "$127", "2015-06-30": "$148", "2015-03-31": "$135", "2014-12-31": "$168", "2014-09-30": "$172", "2014-06-30": "$174", "2014-03-31": "$156", "2013-12-31": "$176", "2013-09-30": "$141", "2013-06-30": "$157", "2013-03-31": "$131", "2012-12-31": "$104", "2012-09-30": "$123", "2012-06-30": "$130", "2012-03-31": "$122", "2011-12-31": "$127", "2011-09-30": "$126", "2011-06-30": "$154", "2011-03-31": "$160", "2010-12-31": "$152", "2010-09-30": "$171", "2010-06-30": "$159", "2010-03-31": "$149", "2009-12-31": "$107", "2009-09-30": "$64", "2009-06-30": "$38", "2009-03-31": "$78", "2008-12-31": "$119", "2008-09-30": "$81", "2008-06-30": "$83", "2008-03-31": "$92", "2007-12-31": "$104", "2007-09-30": "$90", "2007-06-30": "$84", "2007-03-31": "$88", "2006-12-31": "$88", "2006-09-30": "$93", "2006-06-30": "$82", "2006-03-31": "$111", "2005-12-31": "$81", "2005-09-30": "$86", "2005-06-30": "$77", "2005-03-31": "$67"}}, "eps-earnings-per-share-diluted": {"Xilinx Annual EPS": {"2020": "$3.11", "2019": "$3.47", "2018": "$1.80", "2017": "$2.34", "2016": "$2.05", "2015": "$2.35", "2014": "$2.19", "2013": "$1.79", "2012": "$1.95", "2011": "$2.39", "2010": "$1.29", "2009": "$1.31", "2008": "$1.24", "2007": "$1.02", "2006": "$1.00", "2005": "$0.87"}, "Xilinx Quarterly EPS": {"2020-12-31": "$0.69", "2020-09-30": "$0.79", "2020-06-30": "$0.38", "2020-03-31": "$0.64", "2019-12-31": "$0.64", "2019-09-30": "$0.89", "2019-06-30": "$0.94", "2019-03-31": "$0.96", "2018-12-31": "$0.93", "2018-09-30": "$0.84", "2018-06-30": "$0.74", "2018-03-31": "$0.59", "2017-12-31": "$-0.05", "2017-09-30": "$0.67", "2017-06-30": "$0.59", "2017-03-31": "$0.60", "2016-12-31": "$0.52", "2016-09-30": "$0.61", "2016-06-30": "$0.61", "2016-03-31": "$0.53", "2015-12-31": "$0.49", "2015-09-30": "$0.48", "2015-06-30": "$0.55", "2015-03-31": "$0.49", "2014-12-31": "$0.62", "2014-09-30": "$0.62", "2014-06-30": "$0.62", "2014-03-31": "$0.53", "2013-12-31": "$0.61", "2013-09-30": "$0.49", "2013-06-30": "$0.56", "2013-03-31": "$0.48", "2012-12-31": "$0.38", "2012-09-30": "$0.46", "2012-06-30": "$0.47", "2012-03-31": "$0.45", "2011-12-31": "$0.47", "2011-09-30": "$0.47", "2011-06-30": "$0.56", "2011-03-31": "$0.58", "2010-12-31": "$0.58", "2010-09-30": "$0.65", "2010-06-30": "$0.58", "2010-03-31": "$0.54", "2009-12-31": "$0.38", "2009-09-30": "$0.23", "2009-06-30": "$0.14", "2009-03-31": "$0.28", "2008-12-31": "$0.44", "2008-09-30": "$0.29", "2008-06-30": "$0.30", "2008-03-31": "$0.31", "2007-12-31": "$0.35", "2007-09-30": "$0.30", "2007-06-30": "$0.28", "2007-03-31": "$0.25", "2006-12-31": "$0.26", "2006-09-30": "$0.27", "2006-06-30": "$0.24", "2006-03-31": "$0.32", "2005-12-31": "$0.23", "2005-09-30": "$0.24", "2005-06-30": "$0.21", "2005-03-31": "$0.19"}}, "shares-outstanding": {"Xilinx Annual Shares Outstanding (Millions of Shares)": {"2020": "255", "2019": "256", "2018": "258", "2017": "269", "2016": "269", "2015": "276", "2014": "287", "2013": "273", "2012": "272", "2011": "268", "2010": "277", "2009": "277", "2008": "299", "2007": "344", "2006": "355", "2005": "358"}, "Xilinx Quarterly Shares Outstanding (Millions of Shares)": {"2020-12-31": "248", "2020-09-30": "247", "2020-06-30": "246", "2020-03-31": "255", "2019-12-31": "253", "2019-09-30": "255", "2019-06-30": "258", "2019-03-31": "256", "2018-12-31": "256", "2018-09-30": "256", "2018-06-30": "256", "2018-03-31": "258", "2017-12-31": "254", "2017-09-30": "258", "2017-06-30": "266", "2017-03-31": "269", "2016-12-31": "271", "2016-09-30": "270", "2016-06-30": "266", "2016-03-31": "269", "2015-12-31": "270", "2015-09-30": "266", "2015-06-30": "271", "2015-03-31": "276", "2014-12-31": "274", "2014-09-30": "276", "2014-06-30": "282", "2014-03-31": "287", "2013-12-31": "288", "2013-09-30": "291", "2013-06-30": "280", "2013-03-31": "273", "2012-12-31": "271", "2012-09-30": "270", "2012-06-30": "274", "2012-03-31": "272", "2011-12-31": "268", "2011-09-30": "268", "2011-06-30": "276", "2011-03-31": "268", "2010-12-31": "264", "2010-09-30": "263", "2010-06-30": "276", "2010-03-31": "277", "2009-12-31": "279", "2009-09-30": "277", "2009-06-30": "276", "2009-03-31": "277", "2008-12-31": "274", "2008-09-30": "278", "2008-06-30": "281", "2008-03-31": "299", "2007-12-31": "293", "2007-09-30": "302", "2007-06-30": "303", "2007-03-31": "344", "2006-12-31": "340", "2006-09-30": "343", "2006-06-30": "349", "2006-03-31": "355", "2005-12-31": "353", "2005-09-30": "356", "2005-06-30": "358", "2005-03-31": "358"}}, "total-assets": {"Xilinx Annual Total Assets (Millions of US $)": {"2020": "$4,693", "2019": "$5,151", "2018": "$5,061", "2017": "$4,741", "2016": "$4,819", "2015": "$4,898", "2014": "$5,037", "2013": "$4,729", "2012": "$4,464", "2011": "$4,141", "2010": "$3,184", "2009": "$2,812", "2008": "$3,137", "2007": "$3,179", "2006": "$3,174", "2005": "$3,039"}, "Xilinx Quarterly Total Assets (Millions of US $)": {"2020-12-31": "$5,749", "2020-09-30": "$5,576", "2020-06-30": "$5,445", "2020-03-31": "$4,693", "2019-12-31": "$4,951", "2019-09-30": "$5,020", "2019-06-30": "$4,968", "2019-03-31": "$5,151", "2018-12-31": "$5,355", "2018-09-30": "$5,148", "2018-06-30": "$5,055", "2018-03-31": "$5,061", "2017-12-31": "$5,120", "2017-09-30": "$5,031", "2017-06-30": "$5,087", "2017-03-31": "$4,741", "2016-12-31": "$4,836", "2016-09-30": "$4,946", "2016-06-30": "$4,926", "2016-03-31": "$4,819", "2015-12-31": "$4,898", "2015-09-30": "$4,890", "2015-06-30": "$4,916", "2015-03-31": "$4,898", "2014-12-31": "$4,915", "2014-09-30": "$5,017", "2014-06-30": "$5,054", "2014-03-31": "$5,037", "2013-12-31": "$5,002", "2013-09-30": "$5,000", "2013-06-30": "$4,761", "2013-03-31": "$4,729", "2012-12-31": "$4,613", "2012-09-30": "$4,549", "2012-06-30": "$4,493", "2012-03-31": "$4,464", "2011-12-31": "$4,345", "2011-09-30": "$4,268", "2011-06-30": "$4,331", "2011-03-31": "$4,141", "2010-12-31": "$3,858", "2010-09-30": "$3,716", "2010-06-30": "$3,473", "2010-03-31": "$3,184", "2009-12-31": "$3,122", "2009-09-30": "$2,961", "2009-06-30": "$2,845", "2009-03-31": "$2,812", "2008-12-31": "$2,881", "2008-09-30": "$3,049", "2008-06-30": "$3,091", "2008-03-31": "$3,137", "2007-12-31": "$3,213", "2007-09-30": "$3,268", "2007-06-30": "$3,307", "2007-03-31": "$3,179", "2006-12-31": "$3,099", "2006-09-30": "$3,134", "2006-06-30": "$3,130", "2006-03-31": "$3,174", "2005-12-31": "$3,112", "2005-09-30": "$3,170", "2005-06-30": "$3,095", "2005-03-31": "$3,039"}}, "cash-on-hand": {"Xilinx Annual Cash on Hand (Millions of US $)": {"2020": "$2,267", "2019": "$3,176", "2018": "$3,448", "2017": "$3,321", "2016": "$3,338", "2015": "$3,303", "2014": "$2,457", "2013": "$1,715", "2012": "$1,918", "2011": "$1,926", "2010": "$1,387", "2009": "$1,325", "2008": "$1,296", "2007": "$1,138", "2006": "$1,022", "2005": "$862"}, "Xilinx Quarterly Cash on Hand (Millions of US $)": {"2020-12-31": "$3,324", "2020-09-30": "$3,096", "2020-06-30": "$2,999", "2020-03-31": "$2,267", "2019-12-31": "$2,425", "2019-09-30": "$2,516", "2019-06-30": "$2,883", "2019-03-31": "$3,176", "2018-12-31": "$3,470", "2018-09-30": "$3,281", "2018-06-30": "$3,364", "2018-03-31": "$3,448", "2017-12-31": "$3,542", "2017-09-30": "$3,560", "2017-06-30": "$3,648", "2017-03-31": "$3,321", "2016-12-31": "$3,254", "2016-09-30": "$3,490", "2016-06-30": "$3,518", "2016-03-31": "$3,338", "2015-12-31": "$3,397", "2015-09-30": "$3,296", "2015-06-30": "$3,332", "2015-03-31": "$3,303", "2014-12-31": "$2,921", "2014-09-30": "$2,596", "2014-06-30": "$2,485", "2014-03-31": "$2,457", "2013-12-31": "$2,457", "2013-09-30": "$2,264", "2013-06-30": "$1,842", "2013-03-31": "$1,715", "2012-12-31": "$1,687", "2012-09-30": "$1,706", "2012-06-30": "$1,743", "2012-03-31": "$1,918", "2011-12-31": "$1,761", "2011-09-30": "$1,808", "2011-06-30": "$1,973", "2011-03-31": "$1,926", "2010-12-31": "$1,765", "2010-09-30": "$1,407", "2010-06-30": "$1,544", "2010-03-31": "$1,387", "2009-12-31": "$1,490", "2009-09-30": "$1,518", "2009-06-30": "$1,425", "2009-03-31": "$1,325", "2008-12-31": "$1,290", "2008-09-30": "$1,301", "2008-06-30": "$1,239", "2008-03-31": "$1,296", "2007-12-31": "$1,366", "2007-09-30": "$1,221", "2007-06-30": "$1,202", "2007-03-31": "$1,138", "2006-12-31": "$1,158", "2006-09-30": "$1,239", "2006-06-30": "$1,069", "2006-03-31": "$1,022", "2005-12-31": "$921", "2005-09-30": "$912", "2005-06-30": "$1,050", "2005-03-31": "$862"}}, "long-term-debt": {"Xilinx Annual Long Term Debt (Millions of US $)": {"2020": "$747", "2019": "$1,235", "2018": "$1,214", "2017": "$995", "2016": "$994", "2015": "$995", "2014": "$994", "2013": "$923", "2012": "$907", "2011": "$891", "2010": "$355", "2009": "$352", "2008": "$1,000", "2007": "$1,000", "2006": "$", "2005": "$"}, "Xilinx Quarterly Long Term Debt (Millions of US $)": {"2020-12-31": "$1,492", "2020-09-30": "$1,492", "2020-06-30": "$1,492", "2020-03-31": "$747", "2019-12-31": "$1,246", "2019-09-30": "$1,246", "2019-06-30": "$1,245", "2019-03-31": "$1,235", "2018-12-31": "$1,221", "2018-09-30": "$1,202", "2018-06-30": "$1,207", "2018-03-31": "$1,214", "2017-12-31": "$1,730", "2017-09-30": "$1,739", "2017-06-30": "$1,737", "2017-03-31": "$995", "2016-12-31": "$995", "2016-09-30": "$994", "2016-06-30": "$994", "2016-03-31": "$994", "2015-12-31": "$996", "2015-09-30": "$995", "2015-06-30": "$995", "2015-03-31": "$995", "2014-12-31": "$995", "2014-09-30": "$994", "2014-06-30": "$994", "2014-03-31": "$994", "2013-12-31": "", "2013-09-30": "", "2013-06-30": "", "2013-03-31": "$923", "2012-12-31": "$919", "2012-09-30": "$915", "2012-06-30": "$911", "2012-03-31": "$907", "2011-12-31": "$903", "2011-09-30": "$900", "2011-06-30": "$894", "2011-03-31": "$891", "2010-12-31": "$887", "2010-09-30": "$884", "2010-06-30": "$850", "2010-03-31": "$355", "2009-12-31": "$354", "2009-09-30": "$353", "2009-06-30": "$352", "2009-03-31": "$352", "2008-12-31": "$760", "2008-09-30": "$1,000", "2008-06-30": "$1,000", "2008-03-31": "$1,000", "2007-12-31": "$1,000", "2007-09-30": "$999", "2007-06-30": "$999", "2007-03-31": "$1,000", "2006-12-31": "", "2006-09-30": "", "2006-06-30": "", "2006-03-31": "", "2005-12-31": "", "2005-09-30": "", "2005-06-30": "", "2005-03-31": ""}}, "total-liabilities": {"Xilinx Annual Total Liabilities (Millions of US $)": {"2020": "$2,378", "2019": "$2,290", "2018": "$2,700", "2017": "$2,233", "2016": "$2,229", "2015": "$2,286", "2014": "$2,285", "2013": "$1,766", "2012": "$1,756", "2011": "$1,726", "2010": "$1,064", "2009": "$863", "2008": "$1,465", "2007": "$1,407", "2006": "$445", "2005": "$366"}, "Xilinx Quarterly Total Liabilities (Millions of US $)": {"2020-12-31": "$3,150", "2020-09-30": "$3,123", "2020-06-30": "$3,125", "2020-03-31": "$2,378", "2019-12-31": "$2,310", "2019-09-30": "$2,324", "2019-06-30": "$2,355", "2019-03-31": "$2,290", "2018-12-31": "$2,718", "2018-09-30": "$2,703", "2018-06-30": "$2,737", "2018-03-31": "$2,700", "2017-12-31": "$2,755", "2017-09-30": "$2,545", "2017-06-30": "$2,549", "2017-03-31": "$2,233", "2016-12-31": "$2,357", "2016-09-30": "$2,321", "2016-06-30": "$2,337", "2016-03-31": "$2,229", "2015-12-31": "$2,308", "2015-09-30": "$2,287", "2015-06-30": "$2,289", "2015-03-31": "$2,286", "2014-12-31": "$2,242", "2014-09-30": "$2,303", "2014-06-30": "$2,257", "2014-03-31": "$2,285", "2013-12-31": "$2,080", "2013-09-30": "$2,128", "2013-06-30": "$2,034", "2013-03-31": "$1,766", "2012-12-31": "$1,797", "2012-09-30": "$1,797", "2012-06-30": "$1,789", "2012-03-31": "$1,756", "2011-12-31": "$1,784", "2011-09-30": "$1,775", "2011-06-30": "$1,831", "2011-03-31": "$1,726", "2010-12-31": "$1,685", "2010-09-30": "$1,689", "2010-06-30": "$1,606", "2010-03-31": "$1,064", "2009-12-31": "$1,088", "2009-09-30": "$995", "2009-06-30": "$933", "2009-03-31": "$863", "2008-12-31": "$1,213", "2008-09-30": "$1,489", "2008-06-30": "$1,481", "2008-03-31": "$1,465", "2007-12-31": "$1,478", "2007-09-30": "$1,426", "2007-06-30": "$1,412", "2007-03-31": "$1,407", "2006-12-31": "$431", "2006-09-30": "$436", "2006-06-30": "$415", "2006-03-31": "$445", "2005-12-31": "$420", "2005-09-30": "$402", "2005-06-30": "$385", "2005-03-31": "$366"}}, "total-share-holder-equity": {"Xilinx Annual Share Holder Equity (Millions of US $)": {"2020": "$2,315", "2019": "$2,862", "2018": "$2,360", "2017": "$2,508", "2016": "$2,590", "2015": "$2,612", "2014": "$2,753", "2013": "$2,963", "2012": "$2,708", "2011": "$2,415", "2010": "$2,120", "2009": "$1,949", "2008": "$1,672", "2007": "$1,773", "2006": "$2,729", "2005": "$2,674"}, "Xilinx Quarterly Share Holder Equity (Millions of US $)": {"2020-12-31": "$2,599", "2020-09-30": "$2,453", "2020-06-30": "$2,320", "2020-03-31": "$2,315", "2019-12-31": "$2,641", "2019-09-30": "$2,696", "2019-06-30": "$2,613", "2019-03-31": "$2,862", "2018-12-31": "$2,637", "2018-09-30": "$2,445", "2018-06-30": "$2,319", "2018-03-31": "$2,360", "2017-12-31": "$2,365", "2017-09-30": "$2,486", "2017-06-30": "$2,538", "2017-03-31": "$2,508", "2016-12-31": "$2,480", "2016-09-30": "$2,625", "2016-06-30": "$2,590", "2016-03-31": "$2,590", "2015-12-31": "$2,590", "2015-09-30": "$2,603", "2015-06-30": "$2,627", "2015-03-31": "$2,612", "2014-12-31": "$2,673", "2014-09-30": "$2,714", "2014-06-30": "$2,797", "2014-03-31": "$2,753", "2013-12-31": "$2,922", "2013-09-30": "$2,872", "2013-06-30": "$2,727", "2013-03-31": "$2,963", "2012-12-31": "$2,816", "2012-09-30": "$2,752", "2012-06-30": "$2,704", "2012-03-31": "$2,708", "2011-12-31": "$2,561", "2011-09-30": "$2,492", "2011-06-30": "$2,500", "2011-03-31": "$2,415", "2010-12-31": "$2,174", "2010-09-30": "$2,027", "2010-06-30": "$1,867", "2010-03-31": "$2,120", "2009-12-31": "$2,034", "2009-09-30": "$1,966", "2009-06-30": "$1,912", "2009-03-31": "$1,949", "2008-12-31": "$1,668", "2008-09-30": "$1,560", "2008-06-30": "$1,610", "2008-03-31": "$1,672", "2007-12-31": "$1,735", "2007-09-30": "$1,842", "2007-06-30": "$1,896", "2007-03-31": "$1,773", "2006-12-31": "$2,668", "2006-09-30": "$2,698", "2006-06-30": "$2,715", "2006-03-31": "$2,729", "2005-12-31": "$2,692", "2005-09-30": "$2,768", "2005-06-30": "$2,711", "2005-03-31": "$2,674"}}, "profit-margins": {"current": "20.34%"}, "gross margin": {"2020-12-31": "69.15%", "2020-09-30": "68.85%", "2020-06-30": "67.29%", "2020-03-31": "66.86%", "2019-12-31": "66.33%", "2019-09-30": "66.87%", "2019-06-30": "67.90%", "2019-03-31": "68.77%", "2018-12-31": "69.49%", "2018-09-30": "69.82%", "2018-06-30": "70.21%", "2018-03-31": "69.88%", "2017-12-31": "69.75%", "2017-09-30": "69.54%", "2017-06-30": "69.31%", "2017-03-31": "69.92%", "2016-12-31": "69.75%", "2016-09-30": "69.53%", "2016-06-30": "69.64%", "2016-03-31": "69.65%", "2015-12-31": "69.86%", "2015-09-30": "70.15%", "2015-06-30": "70.66%", "2015-03-31": "70.19%", "2014-12-31": "69.58%", "2014-09-30": "69.45%", "2014-06-30": "68.80%", "2014-03-31": "68.78%", "2013-12-31": "68.48%", "2013-09-30": "67.84%", "2013-06-30": "66.79%", "2013-03-31": "65.98%", "2012-12-31": "66.03%", "2012-09-30": "65.86%", "2012-06-30": "65.49%", "2012-03-31": "64.91%", "2011-12-31": "64.65%", "2011-09-30": "64.69%", "2011-06-30": "65.06%", "2011-03-31": "65.40%", "2010-12-31": "65.34%", "2010-09-30": "64.95%", "2010-06-30": "64.18%", "2010-03-31": "63.39%", "2009-12-31": "62.57%", "2009-09-30": "62.47%", "2009-06-30": "62.81%", "2009-03-31": "63.34%", "2008-12-31": "63.64%", "2008-09-30": "63.44%", "2008-06-30": "63.11%", "2008-03-31": "62.65%", "2007-12-31": "62.30%", "2007-09-30": "61.62%", "2007-06-30": "61.54%", "2007-03-31": "61.02%", "2006-12-31": "61.09%", "2006-09-30": "61.66%", "2006-06-30": "61.65%", "2006-03-31": "61.94%", "2005-12-31": "61.64%"}, "operating margin": {"2020-12-31": "23.94%", "2020-09-30": "24.15%", "2020-06-30": "23.59%", "2020-03-31": "25.05%", "2019-12-31": "26.72%", "2019-09-30": "29.08%", "2019-06-30": "30.77%", "2019-03-31": "31.29%", "2018-12-31": "30.33%", "2018-09-30": "28.98%", "2018-06-30": "28.73%", "2018-03-31": "27.77%", "2017-12-31": "28.70%", "2017-09-30": "28.94%", "2017-06-30": "28.89%", "2017-03-31": "29.95%", "2016-12-31": "30.46%", "2016-09-30": "30.60%", "2016-06-30": "30.22%", "2016-03-31": "30.22%", "2015-12-31": "29.41%", "2015-09-30": "30.38%", "2015-06-30": "31.42%", "2015-03-31": "31.79%", "2014-12-31": "32.40%", "2014-09-30": "33.03%", "2014-06-30": "31.61%", "2014-03-31": "31.47%", "2013-12-31": "30.78%", "2013-09-30": "28.15%", "2013-06-30": "28.13%", "2013-03-31": "26.79%", "2012-12-31": "26.50%", "2012-09-30": "27.22%", "2012-06-30": "27.40%", "2012-03-31": "28.04%", "2011-12-31": "29.13%", "2011-09-30": "30.45%", "2011-06-30": "32.47%", "2011-03-31": "33.59%", "2010-12-31": "33.36%", "2010-09-30": "32.08%", "2010-06-30": "28.41%", "2010-03-31": "23.57%", "2009-12-31": "20.84%", "2009-09-30": "20.50%", "2009-06-30": "22.18%", "2009-03-31": "23.56%", "2008-12-31": "24.61%", "2008-09-30": "24.13%", "2008-06-30": "22.98%", "2008-03-31": "22.96%", "2007-12-31": "21.28%", "2007-09-30": "19.72%", "2007-06-30": "19.42%", "2007-03-31": "18.84%", "2006-12-31": "20.68%", "2006-09-30": "22.73%", "2006-06-30": "22.97%", "2006-03-31": "23.81%", "2005-12-31": "22.80%"}, "ebitda margin": {"2020-12-31": "30.23%", "2020-09-30": "30.41%", "2020-06-30": "29.22%", "2020-03-31": "30.04%", "2019-12-31": "31.01%", "2019-09-30": "32.80%", "2019-06-30": "34.37%", "2019-03-31": "34.73%", "2018-12-31": "34.59%", "2018-09-30": "33.22%", "2018-06-30": "32.85%", "2018-03-31": "31.82%", "2017-12-31": "31.52%", "2017-09-30": "31.85%", "2017-06-30": "31.95%", "2017-03-31": "33.14%", "2016-12-31": "33.75%", "2016-09-30": "34.00%", "2016-06-30": "33.79%", "2016-03-31": "33.92%", "2015-12-31": "33.17%", "2015-09-30": "34.14%", "2015-06-30": "35.13%", "2015-03-31": "35.41%", "2014-12-31": "36.02%", "2014-09-30": "36.66%", "2014-06-30": "35.29%", "2014-03-31": "35.29%", "2013-12-31": "34.70%", "2013-09-30": "32.21%", "2013-06-30": "32.24%", "2013-03-31": "30.84%", "2012-12-31": "30.51%", "2012-09-30": "31.22%", "2012-06-30": "31.34%", "2012-03-31": "31.92%", "2011-12-31": "32.88%", "2011-09-30": "33.94%", "2011-06-30": "35.77%", "2011-03-31": "36.67%", "2010-12-31": "36.39%", "2010-09-30": "35.14%", "2010-06-30": "31.63%", "2010-03-31": "27.39%", "2009-12-31": "25.01%", "2009-09-30": "24.88%", "2009-06-30": "26.50%", "2009-03-31": "27.67%", "2008-12-31": "28.80%", "2008-09-30": "28.29%", "2008-06-30": "27.28%", "2008-03-31": "27.20%", "2007-12-31": "25.59%", "2007-09-30": "24.03%", "2007-06-30": "23.57%", "2007-03-31": "22.86%", "2006-12-31": "24.43%", "2006-09-30": "26.47%", "2006-06-30": "26.86%", "2006-03-31": "27.93%", "2005-12-31": "26.93%"}, "pre tax profit margin": {"2020-12-31": "23.71%", "2020-09-30": "24.02%", "2020-06-30": "24.19%", "2020-03-31": "26.41%", "2019-12-31": "27.98%", "2019-09-30": "30.08%", "2019-06-30": "31.61%", "2019-03-31": "31.69%", "2018-12-31": "30.30%", "2018-09-30": "29.21%", "2018-06-30": "28.81%", "2018-03-31": "28.05%", "2017-12-31": "29.03%", "2017-09-30": "29.02%", "2017-06-30": "28.85%", "2017-03-31": "29.66%", "2016-12-31": "29.90%", "2016-09-30": "29.81%", "2016-06-30": "29.06%", "2016-03-31": "28.77%", "2015-12-31": "28.33%", "2015-09-30": "29.36%", "2015-06-30": "30.55%", "2015-03-31": "31.08%", "2014-12-31": "31.12%", "2014-09-30": "31.71%", "2014-06-30": "30.08%", "2014-03-31": "29.79%", "2013-12-31": "29.26%", "2013-09-30": "26.58%", "2013-06-30": "26.56%", "2013-03-31": "25.22%", "2012-12-31": "25.00%", "2012-09-30": "25.63%", "2012-06-30": "25.86%", "2012-03-31": "26.61%", "2011-12-31": "27.55%", "2011-09-30": "29.03%", "2011-06-30": "31.30%", "2011-03-31": "32.53%", "2010-12-31": "33.06%", "2010-09-30": "31.77%", "2010-06-30": "28.17%", "2010-03-31": "22.97%", "2009-12-31": "20.66%", "2009-09-30": "22.81%", "2009-06-30": "23.23%", "2009-03-31": "25.15%", "2008-12-31": "25.29%", "2008-09-30": "23.66%", "2008-06-30": "24.73%", "2008-03-31": "25.52%", "2007-12-31": "25.21%", "2007-09-30": "24.03%", "2007-06-30": "24.02%", "2007-03-31": "23.34%", "2006-12-31": "24.43%", "2006-09-30": "25.94%", "2006-06-30": "25.75%", "2006-03-31": "26.48%", "2005-12-31": "25.65%"}, "net profit margin": {"2020-12-31": "20.34%", "2020-09-30": "20.59%", "2020-06-30": "21.22%", "2020-03-31": "25.05%", "2019-12-31": "27.06%", "2019-09-30": "28.75%", "2019-06-30": "29.19%", "2019-03-31": "29.10%", "2018-12-31": "27.55%", "2018-09-30": "20.21%", "2018-06-30": "19.51%", "2018-03-31": "18.81%", "2017-12-31": "19.54%", "2017-09-30": "25.98%", "2017-06-30": "26.08%", "2017-03-31": "26.64%", "2016-12-31": "26.57%", "2016-09-30": "26.32%", "2016-06-30": "25.27%", "2016-03-31": "24.89%", "2015-12-31": "24.48%", "2015-09-30": "25.83%", "2015-06-30": "26.92%", "2015-03-31": "27.29%", "2014-12-31": "27.58%", "2014-09-30": "27.99%", "2014-06-30": "26.77%", "2014-03-31": "26.44%", "2013-12-31": "26.34%", "2013-09-30": "24.01%", "2013-06-30": "23.79%", "2013-03-31": "22.50%", "2012-12-31": "21.81%", "2012-09-30": "22.85%", "2012-06-30": "22.87%", "2012-03-31": "23.62%", "2011-12-31": "24.99%", "2011-09-30": "25.46%", "2011-06-30": "26.65%", "2011-03-31": "27.09%", "2010-12-31": "27.30%", "2010-09-30": "25.96%", "2010-06-30": "23.34%", "2010-03-31": "19.53%", "2009-12-31": "16.89%", "2009-09-30": "18.19%", "2009-06-30": "18.45%", "2009-03-31": "19.78%", "2008-12-31": "19.67%", "2008-09-30": "18.72%", "2008-06-30": "19.59%", "2008-03-31": "20.09%", "2007-12-31": "20.23%", "2007-09-30": "19.61%", "2007-06-30": "19.54%", "2007-03-31": "19.06%", "2006-12-31": "19.99%", "2006-09-30": "19.63%", "2006-06-30": "19.98%", "2006-03-31": "20.57%", "2005-12-31": "18.91%"}, "pe ratio": {"current": "46.49", "2021-02-11": "79.23", "2020-12-31": "77.90", "2020-09-30": "42.25", "2020-06-30": "38.19", "2020-03-31": "24.71", "2019-12-31": "28.15", "2019-09-30": "25.36", "2019-06-30": "31.50", "2019-03-31": "35.71", "2018-12-31": "26.26", "2018-09-30": "34.16", "2018-06-30": "30.20", "2018-03-31": "35.12", "2017-12-31": "33.81", "2017-09-30": "28.34", "2017-06-30": "26.03", "2017-03-31": "23.51", "2016-12-31": "24.69", "2016-09-30": "22.38", "2016-06-30": "20.03", "2016-03-31": "21.04", "2015-12-31": "21.11", "2015-09-30": "17.77", "2015-06-30": "17.26", "2015-03-31": "15.93", "2014-12-31": "15.98", "2014-09-30": "15.60", "2014-06-30": "18.30", "2014-03-31": "21.44", "2013-12-31": "18.55", "2013-09-30": "21.10", "2013-06-30": "18.03", "2013-03-31": "18.13", "2012-12-31": "16.74", "2012-09-30": "14.76", "2012-06-30": "14.65", "2012-03-31": "15.10", "2011-12-31": "12.57", "2011-09-30": "10.16", "2011-06-30": "12.41", "2011-03-31": "11.01", "2010-12-31": "9.88", "2010-09-30": "9.87", "2010-06-30": "11.57", "2010-03-31": "15.56", "2009-12-31": "19.40", "2009-09-30": "15.95", "2009-06-30": "13.15", "2009-03-31": "10.79", "2008-12-31": "9.40", "2008-09-30": "13.80", "2008-06-30": "14.66", "2008-03-31": "13.93", "2007-12-31": "13.50", "2007-09-30": "17.36", "2007-06-30": "18.18", "2007-03-31": "18.08", "2006-12-31": "15.90"}, "price sales": {"2021-02-11": "11.75", "2020-12-31": "11.55", "2020-09-30": "8.74", "2020-06-30": "8.11", "2020-03-31": "6.22", "2019-12-31": "7.61", "2019-09-30": "7.29", "2019-06-30": "9.17", "2019-03-31": "10.34", "2018-12-31": "7.39", "2018-09-30": "7.44", "2018-06-30": "6.32", "2018-03-31": "7.26", "2017-12-31": "6.87", "2017-09-30": "7.34", "2017-06-30": "6.84", "2017-03-31": "6.20", "2016-12-31": "6.55", "2016-09-30": "5.90", "2016-06-30": "5.07", "2016-03-31": "5.26", "2015-12-31": "5.22", "2015-09-30": "4.64", "2015-06-30": "4.68", "2015-03-31": "4.38", "2014-12-31": "4.40", "2014-09-30": "4.34", "2014-06-30": "4.89", "2014-03-31": "5.65", "2013-12-31": "4.87", "2013-09-30": "5.04", "2013-06-30": "4.26", "2013-03-31": "4.05", "2012-12-31": "3.73", "2012-09-30": "3.44", "2012-06-30": "3.41", "2012-03-31": "3.64", "2011-12-31": "3.13", "2011-09-30": "2.59", "2011-06-30": "3.31", "2011-03-31": "2.98", "2010-12-31": "2.71", "2010-09-30": "2.57", "2010-06-30": "2.70", "2010-03-31": "3.04", "2009-12-31": "3.20", "2009-09-30": "3.05", "2009-06-30": "2.54", "2009-03-31": "2.23", "2008-12-31": "2.01", "2008-09-30": "2.64", "2008-06-30": "2.94", "2008-03-31": "2.87", "2007-12-31": "2.77", "2007-09-30": "3.47", "2007-06-30": "3.60", "2007-03-31": "3.51", "2006-12-31": "3.21"}, "price book": {"current": "13.29", "2021-02-11": "13.61", "2020-12-31": "13.38", "2020-09-30": "10.38", "2020-06-30": "10.30", "2020-03-31": "8.12", "2019-12-31": "9.07", "2019-09-30": "8.78", "2019-06-30": "11.08", "2019-03-31": "10.96", "2018-12-31": "7.94", "2018-09-30": "8.03", "2018-06-30": "6.85", "2018-03-31": "7.43", "2017-12-31": "6.92", "2017-09-30": "6.78", "2017-06-30": "5.94", "2017-03-31": "5.37", "2016-12-31": "5.65", "2016-09-30": "4.84", "2016-06-30": "4.16", "2016-03-31": "4.25", "2015-12-31": "4.21", "2015-09-30": "3.77", "2015-06-30": "3.89", "2015-03-31": "3.72", "2014-12-31": "3.74", "2014-09-30": "3.62", "2014-06-30": "3.95", "2014-03-31": "4.58", "2013-12-31": "3.61", "2013-09-30": "3.74", "2013-06-30": "3.29", "2013-03-31": "2.87", "2012-12-31": "2.80", "2012-09-30": "2.65", "2012-06-30": "2.70", "2012-03-31": "2.93", "2011-12-31": "2.69", "2011-09-30": "2.35", "2011-06-30": "3.13", "2011-03-31": "2.89", "2010-12-31": "2.79", "2010-09-30": "2.71", "2010-06-30": "2.77", "2010-03-31": "2.59", "2009-12-31": "2.67", "2009-09-30": "2.56", "2009-06-30": "2.28", "2009-03-31": "2.07", "2008-12-31": "2.22", "2008-09-30": "3.10", "2008-06-30": "3.25", "2008-03-31": "2.97", "2007-12-31": "2.67", "2007-09-30": "3.08", "2007-06-30": "3.09", "2007-03-31": "3.14", "2006-12-31": "2.16", "2006-09-30": "1.98", "2006-06-30": "2.05", "2006-03-31": "2.30"}, "price fcf": {"2021-02-11": "", "2020-12-31": "$4.49", "2020-09-30": "$4.24", "2020-06-30": "$4.06", "2020-03-31": "$4.16", "2019-12-31": "$3.97", "2019-09-30": "$3.95", "2019-06-30": "$4.37", "2019-03-31": "$3.91", "2018-12-31": "$3.72", "2018-09-30": "$3.31", "2018-06-30": "$2.89", "2018-03-31": "$2.99", "2017-12-31": "$3.24", "2017-09-30": "$2.83", "2017-06-30": "$2.69", "2017-03-31": "$3.21", "2016-12-31": "$2.55", "2016-09-30": "$3.28", "2016-06-30": "$3.18", "2016-03-31": "$2.65", "2015-12-31": "$2.86", "2015-09-30": "$2.86", "2015-06-30": "$3.06", "2015-03-31": "$2.83", "2014-12-31": "$2.81", "2014-09-30": "$2.49", "2014-06-30": "$2.60", "2014-03-31": "$2.64", "2013-12-31": "$2.63", "2013-09-30": "$2.33", "2013-06-30": "$2.21", "2013-03-31": "$2.30", "2012-12-31": "$2.35", "2012-09-30": "$2.54", "2012-06-30": "$2.53", "2012-03-31": "$2.78", "2011-12-31": "$2.94", "2011-09-30": "$3.54", "2011-06-30": "$2.96", "2011-03-31": "$2.46", "2010-12-31": "$1.98", "2010-09-30": "$1.41", "2010-06-30": "$1.70", "2010-03-31": "$1.90", "2009-12-31": "$1.74", "2009-09-30": "$1.55", "2009-06-30": "$1.44", "2009-03-31": "$1.46", "2008-12-31": "$1.56", "2008-09-30": "$1.82", "2008-06-30": "$1.96", "2008-03-31": "$1.79", "2007-12-31": "$1.61", "2007-09-30": "$1.37", "2007-06-30": "$1.25", "2007-03-31": "$1.28", "2006-12-31": "$2.36"}, "net worth": {"value": "$34.55B"}, "current ratio": {"current": "3.56", "2020-12-31": "3.56", "2020-09-30": "3.50", "2020-06-30": "3.50", "2020-03-31": "2.68", "2019-12-31": "6.06", "2019-09-30": "6.44", "2019-06-30": "7.22", "2019-03-31": "8.19", "2018-12-31": "4.38", "2018-09-30": "4.26", "2018-06-30": "4.38", "2018-03-31": "4.56", "2017-12-31": "9.08", "2017-09-30": "9.86", "2017-06-30": "9.61", "2017-03-31": "4.33", "2016-12-31": "3.88", "2016-09-30": "4.03", "2016-06-30": "3.83", "2016-03-31": "4.15", "2015-12-31": "4.30", "2015-09-30": "4.19", "2015-06-30": "4.16", "2015-03-31": "4.09", "2014-12-31": "3.85", "2014-09-30": "3.40", "2014-06-30": "3.39", "2014-03-31": "3.10", "2013-12-31": "2.06", "2013-09-30": "1.89", "2013-06-30": "1.68", "2013-03-31": "5.94", "2012-12-31": "6.75", "2012-09-30": "6.57", "2012-06-30": "6.39", "2012-03-31": "7.15", "2011-12-31": "6.15", "2011-09-30": "6.57", "2011-06-30": "6.04", "2011-03-31": "7.12", "2010-12-31": "6.75", "2010-09-30": "6.00", "2010-06-30": "5.96", "2010-03-31": "5.34", "2009-12-31": "5.41", "2009-09-30": "6.65", "2009-06-30": "7.47", "2009-03-31": "7.52", "2008-12-31": "6.28", "2008-09-30": "5.71", "2008-06-30": "5.13", "2008-03-31": "5.34", "2007-12-31": "5.60", "2007-09-30": "6.00", "2007-06-30": "6.09", "2007-03-31": "5.60", "2006-12-31": "5.32", "2006-09-30": "5.37", "2006-06-30": "5.42", "2006-03-31": "4.78", "2005-12-31": "3.92", "2005-09-30": "4.45", "2005-06-30": "4.74", "2005-03-31": "4.87"}, "quick ratio": {"2020-12-31": "3.29", "2020-09-30": "3.24", "2020-06-30": "3.22", "2020-03-31": "2.40", "2019-12-31": "5.43", "2019-09-30": "5.78", "2019-06-30": "6.54", "2019-03-31": "7.53", "2018-12-31": "4.08", "2018-09-30": "4.00", "2018-06-30": "4.12", "2018-03-31": "4.30", "2017-12-31": "8.59", "2017-09-30": "9.35", "2017-06-30": "9.12", "2017-03-31": "4.07", "2016-12-31": "3.67", "2016-09-30": "3.83", "2016-06-30": "3.64", "2016-03-31": "3.96", "2015-12-31": "4.09", "2015-09-30": "3.97", "2015-06-30": "3.93", "2015-03-31": "3.85", "2014-12-31": "3.58", "2014-09-30": "3.13", "2014-06-30": "3.12", "2014-03-31": "2.86", "2013-12-31": "1.91", "2013-09-30": "1.77", "2013-06-30": "1.55", "2013-03-31": "5.42", "2012-12-31": "6.07", "2012-09-30": "5.97", "2012-06-30": "5.86", "2012-03-31": "6.55", "2011-12-31": "5.51", "2011-09-30": "5.90", "2011-06-30": "5.46", "2011-03-31": "6.41", "2010-12-31": "6.10", "2010-09-30": "5.56", "2010-06-30": "5.55", "2010-03-31": "4.97", "2009-12-31": "5.06", "2009-09-30": "6.30", "2009-06-30": "7.06", "2009-03-31": "7.01", "2008-12-31": "5.75", "2008-09-30": "5.27", "2008-06-30": "4.72", "2008-03-31": "4.96", "2007-12-31": "5.21", "2007-09-30": "5.56", "2007-06-30": "5.59", "2007-03-31": "5.03", "2006-12-31": "4.74", "2006-09-30": "4.80", "2006-06-30": "4.79", "2006-03-31": "4.20", "2005-12-31": "3.36", "2005-09-30": "3.86", "2005-06-30": "4.19", "2005-03-31": "4.25"}, "debt equity ratio": {"current": "0.57", "2020-12-31": "1.21", "2020-09-30": "1.27", "2020-06-30": "1.35", "2020-03-31": "1.03", "2019-12-31": "0.88", "2019-09-30": "0.86", "2019-06-30": "0.90", "2019-03-31": "0.80", "2018-12-31": "1.03", "2018-09-30": "1.11", "2018-06-30": "1.18", "2018-03-31": "1.14", "2017-12-31": "1.17", "2017-09-30": "1.02", "2017-06-30": "1.00", "2017-03-31": "0.89", "2016-12-31": "0.95", "2016-09-30": "0.88", "2016-06-30": "0.90", "2016-03-31": "0.86", "2015-12-31": "0.89", "2015-09-30": "0.88", "2015-06-30": "0.87", "2015-03-31": "0.88", "2014-12-31": "0.84", "2014-09-30": "0.85", "2014-06-30": "0.81", "2014-03-31": "0.83", "2013-12-31": "0.71", "2013-09-30": "0.74", "2013-06-30": "0.75", "2013-03-31": "0.60", "2012-12-31": "0.64", "2012-09-30": "0.65", "2012-06-30": "0.66", "2012-03-31": "0.65", "2011-12-31": "0.70", "2011-09-30": "0.71", "2011-06-30": "0.73", "2011-03-31": "0.72", "2010-12-31": "0.78", "2010-09-30": "0.83", "2010-06-30": "0.86", "2010-03-31": "0.50", "2009-12-31": "0.54", "2009-09-30": "0.51", "2009-06-30": "0.49", "2009-03-31": "0.44", "2008-12-31": "0.73", "2008-09-30": "0.96", "2008-06-30": "0.92", "2008-03-31": "0.88", "2007-12-31": "0.85", "2007-09-30": "0.77", "2007-06-30": "0.74", "2007-03-31": "0.79", "2006-12-31": "0.16", "2006-09-30": "0.16", "2006-06-30": "0.15", "2006-03-31": "0.16", "2005-12-31": "0.16", "2005-09-30": "0.15", "2005-06-30": "0.14", "2005-03-31": "0.14"}, "return on equity": {"2020-12-31": "25.64%", "2020-09-30": "25.16%", "2020-06-30": "25.87%", "2020-03-31": "30.86%", "2019-12-31": "32.37%", "2019-09-30": "35.23%", "2019-06-30": "35.65%", "2019-03-31": "34.69%", "2018-12-31": "32.37%", "2018-09-30": "22.72%", "2018-06-30": "20.86%", "2018-03-31": "19.04%", "2017-12-31": "19.32%", "2017-09-30": "25.25%", "2017-06-30": "24.51%", "2017-03-31": "24.62%", "2016-12-31": "23.88%", "2016-09-30": "23.20%", "2016-06-30": "21.83%", "2016-03-31": "21.17%", "2015-12-31": "20.74%", "2015-09-30": "21.99%", "2015-06-30": "23.45%", "2015-03-31": "24.05%", "2014-12-31": "24.50%", "2014-09-30": "24.24%", "2014-06-30": "22.81%", "2014-03-31": "22.35%", "2013-12-31": "21.07%", "2013-09-30": "18.74%", "2013-06-30": "18.30%", "2013-03-31": "17.37%", "2012-12-31": "17.45%", "2012-09-30": "18.72%", "2012-06-30": "19.30%", "2012-03-31": "20.62%", "2011-12-31": "22.75%", "2011-09-30": "24.72%", "2011-06-30": "27.95%", "2011-03-31": "30.27%", "2010-12-31": "30.83%", "2010-09-30": "29.13%", "2010-06-30": "23.99%", "2010-03-31": "17.83%", "2009-12-31": "14.60%", "2009-09-30": "15.96%", "2009-06-30": "17.83%", "2009-03-31": "21.28%", "2008-12-31": "23.04%", "2008-09-30": "21.89%", "2008-06-30": "21.52%", "2008-03-31": "20.71%", "2007-12-31": "20.20%", "2007-09-30": "17.12%", "2007-06-30": "15.63%", "2007-03-31": "14.25%", "2006-12-31": "13.84%", "2006-09-30": "13.55%", "2006-06-30": "13.21%", "2006-03-31": "13.03%", "2005-12-31": "11.47%"}, "return on assets": {"2020-12-31": "11.57%", "2020-09-30": "11.85%", "2020-06-30": "12.83%", "2020-03-31": "16.14%", "2019-12-31": "17.42%", "2019-09-30": "18.58%", "2019-06-30": "18.25%", "2019-03-31": "17.19%", "2018-12-31": "15.33%", "2018-09-30": "10.58%", "2018-06-30": "9.81%", "2018-03-31": "9.14%", "2017-12-31": "9.57%", "2017-09-30": "12.84%", "2017-06-30": "12.69%", "2017-03-31": "12.92%", "2016-12-31": "12.58%", "2016-09-30": "12.31%", "2016-06-30": "11.59%", "2016-03-31": "11.29%", "2015-12-31": "11.04%", "2015-09-30": "11.78%", "2015-06-30": "12.62%", "2015-03-31": "13.06%", "2014-12-31": "13.38%", "2014-09-30": "13.49%", "2014-06-30": "12.88%", "2014-03-31": "12.73%", "2013-12-31": "12.42%", "2013-09-30": "11.16%", "2013-06-30": "11.04%", "2013-03-31": "10.62%", "2012-12-31": "10.57%", "2012-09-30": "11.25%", "2012-06-30": "11.50%", "2012-03-31": "12.16%", "2011-12-31": "13.27%", "2011-09-30": "14.27%", "2011-06-30": "15.88%", "2011-03-31": "16.91%", "2010-12-31": "17.74%", "2010-09-30": "17.37%", "2010-06-30": "15.04%", "2010-03-31": "11.82%", "2009-12-31": "9.78%", "2009-09-30": "10.40%", "2009-06-30": "10.91%", "2009-03-31": "12.20%", "2008-12-31": "12.34%", "2008-09-30": "11.53%", "2008-06-30": "11.61%", "2008-03-31": "11.45%", "2007-12-31": "11.29%", "2007-09-30": "10.89%", "2007-06-30": "11.10%", "2007-03-31": "11.19%", "2006-12-31": "11.93%", "2006-09-30": "11.70%", "2006-06-30": "11.44%", "2006-03-31": "11.31%", "2005-12-31": "10.02%"}, "return on investments": {"2020-12-31": "19.61%", "2020-09-30": "19.53%", "2020-06-30": "19.51%", "2020-03-31": "21.48%", "2019-12-31": "21.90%", "2019-09-30": "24.45%", "2019-06-30": "25.67%", "2019-03-31": "25.30%", "2018-12-31": "23.82%", "2018-09-30": "20.83%", "2018-06-30": "18.99%", "2018-03-31": "16.94%", "2017-12-31": "17.44%", "2017-09-30": "18.19%", "2017-06-30": "18.53%", "2017-03-31": "19.91%", "2016-12-31": "19.74%", "2016-09-30": "19.51%", "2016-06-30": "18.87%", "2016-03-31": "18.60%", "2015-12-31": "18.04%", "2015-09-30": "18.77%", "2015-06-30": "19.91%", "2015-03-31": "20.47%", "2014-12-31": "21.11%", "2014-09-30": "28.45%", "2014-06-30": "40.54%", "2014-03-31": "80.06%", "2013-12-31": "72.77%", "2013-09-30": "32.80%", "2013-06-30": "21.58%", "2013-03-31": "15.59%", "2012-12-31": "15.91%", "2012-09-30": "16.66%", "2012-06-30": "17.18%", "2012-03-31": "18.12%", "2011-12-31": "19.50%", "2011-09-30": "21.53%", "2011-06-30": "24.49%", "2011-03-31": "26.54%", "2010-12-31": "27.62%", "2010-09-30": "27.60%", "2010-06-30": "23.56%", "2010-03-31": "18.29%", "2009-12-31": "15.27%", "2009-09-30": "14.47%", "2009-06-30": "15.91%", "2009-03-31": "17.38%", "2008-12-31": "18.27%", "2008-09-30": "17.55%", "2008-06-30": "15.95%", "2008-03-31": "15.18%", "2007-12-31": "13.70%", "2007-09-30": "16.55%", "2007-06-30": "24.78%", "2007-03-31": "50.07%", "2006-12-31": "inf%", "2006-09-30": "inf%", "2006-06-30": "inf%", "2006-03-31": "inf%", "2005-12-31": "inf%"}, "return on tangible equity": {"2020-12-31": "38.49%", "2020-09-30": "37.84%", "2020-06-30": "38.66%", "2020-03-31": "43.24%", "2019-12-31": "42.32%", "2019-09-30": "43.91%", "2019-06-30": "42.60%", "2019-03-31": "40.34%", "2018-12-31": "36.84%", "2018-09-30": "25.18%", "2018-06-30": "22.42%", "2018-03-31": "20.42%", "2017-12-31": "20.70%", "2017-09-30": "27.03%", "2017-06-30": "26.22%", "2017-03-31": "26.33%", "2016-12-31": "25.53%", "2016-09-30": "24.79%", "2016-06-30": "23.32%", "2016-03-31": "22.63%", "2015-12-31": "22.19%", "2015-09-30": "23.54%", "2015-06-30": "25.12%", "2015-03-31": "25.77%", "2014-12-31": "26.27%", "2014-09-30": "25.98%", "2014-06-30": "24.44%", "2014-03-31": "23.97%", "2013-12-31": "22.59%", "2013-09-30": "20.11%", "2013-06-30": "19.67%", "2013-03-31": "18.66%", "2012-12-31": "18.76%", "2012-09-30": "20.15%", "2012-06-30": "20.79%", "2012-03-31": "22.26%", "2011-12-31": "24.55%", "2011-09-30": "26.54%", "2011-06-30": "29.88%", "2011-03-31": "32.23%", "2010-12-31": "32.71%", "2010-09-30": "30.94%", "2010-06-30": "25.49%", "2010-03-31": "18.94%", "2009-12-31": "15.54%", "2009-09-30": "17.04%", "2009-06-30": "19.13%", "2009-03-31": "22.93%", "2008-12-31": "24.94%", "2008-09-30": "23.70%", "2008-06-30": "23.24%", "2008-03-31": "22.32%", "2007-12-31": "21.77%", "2007-09-30": "18.32%", "2007-06-30": "16.64%", "2007-03-31": "15.11%", "2006-12-31": "14.62%", "2006-09-30": "14.30%", "2006-06-30": "13.93%", "2006-03-31": "13.73%", "2005-12-31": "12.08%"}, "dividend yield history": {"last payout": "$1.52", "last yield": "1.08%"}}