{"ticker": "XPO", "price": {"title": "XPO Logistics Historical Annual Stock Price Data", "value": 117.94, "historical": {"2020": {"Average Stock Price": "83.7212", "Year Open": "80.4600", "Year High": "120.8700", "Year Low": "40.6900", "Year Close": "119.2000", "Annual % Change": "49.56%"}, "2019": {"Average Stock Price": "65.3114", "Year Open": "57.6500", "Year High": "85.6700", "Year Low": "46.2000", "Year Close": "79.7000", "Annual % Change": "39.73%"}, "2018": {"Average Stock Price": "96.6944", "Year Open": "92.4900", "Year High": "114.5400", "Year Low": "44.5000", "Year Close": "57.0400", "Annual % Change": "-37.72%"}, "2017": {"Average Stock Price": "59.0070", "Year Open": "43.7000", "Year High": "92.1700", "Year Low": "42.7100", "Year Close": "91.5900", "Annual % Change": "112.21%"}, "2016": {"Average Stock Price": "31.7663", "Year Open": "26.4700", "Year High": "49.3500", "Year Low": "19.5600", "Year Close": "43.1600", "Annual % Change": "58.39%"}, "2015": {"Average Stock Price": "38.7865", "Year Open": "40.6300", "Year High": "50.5600", "Year Low": "21.6200", "Year Close": "27.2500", "Annual % Change": "-33.34%"}, "2014": {"Average Stock Price": "31.2957", "Year Open": "27.3100", "Year High": "42.4800", "Year Low": "23.2400", "Year Close": "40.8800", "Annual % Change": "55.50%"}, "2013": {"Average Stock Price": "19.6864", "Year Open": "17.2800", "Year High": "26.4500", "Year Low": "15.8200", "Year Close": "26.2900", "Annual % Change": "51.27%"}, "2012": {"Average Stock Price": "15.0087", "Year Open": "11.8400", "Year High": "19.0200", "Year Low": "11.3500", "Year Close": "17.3800", "Annual % Change": "40.73%"}, "2011": {"Average Stock Price": "10.5712", "Year Open": "10.5200", "Year High": "17.0000", "Year Low": "6.9800", "Year Close": "12.3500", "Annual % Change": "20.61%"}, "2010": {"Average Stock Price": "6.6489", "Year Open": "5.1200", "Year High": "11.2800", "Year Low": "4.8800", "Year Close": "10.2400", "Annual % Change": "100.00%"}, "2009": {"Average Stock Price": "3.7029", "Year Open": "4.3200", "Year High": "5.1600", "Year Low": "2.6800", "Year Close": "5.1200", "Annual % Change": "11.30%"}, "2008": {"Average Stock Price": "4.6526", "Year Open": "4.6000", "Year High": "5.6800", "Year Low": "3.4000", "Year Close": "4.6000", "Annual % Change": "-6.50%"}, "2007": {"Average Stock Price": "5.2550", "Year Open": "5.0800", "Year High": "6.3200", "Year Low": "4.3600", "Year Close": "4.9200", "Annual % Change": "-3.15%"}, "2006": {"Average Stock Price": "4.2446", "Year Open": "2.9200", "Year High": "5.7600", "Year Low": "2.7600", "Year Close": "5.0800", "Annual % Change": "86.76%"}, "2005": {"Average Stock Price": "3.1954", "Year Open": "5.7600", "Year High": "5.7600", "Year Low": "1.8800", "Year Close": "2.7200", "Annual % Change": "-54.67%"}, "2004": {"Average Stock Price": "6.6648", "Year Open": "5.2400", "Year High": "10.9600", "Year Low": "3.9600", "Year Close": "6.0000", "Annual % Change": "8.70%"}, "2003": {"Average Stock Price": "5.4533", "Year Open": "5.0000", "Year High": "6.9600", "Year Low": "5.0000", "Year Close": "5.5200", "Annual % Change": "0.00%"}}}, "market cap": {"value": "$10.78B"}, "income statement": {"Revenue": {"2019-12-31": "16648.00000", "2018-12-31": "17279.00000", "2017-12-31": "15381.00000", "2016-12-31": "14619.00000", "2015-12-31": "7623.20000", "2014-12-31": "2356.60000", "2013-12-31": "702.30000", "2012-12-31": "278.60000", "2011-12-31": "177.07600", "2010-12-31": "157.98700", "2009-12-31": "100.13600", "2008-12-31": "109.46200", "2007-12-31": "47.71300", "2006-12-31": "37.32700", "2005-12-31": "39.84800"}, "Cost Of Goods Sold": {"2019-12-31": "13982.00000", "2018-12-31": "14738.00000", "2017-12-31": "13138.00000", "2016-12-31": "12503.00000", "2015-12-31": "6538.40000", "2014-12-31": "1975.00000", "2013-12-31": "585.10000", "2012-12-31": "237.80000", "2011-12-31": "147.29800", "2010-12-31": "130.58700", "2009-12-31": "83.39600", "2008-12-31": "91.62800", "2007-12-31": "35.95100", "2006-12-31": "27.43800", "2005-12-31": "30.85200"}, "Gross Profit": {"2019-12-31": "2666.00000", "2018-12-31": "2541.00000", "2017-12-31": "2243.00000", "2016-12-31": "2116.00000", "2015-12-31": "1084.80000", "2014-12-31": "381.60010", "2013-12-31": "117.20000", "2012-12-31": "40.80000", "2011-12-31": "29.77800", "2010-12-31": "27.40000", "2009-12-31": "16.74000", "2008-12-31": "17.83400", "2007-12-31": "11.76200", "2006-12-31": "9.88900", "2005-12-31": "8.99600"}, "Research And Development Expenses": {"2019-12-31": "", "2018-12-31": "", "2017-12-31": "", "2016-12-31": "", "2015-12-31": "", "2014-12-31": "", "2013-12-31": "", "2012-12-31": "", "2011-12-31": "", "2010-12-31": "", "2009-12-31": "", "2008-12-31": "", "2007-12-31": "", "2006-12-31": "", "2005-12-31": ""}, "SG&A Expenses": {"2019-12-31": "1845.00000", "2018-12-31": "1837.00000", "2017-12-31": "1661.00000", "2016-12-31": "1652.00000", "2015-12-31": "1113.40000", "2014-12-31": "422.50000", "2013-12-31": "169.50000", "2012-12-31": "68.80000", "2011-12-31": "28.05400", "2010-12-31": "18.95400", "2009-12-31": "13.56900", "2008-12-31": "12.66400", "2007-12-31": "8.80300", "2006-12-31": "6.97000", "2005-12-31": "14.62400"}, "Other Operating Income Or Expenses": {"2019-12-31": "", "2018-12-31": "", "2017-12-31": "", "2016-12-31": "", "2015-12-31": "", "2014-12-31": "", "2013-12-31": "", "2012-12-31": "", "2011-12-31": "", "2010-12-31": "", "2009-12-31": "", "2008-12-31": "", "2007-12-31": "", "2006-12-31": "", "2005-12-31": ""}, "Operating Expenses": {"2019-12-31": "15827.00000", "2018-12-31": "16575.00000", "2017-12-31": "14799.00000", "2016-12-31": "14155.00000", "2015-12-31": "7651.80000", "2014-12-31": "2397.50000", "2013-12-31": "754.60000", "2012-12-31": "306.60000", "2011-12-31": "175.35200", "2010-12-31": "149.54100", "2009-12-31": "96.96500", "2008-12-31": "104.29200", "2007-12-31": "44.75400", "2006-12-31": "34.40800", "2005-12-31": "45.47600"}, "Operating Income": {"2019-12-31": "821.00000", "2018-12-31": "704.00000", "2017-12-31": "582.00000", "2016-12-31": "464.00000", "2015-12-31": "-28.59960", "2014-12-31": "-40.89990", "2013-12-31": "-52.30010", "2012-12-31": "-28.00000", "2011-12-31": "1.72400", "2010-12-31": "8.44600", "2009-12-31": "3.17100", "2008-12-31": "5.17000", "2007-12-31": "2.95900", "2006-12-31": "2.91900", "2005-12-31": "-5.62800"}, "Total Non-Operating Income/Expense": {"2019-12-31": "-252.00000", "2018-12-31": "-138.00000", "2017-12-31": "-321.00000", "2016-12-31": "-357.00000", "2015-12-31": "-253.90000", "2014-12-31": "-48.80000", "2013-12-31": "-18.70000", "2012-12-31": "-3.50000", "2011-12-31": "-0.24700", "2010-12-31": "-0.34500", "2009-12-31": "-0.15600", "2008-12-31": "-0.45900", "2007-12-31": "-0.07900", "2006-12-31": "-0.37300", "2005-12-31": "-0.18700"}, "Pre-Tax Income": {"2019-12-31": "569.00000", "2018-12-31": "566.00000", "2017-12-31": "261.00000", "2016-12-31": "107.00000", "2015-12-31": "-282.50000", "2014-12-31": "-89.70000", "2013-12-31": "-71.00000", "2012-12-31": "-31.50000", "2011-12-31": "1.47700", "2010-12-31": "8.10100", "2009-12-31": "3.01500", "2008-12-31": "4.71100", "2007-12-31": "2.88000", "2006-12-31": "2.54600", "2005-12-31": "-5.81500"}, "Income Taxes": {"2019-12-31": "129.00000", "2018-12-31": "122.00000", "2017-12-31": "-99.00000", "2016-12-31": "22.00000", "2015-12-31": "-90.90000", "2014-12-31": "-26.10000", "2013-12-31": "-22.50000", "2012-12-31": "-11.20000", "2011-12-31": "0.71800", "2010-12-31": "3.21300", "2009-12-31": "1.32500", "2008-12-31": "1.89400", "2007-12-31": "1.06700", "2006-12-31": "-1.03700", "2005-12-31": ""}, "Income After Taxes": {"2019-12-31": "440.00000", "2018-12-31": "444.00000", "2017-12-31": "360.00000", "2016-12-31": "85.00000", "2015-12-31": "-191.60000", "2014-12-31": "-63.60000", "2013-12-31": "-48.50000", "2012-12-31": "-20.30000", "2011-12-31": "0.75900", "2010-12-31": "4.88800", "2009-12-31": "1.69000", "2008-12-31": "2.81700", "2007-12-31": "1.81300", "2006-12-31": "3.58300", "2005-12-31": "-5.81500"}, "Other Income": {"2019-12-31": "", "2018-12-31": "", "2017-12-31": "", "2016-12-31": "", "2015-12-31": "", "2014-12-31": "", "2013-12-31": "", "2012-12-31": "", "2011-12-31": "", "2010-12-31": "", "2009-12-31": "", "2008-12-31": "", "2007-12-31": "", "2006-12-31": "", "2005-12-31": ""}, "Income From Continuous Operations": {"2019-12-31": "440.00000", "2018-12-31": "444.00000", "2017-12-31": "360.00000", "2016-12-31": "85.00000", "2015-12-31": "-191.60000", "2014-12-31": "-63.60000", "2013-12-31": "-48.50000", "2012-12-31": "-20.30000", "2011-12-31": "0.75900", "2010-12-31": "4.88800", "2009-12-31": "1.69000", "2008-12-31": "2.81700", "2007-12-31": "1.81300", "2006-12-31": "3.58300", "2005-12-31": "-5.81500"}, "Income From Discontinued Operations": {"2019-12-31": "", "2018-12-31": "", "2017-12-31": "", "2016-12-31": "", "2015-12-31": "", "2014-12-31": "", "2013-12-31": "", "2012-12-31": "", "2011-12-31": "", "2010-12-31": "", "2009-12-31": "0.01500", "2008-12-31": "0.33900", "2007-12-31": "0.35800", "2006-12-31": "0.32100", "2005-12-31": ""}, "Net Income": {"2019-12-31": "379.00000", "2018-12-31": "390.00000", "2017-12-31": "312.00000", "2016-12-31": "63.00000", "2015-12-31": "-245.90000", "2014-12-31": "-107.40000", "2013-12-31": "-51.50000", "2012-12-31": "-23.30000", "2011-12-31": "-44.57700", "2010-12-31": "4.88800", "2009-12-31": "1.70500", "2008-12-31": "3.15600", "2007-12-31": "2.17100", "2006-12-31": "3.90400", "2005-12-31": "-5.81500"}, "EBITDA": {"2019-12-31": "1560.00000", "2018-12-31": "1420.00000", "2017-12-31": "1240.00000", "2016-12-31": "1107.00000", "2015-12-31": "336.30040", "2014-12-31": "57.40010", "2013-12-31": "-31.50010", "2012-12-31": "-25.30000", "2011-12-31": "2.96400", "2010-12-31": "9.73600", "2009-12-31": "4.36200", "2008-12-31": "6.28400", "2007-12-31": "3.80200", "2006-12-31": "3.97300", "2005-12-31": "-4.19300"}, "EBIT": {"2019-12-31": "821.00000", "2018-12-31": "704.00000", "2017-12-31": "582.00000", "2016-12-31": "464.00000", "2015-12-31": "-28.59960", "2014-12-31": "-40.89990", "2013-12-31": "-52.30010", "2012-12-31": "-28.00000", "2011-12-31": "1.72400", "2010-12-31": "8.44600", "2009-12-31": "3.17100", "2008-12-31": "5.17000", "2007-12-31": "2.95900", "2006-12-31": "2.91900", "2005-12-31": "-5.62800"}, "Basic Shares Outstanding": {"2019-12-31": "96.00000", "2018-12-31": "123.00000", "2017-12-31": "115.00000", "2016-12-31": "110.00000", "2015-12-31": "92.80000", "2014-12-31": "53.60000", "2013-12-31": "22.80000", "2012-12-31": "15.70000", "2011-12-31": "8.24700", "2010-12-31": "8.06000", "2009-12-31": "8.00900", "2008-12-31": "7.86350", "2007-12-31": "6.67250", "2006-12-31": "6.57430", "2005-12-31": "6.63100"}, "Shares Outstanding": {"2019-12-31": "106.00000", "2018-12-31": "135.00000", "2017-12-31": "128.00000", "2016-12-31": "123.00000", "2015-12-31": "92.80000", "2014-12-31": "53.60000", "2013-12-31": "22.80000", "2012-12-31": "15.70000", "2011-12-31": "8.24700", "2010-12-31": "8.27900", "2009-12-31": "8.04200", "2008-12-31": "7.93930", "2007-12-31": "6.83180", "2006-12-31": "6.66030", "2005-12-31": "6.63330"}, "Basic EPS": {"2019-12-31": "3.95000", "2018-12-31": "3.17000", "2017-12-31": "2.72000", "2016-12-31": "0.57000", "2015-12-31": "-2.65000", "2014-12-31": "-2.00000", "2013-12-31": "-2.26000", "2012-12-31": "-1.49000", "2011-12-31": "-5.41000", "2010-12-31": "0.61000", "2009-12-31": "0.21000", "2008-12-31": "0.40000", "2007-12-31": "0.32000", "2006-12-31": "0.60000", "2005-12-31": "-0.88000"}, "EPS - Earnings Per Share": {"2019-12-31": "3.57000", "2018-12-31": "2.88000", "2017-12-31": "2.45000", "2016-12-31": "0.53000", "2015-12-31": "-2.65000", "2014-12-31": "-2.00000", "2013-12-31": "-2.26000", "2012-12-31": "-1.49000", "2011-12-31": "-5.41000", "2010-12-31": "0.59000", "2009-12-31": "0.21000", "2008-12-31": "0.40000", "2007-12-31": "0.32000", "2006-12-31": "0.60000", "2005-12-31": "-0.88000"}}, "income statement, quarterly": {"Revenue": {"2020-09-30": "4221.00000", "2020-06-30": "3502.00000", "2020-03-31": "3864.00000", "2019-12-31": "4136.00000", "2019-09-30": "4154.00000", "2019-06-30": "4238.00000", "2019-03-31": "4120.00000", "2018-12-31": "4389.00000", "2018-09-30": "4335.00000", "2018-06-30": "4363.00000", "2018-03-31": "4192.00000", "2017-12-31": "4194.10100", "2017-09-30": "3887.10000", "2017-06-30": "3760.30000", "2017-03-31": "3539.50000", "2016-12-31": "3676.20000", "2016-09-30": "3713.80000", "2016-06-30": "3683.30000", "2016-03-31": "3545.70000", "2015-12-31": "3342.20000", "2015-09-30": "2362.10000", "2015-06-30": "1215.90000", "2015-03-31": "703.00000", "2014-12-31": "830.70010", "2014-09-30": "662.50000", "2014-06-30": "581.00000", "2014-03-31": "282.40000", "2013-12-31": "257.22800", "2013-09-30": "193.98200", "2013-06-30": "137.09100", "2013-03-31": "113.99900", "2012-12-31": "108.51200", "2012-09-30": "70.98800", "2012-06-30": "54.54000", "2012-03-31": "44.56000", "2011-12-31": "44.08500", "2011-09-30": "47.38900", "2011-06-30": "44.09400", "2011-03-31": "41.50800", "2010-12-31": "41.55700", "2010-09-30": "44.44800", "2010-06-30": "40.34000", "2010-03-31": "31.64200", "2009-12-31": "31.61000", "2009-09-30": "26.21100", "2009-06-30": "22.24300", "2009-03-31": "20.07200", "2008-12-31": "24.95400", "2008-09-30": "31.11700", "2008-06-30": "29.67500", "2008-03-31": "23.71600", "2007-12-31": "9.01900", "2007-09-30": "13.35900", "2007-06-30": "13.84200", "2007-03-31": "11.49300", "2006-12-31": "5.80100", "2006-09-30": "10.85100", "2006-06-30": "11.12000", "2006-03-31": "9.55500", "2005-12-31": "9.69700", "2005-09-30": "9.51200", "2005-06-30": "10.29000", "2005-03-31": "10.34900"}, "Cost Of Goods Sold": {"2020-09-30": "3499.00000", "2020-06-30": "3011.00000", "2020-03-31": "3258.00000", "2019-12-31": "3486.00000", "2019-09-30": "3469.00000", "2019-06-30": "3525.00000", "2019-03-31": "3502.00000", "2018-12-31": "3777.00000", "2018-09-30": "3680.00000", "2018-06-30": "3680.00000", "2018-03-31": "3601.00000", "2017-12-31": "3620.10000", "2017-09-30": "3310.80000", "2017-06-30": "3173.10000", "2017-03-31": "3034.00000", "2016-12-31": "3186.40000", "2016-09-30": "3161.80000", "2016-06-30": "3103.50000", "2016-03-31": "3051.30000", "2015-12-31": "2885.40000", "2015-09-30": "2035.40000", "2015-06-30": "1025.60000", "2015-03-31": "592.00000", "2014-12-31": "702.29990", "2014-09-30": "558.40000", "2014-06-30": "486.30000", "2014-03-31": "228.00000", "2013-12-31": "208.38600", "2013-09-30": "161.22400", "2013-06-30": "117.75100", "2013-03-31": "97.73900", "2012-12-31": "92.87500", "2012-09-30": "61.06400", "2012-06-30": "46.07400", "2012-03-31": "37.78700", "2011-12-31": "36.91400", "2011-09-30": "39.16900", "2011-06-30": "36.91400", "2011-03-31": "34.30100", "2010-12-31": "35.13400", "2010-09-30": "36.30900", "2010-06-30": "33.10100", "2010-03-31": "26.04300", "2009-12-31": "26.45200", "2009-09-30": "21.48200", "2009-06-30": "18.60600", "2009-03-31": "16.85600", "2008-12-31": "20.93300", "2008-09-30": "26.16400", "2008-06-30": "24.92500", "2008-03-31": "19.60600", "2007-12-31": "6.84000", "2007-09-30": "10.31000", "2007-06-30": "10.32800", "2007-03-31": "8.47300", "2006-12-31": "4.04700", "2006-09-30": "8.00500", "2006-06-30": "8.25700", "2006-03-31": "7.12900", "2005-12-31": "6.96900", "2005-09-30": "7.44800", "2005-06-30": "8.05700", "2005-03-31": "8.37800"}, "Gross Profit": {"2020-09-30": "722.00000", "2020-06-30": "491.00000", "2020-03-31": "606.00000", "2019-12-31": "650.00000", "2019-09-30": "685.00000", "2019-06-30": "713.00000", "2019-03-31": "618.00000", "2018-12-31": "612.00000", "2018-09-30": "655.00000", "2018-06-30": "683.00000", "2018-03-31": "591.00000", "2017-12-31": "574.00050", "2017-09-30": "576.30000", "2017-06-30": "587.20000", "2017-03-31": "505.50000", "2016-12-31": "489.80030", "2016-09-30": "552.00000", "2016-06-30": "579.80000", "2016-03-31": "494.39990", "2015-12-31": "456.80030", "2015-09-30": "326.70010", "2015-06-30": "190.30000", "2015-03-31": "111.00000", "2014-12-31": "128.40010", "2014-09-30": "104.10000", "2014-06-30": "94.70000", "2014-03-31": "54.40000", "2013-12-31": "48.84200", "2013-09-30": "32.75800", "2013-06-30": "19.34000", "2013-03-31": "16.26000", "2012-12-31": "15.63700", "2012-09-30": "9.92400", "2012-06-30": "8.46600", "2012-03-31": "6.77300", "2011-12-31": "7.17100", "2011-09-30": "8.22000", "2011-06-30": "7.18000", "2011-03-31": "7.20700", "2010-12-31": "6.42300", "2010-09-30": "8.13900", "2010-06-30": "7.23900", "2010-03-31": "5.59900", "2009-12-31": "5.15800", "2009-09-30": "4.72900", "2009-06-30": "3.63700", "2009-03-31": "3.21600", "2008-12-31": "4.02100", "2008-09-30": "4.95300", "2008-06-30": "4.75000", "2008-03-31": "4.11000", "2007-12-31": "2.17900", "2007-09-30": "3.04900", "2007-06-30": "3.51400", "2007-03-31": "3.02000", "2006-12-31": "1.75400", "2006-09-30": "2.84600", "2006-06-30": "2.86300", "2006-03-31": "2.42600", "2005-12-31": "2.72800", "2005-09-30": "2.06400", "2005-06-30": "2.23300", "2005-03-31": "1.97100"}, "Research And Development Expenses": {"2020-09-30": "", "2020-06-30": "", "2020-03-31": "", "2019-12-31": "", "2019-09-30": "", "2019-06-30": "", "2019-03-31": "", "2018-12-31": "", "2018-09-30": "", "2018-06-30": "", "2018-03-31": "", "2017-12-31": "", "2017-09-30": "", "2017-06-30": "", "2017-03-31": "", "2016-12-31": "", "2016-09-30": "", "2016-06-30": "", "2016-03-31": "", "2015-12-31": "", "2015-09-30": "", "2015-06-30": "", "2015-03-31": "", "2014-12-31": "", "2014-09-30": "", "2014-06-30": "", "2014-03-31": "", "2013-12-31": "", "2013-09-30": "", "2013-06-30": "", "2013-03-31": "", "2012-12-31": "", "2012-09-30": "", "2012-06-30": "", "2012-03-31": "", "2011-12-31": "", "2011-09-30": "", "2011-06-30": "", "2011-03-31": "", "2010-12-31": "", "2010-09-30": "", "2010-06-30": "", "2010-03-31": "", "2009-12-31": "", "2009-09-30": "", "2009-06-30": "", "2009-03-31": "", "2008-12-31": "", "2008-09-30": "", "2008-06-30": "", "2008-03-31": "", "2007-12-31": "", "2007-09-30": "", "2007-06-30": "", "2007-03-31": "", "2006-12-31": "", "2006-09-30": "", "2006-06-30": "", "2006-03-31": "", "2005-12-31": "", "2005-09-30": "", "2005-06-30": "", "2005-03-31": ""}, "SG&A Expenses": {"2020-09-30": "499.00000", "2020-06-30": "632.00000", "2020-03-31": "525.00000", "2019-12-31": "448.00000", "2019-09-30": "456.00000", "2019-06-30": "455.00000", "2019-03-31": "486.00000", "2018-12-31": "486.00000", "2018-09-30": "446.00000", "2018-06-30": "455.00000", "2018-03-31": "450.00000", "2017-12-31": "447.60000", "2017-09-30": "399.60000", "2017-06-30": "412.10000", "2017-03-31": "401.70000", "2016-12-31": "427.30000", "2016-09-30": "383.20000", "2016-06-30": "409.50000", "2016-03-31": "432.00000", "2015-12-31": "494.60000", "2015-09-30": "282.60000", "2015-06-30": "220.40000", "2015-03-31": "115.80000", "2014-12-31": "122.40000", "2014-09-30": "117.70000", "2014-06-30": "106.60000", "2014-03-31": "75.80000", "2013-12-31": "57.34100", "2013-09-30": "51.17700", "2013-06-30": "33.35500", "2013-03-31": "27.62700", "2012-12-31": "26.76500", "2012-09-30": "19.20400", "2012-06-30": "11.83400", "2012-03-31": "10.99700", "2011-12-31": "9.56000", "2011-09-30": "7.75000", "2011-06-30": "5.53700", "2011-03-31": "5.20700", "2010-12-31": "5.06200", "2010-09-30": "5.21900", "2010-06-30": "4.59800", "2010-03-31": "4.07500", "2009-12-31": "4.03600", "2009-09-30": "3.28400", "2009-06-30": "3.00600", "2009-03-31": "3.24300", "2008-12-31": "2.97700", "2008-09-30": "3.14800", "2008-06-30": "3.38900", "2008-03-31": "3.15000", "2007-12-31": "2.04000", "2007-09-30": "2.27100", "2007-06-30": "2.24200", "2007-03-31": "2.25000", "2006-12-31": "1.46500", "2006-09-30": "1.86100", "2006-06-30": "1.92300", "2006-03-31": "1.72100", "2005-12-31": "2.19500", "2005-09-30": "2.55900", "2005-06-30": "3.27800", "2005-03-31": "6.59200"}, "Other Operating Income Or Expenses": {"2020-09-30": "", "2020-06-30": "", "2020-03-31": "", "2019-12-31": "", "2019-09-30": "", "2019-06-30": "", "2019-03-31": "", "2018-12-31": "", "2018-09-30": "", "2018-06-30": "", "2018-03-31": "", "2017-12-31": "", "2017-09-30": "", "2017-06-30": "", "2017-03-31": "", "2016-12-31": "", "2016-09-30": "", "2016-06-30": "", "2016-03-31": "", "2015-12-31": "", "2015-09-30": "", "2015-06-30": "", "2015-03-31": "", "2014-12-31": "", "2014-09-30": "", "2014-06-30": "", "2014-03-31": "", "2013-12-31": "", "2013-09-30": "", "2013-06-30": "", "2013-03-31": "", "2012-12-31": "", "2012-09-30": "", "2012-06-30": "", "2012-03-31": "", "2011-12-31": "", "2011-09-30": "", "2011-06-30": "", "2011-03-31": "", "2010-12-31": "", "2010-09-30": "", "2010-06-30": "", "2010-03-31": "", "2009-12-31": "", "2009-09-30": "", "2009-06-30": "", "2009-03-31": "", "2008-12-31": "", "2008-09-30": "", "2008-06-30": "", "2008-03-31": "", "2007-12-31": "", "2007-09-30": "", "2007-06-30": "", "2007-03-31": "", "2006-12-31": "", "2006-09-30": "", "2006-06-30": "", "2006-03-31": "", "2005-12-31": "", "2005-09-30": "", "2005-06-30": "", "2005-03-31": ""}, "Operating Expenses": {"2020-09-30": "3998.00000", "2020-06-30": "3643.00000", "2020-03-31": "3783.00000", "2019-12-31": "3934.00000", "2019-09-30": "3925.00000", "2019-06-30": "3980.00000", "2019-03-31": "3988.00000", "2018-12-31": "4263.00000", "2018-09-30": "4126.00000", "2018-06-30": "4135.00000", "2018-03-31": "4051.00000", "2017-12-31": "4067.69900", "2017-09-30": "3710.40000", "2017-06-30": "3585.20000", "2017-03-31": "3435.70000", "2016-12-31": "3613.70000", "2016-09-30": "3545.00000", "2016-06-30": "3513.00000", "2016-03-31": "3483.30000", "2015-12-31": "3380.00000", "2015-09-30": "2318.00000", "2015-06-30": "1246.00000", "2015-03-31": "707.80000", "2014-12-31": "824.69990", "2014-09-30": "676.10000", "2014-06-30": "592.90000", "2014-03-31": "303.80000", "2013-12-31": "265.72700", "2013-09-30": "212.40100", "2013-06-30": "151.10600", "2013-03-31": "125.36600", "2012-12-31": "119.64000", "2012-09-30": "80.26800", "2012-06-30": "57.90800", "2012-03-31": "48.78400", "2011-12-31": "46.47400", "2011-09-30": "46.91900", "2011-06-30": "42.45100", "2011-03-31": "39.50800", "2010-12-31": "40.19600", "2010-09-30": "41.52800", "2010-06-30": "37.69900", "2010-03-31": "30.11800", "2009-12-31": "30.48800", "2009-09-30": "24.76600", "2009-06-30": "21.61200", "2009-03-31": "20.09900", "2008-12-31": "23.91000", "2008-09-30": "29.31200", "2008-06-30": "28.31400", "2008-03-31": "22.75600", "2007-12-31": "8.88000", "2007-09-30": "12.58100", "2007-06-30": "12.57000", "2007-03-31": "10.72300", "2006-12-31": "5.51200", "2006-09-30": "9.86600", "2006-06-30": "10.18000", "2006-03-31": "8.85000", "2005-12-31": "9.16400", "2005-09-30": "10.00700", "2005-06-30": "11.33500", "2005-03-31": "14.97000"}, "Operating Income": {"2020-09-30": "223.00000", "2020-06-30": "-141.00000", "2020-03-31": "81.00000", "2019-12-31": "202.00000", "2019-09-30": "229.00000", "2019-06-30": "258.00000", "2019-03-31": "132.00000", "2018-12-31": "126.00000", "2018-09-30": "209.00000", "2018-06-30": "228.00000", "2018-03-31": "141.00000", "2017-12-31": "126.40110", "2017-09-30": "176.70000", "2017-06-30": "175.09990", "2017-03-31": "103.80000", "2016-12-31": "62.50050", "2016-09-30": "168.80000", "2016-06-30": "170.30000", "2016-03-31": "62.39990", "2015-12-31": "-37.79960", "2015-09-30": "44.10010", "2015-06-30": "-30.10000", "2015-03-31": "-4.80000", "2014-12-31": "6.00020", "2014-09-30": "-13.60000", "2014-06-30": "-11.90000", "2014-03-31": "-21.40000", "2013-12-31": "-8.49900", "2013-09-30": "-18.41900", "2013-06-30": "-14.01500", "2013-03-31": "-11.36700", "2012-12-31": "-11.12800", "2012-09-30": "-9.28000", "2012-06-30": "-3.36800", "2012-03-31": "-4.22400", "2011-12-31": "-2.38900", "2011-09-30": "0.47000", "2011-06-30": "1.64300", "2011-03-31": "2.00000", "2010-12-31": "1.36100", "2010-09-30": "2.92000", "2010-06-30": "2.64100", "2010-03-31": "1.52400", "2009-12-31": "1.12200", "2009-09-30": "1.44500", "2009-06-30": "0.63100", "2009-03-31": "-0.02700", "2008-12-31": "1.04400", "2008-09-30": "1.80500", "2008-06-30": "1.36100", "2008-03-31": "0.96000", "2007-12-31": "0.13900", "2007-09-30": "0.77800", "2007-06-30": "1.27200", "2007-03-31": "0.77000", "2006-12-31": "0.28900", "2006-09-30": "0.98500", "2006-06-30": "0.94000", "2006-03-31": "0.70500", "2005-12-31": "0.53300", "2005-09-30": "-0.49500", "2005-06-30": "-1.04500", "2005-03-31": "-4.62100"}, "Total Non-Operating Income/Expense": {"2020-09-30": "-66.00000", "2020-06-30": "-64.00000", "2020-03-31": "-46.00000", "2019-12-31": "-65.00000", "2019-09-30": "-59.00000", "2019-06-30": "-67.00000", "2019-03-31": "-61.00000", "2018-12-31": "-8.00000", "2018-09-30": "-53.00000", "2018-06-30": "-15.00000", "2018-03-31": "-62.00000", "2017-12-31": "-66.90000", "2017-09-30": "-75.30000", "2017-06-30": "-90.10000", "2017-03-31": "-88.70000", "2016-12-31": "-27.90000", "2016-09-30": "-144.80000", "2016-06-30": "-86.90000", "2016-03-31": "-97.40000", "2015-12-31": "-94.60000", "2015-09-30": "-77.60000", "2015-06-30": "-58.20000", "2015-03-31": "-23.50000", "2014-12-31": "-16.80000", "2014-09-30": "-18.10000", "2014-06-30": "-3.70000", "2014-03-31": "-10.20000", "2013-12-31": "-5.82200", "2013-09-30": "-6.65000", "2013-06-30": "-3.27300", "2013-03-31": "-2.95500", "2012-12-31": "-3.15100", "2012-09-30": "-0.32900", "2012-06-30": "-0.02900", "2012-03-31": "0.00900", "2011-12-31": "-0.04000", "2011-09-30": "-0.04900", "2011-06-30": "-0.08000", "2011-03-31": "-0.07800", "2010-12-31": "-0.10300", "2010-09-30": "-0.08000", "2010-06-30": "-0.12200", "2010-03-31": "-0.04000", "2009-12-31": "-0.05400", "2009-09-30": "-0.04500", "2009-06-30": "-0.04500", "2009-03-31": "-0.01200", "2008-12-31": "-0.15000", "2008-09-30": "-0.11500", "2008-06-30": "-0.11100", "2008-03-31": "-0.08300", "2007-12-31": "-0.00700", "2007-09-30": "0.02000", "2007-06-30": "-0.06100", "2007-03-31": "-0.03100", "2006-12-31": "-0.05300", "2006-09-30": "-0.08000", "2006-06-30": "-0.09200", "2006-03-31": "-0.14800", "2005-12-31": "0.06400", "2005-09-30": "-0.05600", "2005-06-30": "-0.16600", "2005-03-31": "-0.02900"}, "Pre-Tax Income": {"2020-09-30": "157.00000", "2020-06-30": "-205.00000", "2020-03-31": "35.00000", "2019-12-31": "137.00000", "2019-09-30": "170.00000", "2019-06-30": "191.00000", "2019-03-31": "71.00000", "2018-12-31": "118.00000", "2018-09-30": "156.00000", "2018-06-30": "213.00000", "2018-03-31": "79.00000", "2017-12-31": "59.50000", "2017-09-30": "101.40000", "2017-06-30": "85.00000", "2017-03-31": "15.10000", "2016-12-31": "34.60000", "2016-09-30": "24.00000", "2016-06-30": "83.40000", "2016-03-31": "-35.00000", "2015-12-31": "-132.40000", "2015-09-30": "-33.50000", "2015-06-30": "-88.30000", "2015-03-31": "-28.30000", "2014-12-31": "-10.80000", "2014-09-30": "-31.70000", "2014-06-30": "-15.60000", "2014-03-31": "-31.60000", "2013-12-31": "-14.32100", "2013-09-30": "-25.06900", "2013-06-30": "-17.28800", "2013-03-31": "-14.32200", "2012-12-31": "-14.27900", "2012-09-30": "-9.60900", "2012-06-30": "-3.39700", "2012-03-31": "-4.21500", "2011-12-31": "-2.42900", "2011-09-30": "0.42100", "2011-06-30": "1.56300", "2011-03-31": "1.92200", "2010-12-31": "1.25800", "2010-09-30": "2.84000", "2010-06-30": "2.51900", "2010-03-31": "1.48400", "2009-12-31": "1.06800", "2009-09-30": "1.40000", "2009-06-30": "0.58600", "2009-03-31": "-0.03900", "2008-12-31": "0.89400", "2008-09-30": "1.69000", "2008-06-30": "1.25000", "2008-03-31": "0.87700", "2007-12-31": "0.13200", "2007-09-30": "0.79800", "2007-06-30": "1.21100", "2007-03-31": "0.73900", "2006-12-31": "0.23600", "2006-09-30": "0.90500", "2006-06-30": "0.84800", "2006-03-31": "0.55700", "2005-12-31": "0.59700", "2005-09-30": "-0.55100", "2005-06-30": "-1.21100", "2005-03-31": "-4.65000"}, "Income Taxes": {"2020-09-30": "59.00000", "2020-06-30": "-71.00000", "2020-03-31": "10.00000", "2019-12-31": "30.00000", "2019-09-30": "34.00000", "2019-06-30": "46.00000", "2019-03-31": "19.00000", "2018-12-31": "27.00000", "2018-09-30": "41.00000", "2018-06-30": "54.00000", "2018-03-31": "0.00000", "2017-12-31": "-147.40000", "2017-09-30": "30.40000", "2017-06-30": "27.80000", "2017-03-31": "-9.80000", "2016-12-31": "2.00000", "2016-09-30": "2.70000", "2016-06-30": "33.00000", "2016-03-31": "-15.70000", "2015-12-31": "-69.70000", "2015-09-30": "1.90000", "2015-06-30": "-9.50000", "2015-03-31": "-13.60000", "2014-12-31": "-0.90000", "2014-09-30": "-20.10000", "2014-06-30": "-1.80000", "2014-03-31": "-3.30000", "2013-12-31": "-3.75200", "2013-09-30": "-19.04400", "2013-06-30": "0.07400", "2013-03-31": "0.22200", "2012-12-31": "-4.99900", "2012-09-30": "-6.46000", "2012-06-30": "1.78000", "2012-03-31": "-1.52100", "2011-12-31": "-0.96700", "2011-09-30": "0.23100", "2011-06-30": "0.64900", "2011-03-31": "0.80500", "2010-12-31": "0.43800", "2010-09-30": "1.11000", "2010-06-30": "1.01500", "2010-03-31": "0.65000", "2009-12-31": "0.46700", "2009-09-30": "0.59900", "2009-06-30": "0.27300", "2009-03-31": "-0.01400", "2008-12-31": "0.36600", "2008-09-30": "0.67200", "2008-06-30": "0.50900", "2008-03-31": "0.34700", "2007-12-31": "0.03300", "2007-09-30": "0.29900", "2007-06-30": "0.45700", "2007-03-31": "0.27800", "2006-12-31": "", "2006-09-30": "", "2006-06-30": "", "2006-03-31": "", "2005-12-31": "", "2005-09-30": "", "2005-06-30": "", "2005-03-31": ""}, "Income After Taxes": {"2020-09-30": "98.00000", "2020-06-30": "-134.00000", "2020-03-31": "25.00000", "2019-12-31": "107.00000", "2019-09-30": "136.00000", "2019-06-30": "145.00000", "2019-03-31": "52.00000", "2018-12-31": "91.00000", "2018-09-30": "115.00000", "2018-06-30": "159.00000", "2018-03-31": "79.00000", "2017-12-31": "206.90000", "2017-09-30": "71.00000", "2017-06-30": "57.20000", "2017-03-31": "24.90000", "2016-12-31": "32.60000", "2016-09-30": "21.30000", "2016-06-30": "50.40000", "2016-03-31": "-19.30000", "2015-12-31": "-62.70000", "2015-09-30": "-35.40000", "2015-06-30": "-78.80000", "2015-03-31": "-14.70000", "2014-12-31": "-9.90000", "2014-09-30": "-11.60000", "2014-06-30": "-13.80000", "2014-03-31": "-28.30000", "2013-12-31": "-10.56900", "2013-09-30": "-6.02500", "2013-06-30": "-17.36200", "2013-03-31": "-14.54400", "2012-12-31": "-9.28000", "2012-09-30": "-3.14900", "2012-06-30": "-5.17700", "2012-03-31": "-2.69400", "2011-12-31": "-1.46200", "2011-09-30": "0.19000", "2011-06-30": "0.91400", "2011-03-31": "1.11700", "2010-12-31": "0.82000", "2010-09-30": "1.73000", "2010-06-30": "1.50400", "2010-03-31": "0.83400", "2009-12-31": "0.60100", "2009-09-30": "0.80100", "2009-06-30": "0.31300", "2009-03-31": "-0.02500", "2008-12-31": "0.52800", "2008-09-30": "1.01800", "2008-06-30": "0.74100", "2008-03-31": "0.53000", "2007-12-31": "0.09900", "2007-09-30": "0.49900", "2007-06-30": "0.75400", "2007-03-31": "0.46100", "2006-12-31": "1.27300", "2006-09-30": "0.90500", "2006-06-30": "0.84800", "2006-03-31": "0.55700", "2005-12-31": "0.59700", "2005-09-30": "-0.55100", "2005-06-30": "-1.21100", "2005-03-31": "-4.65000"}, "Other Income": {"2020-09-30": "", "2020-06-30": "", "2020-03-31": "", "2019-12-31": "", "2019-09-30": "", "2019-06-30": "", "2019-03-31": "", "2018-12-31": "", "2018-09-30": "", "2018-06-30": "", "2018-03-31": "", "2017-12-31": "", "2017-09-30": "", "2017-06-30": "", "2017-03-31": "", "2016-12-31": "", "2016-09-30": "", "2016-06-30": "", "2016-03-31": "", "2015-12-31": "", "2015-09-30": "", "2015-06-30": "", "2015-03-31": "", "2014-12-31": "", "2014-09-30": "", "2014-06-30": "", "2014-03-31": "", "2013-12-31": "", "2013-09-30": "", "2013-06-30": "", "2013-03-31": "", "2012-12-31": "", "2012-09-30": "", "2012-06-30": "", "2012-03-31": "", "2011-12-31": "", "2011-09-30": "", "2011-06-30": "", "2011-03-31": "", "2010-12-31": "", "2010-09-30": "", "2010-06-30": "", "2010-03-31": "", "2009-12-31": "", "2009-09-30": "", "2009-06-30": "", "2009-03-31": "", "2008-12-31": "", "2008-09-30": "", "2008-06-30": "", "2008-03-31": "", "2007-12-31": "", "2007-09-30": "", "2007-06-30": "", "2007-03-31": "", "2006-12-31": "", "2006-09-30": "", "2006-06-30": "", "2006-03-31": "", "2005-12-31": "", "2005-09-30": "", "2005-06-30": "", "2005-03-31": ""}, "Income From Continuous Operations": {"2020-09-30": "98.00000", "2020-06-30": "-134.00000", "2020-03-31": "25.00000", "2019-12-31": "107.00000", "2019-09-30": "136.00000", "2019-06-30": "145.00000", "2019-03-31": "52.00000", "2018-12-31": "91.00000", "2018-09-30": "115.00000", "2018-06-30": "159.00000", "2018-03-31": "79.00000", "2017-12-31": "206.90000", "2017-09-30": "71.00000", "2017-06-30": "57.20000", "2017-03-31": "24.90000", "2016-12-31": "32.60000", "2016-09-30": "21.30000", "2016-06-30": "50.40000", "2016-03-31": "-19.30000", "2015-12-31": "-62.70000", "2015-09-30": "-35.40000", "2015-06-30": "-78.80000", "2015-03-31": "-14.70000", "2014-12-31": "-9.90000", "2014-09-30": "-11.60000", "2014-06-30": "-13.80000", "2014-03-31": "-28.30000", "2013-12-31": "-10.56900", "2013-09-30": "-6.02500", "2013-06-30": "-17.36200", "2013-03-31": "-14.54400", "2012-12-31": "-9.28000", "2012-09-30": "-3.14900", "2012-06-30": "-5.17700", "2012-03-31": "-2.69400", "2011-12-31": "-1.46200", "2011-09-30": "0.19000", "2011-06-30": "0.91400", "2011-03-31": "1.11700", "2010-12-31": "0.82000", "2010-09-30": "1.73000", "2010-06-30": "1.50400", "2010-03-31": "0.83400", "2009-12-31": "0.60100", "2009-09-30": "0.80100", "2009-06-30": "0.31300", "2009-03-31": "-0.02500", "2008-12-31": "0.52800", "2008-09-30": "1.01800", "2008-06-30": "0.74100", "2008-03-31": "0.53000", "2007-12-31": "0.09900", "2007-09-30": "0.49900", "2007-06-30": "0.75400", "2007-03-31": "0.46100", "2006-12-31": "1.27300", "2006-09-30": "0.90500", "2006-06-30": "0.84800", "2006-03-31": "0.55700", "2005-12-31": "0.59700", "2005-09-30": "-0.55100", "2005-06-30": "-1.21100", "2005-03-31": "-4.65000"}, "Income From Discontinued Operations": {"2020-09-30": "", "2020-06-30": "", "2020-03-31": "", "2019-12-31": "", "2019-09-30": "", "2019-06-30": "", "2019-03-31": "", "2018-12-31": "", "2018-09-30": "", "2018-06-30": "", "2018-03-31": "", "2017-12-31": "", "2017-09-30": "", "2017-06-30": "", "2017-03-31": "", "2016-12-31": "", "2016-09-30": "", "2016-06-30": "", "2016-03-31": "", "2015-12-31": "", "2015-09-30": "", "2015-06-30": "", "2015-03-31": "", "2014-12-31": "", "2014-09-30": "", "2014-06-30": "", "2014-03-31": "", "2013-12-31": "", "2013-09-30": "", "2013-06-30": "", "2013-03-31": "", "2012-12-31": "", "2012-09-30": "", "2012-06-30": "", "2012-03-31": "", "2011-12-31": "", "2011-09-30": "", "2011-06-30": "", "2011-03-31": "", "2010-12-31": "", "2010-09-30": "", "2010-06-30": "", "2010-03-31": "", "2009-12-31": "0.00000", "2009-09-30": "0.01000", "2009-06-30": "-0.02500", "2009-03-31": "0.03000", "2008-12-31": "0.05900", "2008-09-30": "0.13400", "2008-06-30": "0.03300", "2008-03-31": "0.11300", "2007-12-31": "", "2007-09-30": "", "2007-06-30": "", "2007-03-31": "", "2006-12-31": "", "2006-09-30": "", "2006-06-30": "", "2006-03-31": "", "2005-12-31": "", "2005-09-30": "", "2005-06-30": "", "2005-03-31": ""}, "Net Income": {"2020-09-30": "84.00000", "2020-06-30": "-132.00000", "2020-03-31": "21.00000", "2019-12-31": "97.00000", "2019-09-30": "117.00000", "2019-06-30": "122.00000", "2019-03-31": "43.00000", "2018-12-31": "84.00000", "2018-09-30": "101.00000", "2018-06-30": "138.00000", "2018-03-31": "67.00000", "2017-12-31": "187.40000", "2017-09-30": "57.50000", "2017-06-30": "47.60000", "2017-03-31": "19.50000", "2016-12-31": "29.80000", "2016-09-30": "13.80000", "2016-06-30": "42.60000", "2016-03-31": "-23.20000", "2015-12-31": "-62.30000", "2015-09-30": "-93.10000", "2015-06-30": "-75.10000", "2015-03-31": "-15.40000", "2014-12-31": "-51.50000", "2014-09-30": "-12.30000", "2014-06-30": "-14.50000", "2014-03-31": "-29.10000", "2013-12-31": "-11.34000", "2013-09-30": "-6.76800", "2013-06-30": "-18.10500", "2013-03-31": "-15.28700", "2012-12-31": "-10.03000", "2012-09-30": "-3.89900", "2012-06-30": "-5.92700", "2012-03-31": "-3.44400", "2011-12-31": "-2.21200", "2011-09-30": "-44.39600", "2011-06-30": "0.91400", "2011-03-31": "1.11700", "2010-12-31": "0.82000", "2010-09-30": "1.73000", "2010-06-30": "1.50400", "2010-03-31": "0.83400", "2009-12-31": "0.60100", "2009-09-30": "0.81100", "2009-06-30": "0.28800", "2009-03-31": "0.00500", "2008-12-31": "0.58700", "2008-09-30": "1.15200", "2008-06-30": "0.77400", "2008-03-31": "0.64300", "2007-12-31": "0.45700", "2007-09-30": "0.49900", "2007-06-30": "0.75400", "2007-03-31": "0.46100", "2006-12-31": "1.59400", "2006-09-30": "0.90500", "2006-06-30": "0.84800", "2006-03-31": "0.55700", "2005-12-31": "0.59700", "2005-09-30": "-0.55100", "2005-06-30": "-1.21100", "2005-03-31": "-4.65000"}, "EBITDA": {"2020-09-30": "416.00000", "2020-06-30": "55.00000", "2020-03-31": "264.00000", "2019-12-31": "395.00000", "2019-09-30": "415.00000", "2019-06-30": "438.00000", "2019-03-31": "312.00000", "2018-12-31": "314.00000", "2018-09-30": "389.00000", "2018-06-30": "405.00000", "2018-03-31": "312.00000", "2017-12-31": "295.30110", "2017-09-30": "344.00000", "2017-06-30": "339.49980", "2017-03-31": "261.20000", "2016-12-31": "220.10050", "2016-09-30": "330.60000", "2016-06-30": "331.80000", "2016-03-31": "224.49990", "2015-12-31": "135.20040", "2015-09-30": "146.10010", "2015-06-30": "26.00000", "2015-03-31": "29.00000", "2014-12-31": "40.50020", "2014-09-30": "13.70000", "2014-06-30": "13.30000", "2014-03-31": "-10.10000", "2013-12-31": "0.55800", "2013-09-30": "-10.02500", "2013-06-30": "-12.22000", "2013-03-31": "-9.81300", "2012-12-31": "-9.89000", "2012-09-30": "-8.55900", "2012-06-30": "-2.94400", "2012-03-31": "-3.90700", "2011-12-31": "-2.09300", "2011-09-30": "0.77500", "2011-06-30": "1.96600", "2011-03-31": "2.31600", "2010-12-31": "1.62500", "2010-09-30": "3.24500", "2010-06-30": "2.95700", "2010-03-31": "1.90900", "2009-12-31": "1.47800", "2009-09-30": "1.72300", "2009-06-30": "0.91200", "2009-03-31": "0.24900", "2008-12-31": "1.31100", "2008-09-30": "2.09300", "2008-06-30": "1.67800", "2008-03-31": "1.20200", "2007-12-31": "0.33300", "2007-09-30": "0.97600", "2007-06-30": "1.49200", "2007-03-31": "1.00100", "2006-12-31": "0.59400", "2006-09-30": "1.22100", "2006-06-30": "1.19400", "2006-03-31": "0.96400", "2005-12-31": "0.79300", "2005-09-30": "-0.18100", "2005-06-30": "-0.63100", "2005-03-31": "-4.17400"}, "EBIT": {"2020-09-30": "223.00000", "2020-06-30": "-141.00000", "2020-03-31": "81.00000", "2019-12-31": "202.00000", "2019-09-30": "229.00000", "2019-06-30": "258.00000", "2019-03-31": "132.00000", "2018-12-31": "126.00000", "2018-09-30": "209.00000", "2018-06-30": "228.00000", "2018-03-31": "141.00000", "2017-12-31": "126.40010", "2017-09-30": "176.70000", "2017-06-30": "175.09990", "2017-03-31": "103.80000", "2016-12-31": "62.50000", "2016-09-30": "168.80000", "2016-06-30": "170.30000", "2016-03-31": "62.39990", "2015-12-31": "-37.79970", "2015-09-30": "44.10010", "2015-06-30": "-30.10000", "2015-03-31": "-4.80000", "2014-12-31": "6.00020", "2014-09-30": "-13.60000", "2014-06-30": "-11.90000", "2014-03-31": "-21.40000", "2013-12-31": "-8.49900", "2013-09-30": "-18.41900", "2013-06-30": "-14.01500", "2013-03-31": "-11.36700", "2012-12-31": "-11.12800", "2012-09-30": "-9.28000", "2012-06-30": "-3.36800", "2012-03-31": "-4.22400", "2011-12-31": "-2.38900", "2011-09-30": "0.47000", "2011-06-30": "1.64300", "2011-03-31": "2.00000", "2010-12-31": "1.36100", "2010-09-30": "2.92000", "2010-06-30": "2.64100", "2010-03-31": "1.52400", "2009-12-31": "1.12200", "2009-09-30": "1.44500", "2009-06-30": "0.63100", "2009-03-31": "-0.02700", "2008-12-31": "1.04400", "2008-09-30": "1.80500", "2008-06-30": "1.36100", "2008-03-31": "0.96000", "2007-12-31": "0.13900", "2007-09-30": "0.77800", "2007-06-30": "1.27200", "2007-03-31": "0.77000", "2006-12-31": "0.28900", "2006-09-30": "0.98500", "2006-06-30": "0.94000", "2006-03-31": "0.70500", "2005-12-31": "0.53300", "2005-09-30": "-0.49500", "2005-06-30": "-1.04500", "2005-03-31": "-4.62100"}, "Basic Shares Outstanding": {"2020-09-30": "91.00000", "2020-06-30": "91.00000", "2020-03-31": "92.00000", "2019-12-31": "96.00000", "2019-09-30": "92.00000", "2019-06-30": "92.00000", "2019-03-31": "107.00000", "2018-12-31": "123.00000", "2018-09-30": "125.00000", "2018-06-30": "121.00000", "2018-03-31": "120.00000", "2017-12-31": "115.00000", "2017-09-30": "117.50000", "2017-06-30": "111.80000", "2017-03-31": "111.40000", "2016-12-31": "110.00000", "2016-09-30": "110.30000", "2016-06-30": "110.00000", "2016-03-31": "109.60000", "2015-12-31": "92.80000", "2015-09-30": "98.60000", "2015-06-30": "84.30000", "2015-03-31": "78.80000", "2014-12-31": "53.60000", "2014-09-30": "54.50000", "2014-06-30": "52.60000", "2014-03-31": "41.30000", "2013-12-31": "22.80000", "2013-09-30": "24.22200", "2013-06-30": "18.18000", "2013-03-31": "18.03200", "2012-12-31": "15.70000", "2012-09-30": "17.66300", "2012-06-30": "17.63700", "2012-03-31": "9.50100", "2011-12-31": "8.24700", "2011-09-30": "8.25300", "2011-06-30": "8.25300", "2011-03-31": "8.17600", "2010-12-31": "8.06000", "2010-09-30": "8.09500", "2010-06-30": "8.01100", "2010-03-31": "8.00880", "2009-12-31": "8.00900", "2009-09-30": "8.00880", "2009-06-30": "8.00880", "2009-03-31": "8.00880", "2008-12-31": "7.86350", "2008-09-30": "7.98730", "2008-06-30": "7.93100", "2008-03-31": "7.42930", "2007-12-31": "6.67250", "2007-09-30": "6.68450", "2007-06-30": "6.67650", "2007-03-31": "6.60930", "2006-12-31": "6.57430", "2006-09-30": "6.57130", "2006-06-30": "6.57130", "2006-03-31": "6.57130", "2005-12-31": "6.63100", "2005-09-30": "6.59650", "2005-06-30": "6.68250", "2005-03-31": "6.67630"}, "Shares Outstanding": {"2020-09-30": "102.00000", "2020-06-30": "91.00000", "2020-03-31": "103.00000", "2019-12-31": "106.00000", "2019-09-30": "102.00000", "2019-06-30": "102.00000", "2019-03-31": "117.00000", "2018-12-31": "135.00000", "2018-09-30": "137.00000", "2018-06-30": "134.00000", "2018-03-31": "133.00000", "2017-12-31": "128.00000", "2017-09-30": "129.80000", "2017-06-30": "124.70000", "2017-03-31": "124.40000", "2016-12-31": "123.00000", "2016-09-30": "122.90000", "2016-06-30": "122.30000", "2016-03-31": "109.60000", "2015-12-31": "92.80000", "2015-09-30": "98.60000", "2015-06-30": "84.30000", "2015-03-31": "78.80000", "2014-12-31": "53.60000", "2014-09-30": "54.50000", "2014-06-30": "52.60000", "2014-03-31": "41.30000", "2013-12-31": "22.80000", "2013-09-30": "24.22200", "2013-06-30": "18.18000", "2013-03-31": "18.03200", "2012-12-31": "15.70000", "2012-09-30": "17.66300", "2012-06-30": "17.63700", "2012-03-31": "9.50100", "2011-12-31": "8.24700", "2011-09-30": "8.25300", "2011-06-30": "8.58300", "2011-03-31": "8.52200", "2010-12-31": "8.27900", "2010-09-30": "8.25200", "2010-06-30": "8.16130", "2010-03-31": "8.14430", "2009-12-31": "8.04200", "2009-09-30": "8.03480", "2009-06-30": "8.03700", "2009-03-31": "8.03780", "2008-12-31": "7.93930", "2008-09-30": "8.07980", "2008-06-30": "8.01700", "2008-03-31": "7.51700", "2007-12-31": "6.83180", "2007-09-30": "6.83050", "2007-06-30": "6.87750", "2007-03-31": "6.80930", "2006-12-31": "6.66030", "2006-09-30": "6.67880", "2006-06-30": "6.61050", "2006-03-31": "6.58500", "2005-12-31": "6.63330", "2005-09-30": "6.59650", "2005-06-30": "6.68250", "2005-03-31": "6.67630"}, "Basic EPS": {"2020-09-30": "0.93000", "2020-06-30": "-1.45000", "2020-03-31": "0.23000", "2019-12-31": "0.96000", "2019-09-30": "1.27000", "2019-06-30": "1.32000", "2019-03-31": "0.40000", "2018-12-31": "0.66000", "2018-09-30": "0.81000", "2018-06-30": "1.14000", "2018-03-31": "0.56000", "2017-12-31": "1.62000", "2017-09-30": "0.49000", "2017-06-30": "0.43000", "2017-03-31": "0.18000", "2016-12-31": "0.26000", "2016-09-30": "0.13000", "2016-06-30": "0.39000", "2016-03-31": "-0.21000", "2015-12-31": "-0.62000", "2015-09-30": "-0.94000", "2015-06-30": "-0.89000", "2015-03-31": "-0.20000", "2014-12-31": "-0.79000", "2014-09-30": "-0.23000", "2014-06-30": "-0.28000", "2014-03-31": "-0.70000", "2013-12-31": "-0.13000", "2013-09-30": "-0.28000", "2013-06-30": "-1.00000", "2013-03-31": "-0.85000", "2012-12-31": "-0.57000", "2012-09-30": "-0.22000", "2012-06-30": "-0.34000", "2012-03-31": "-0.36000", "2011-12-31": "-0.28000", "2011-09-30": "-5.38000", "2011-06-30": "0.11000", "2011-03-31": "0.14000", "2010-12-31": "0.08000", "2010-09-30": "0.21000", "2010-06-30": "0.20000", "2010-03-31": "0.12000", "2009-12-31": "0.04940", "2009-09-30": "0.12000", "2009-06-30": "0.04000", "2009-03-31": "0.00060", "2008-12-31": "0.08000", "2008-09-30": "0.16000", "2008-06-30": "0.08000", "2008-03-31": "0.08000", "2007-12-31": "0.04000", "2007-09-30": "0.08000", "2007-06-30": "0.12000", "2007-03-31": "0.08000", "2006-12-31": "0.28000", "2006-09-30": "0.12000", "2006-06-30": "0.12000", "2006-03-31": "0.08000", "2005-12-31": "0.08000", "2005-09-30": "-0.08000", "2005-06-30": "-0.20000", "2005-03-31": "-0.68000"}, "EPS - Earnings Per Share": {"2020-09-30": "0.83000", "2020-06-30": "-1.45000", "2020-03-31": "0.20000", "2019-12-31": "0.87000", "2019-09-30": "1.14000", "2019-06-30": "1.19000", "2019-03-31": "0.37000", "2018-12-31": "0.61000", "2018-09-30": "0.74000", "2018-06-30": "1.03000", "2018-03-31": "0.50000", "2017-12-31": "1.47000", "2017-09-30": "0.44000", "2017-06-30": "0.38000", "2017-03-31": "0.16000", "2016-12-31": "0.28000", "2016-09-30": "0.11000", "2016-06-30": "0.35000", "2016-03-31": "-0.21000", "2015-12-31": "-0.62000", "2015-09-30": "-0.94000", "2015-06-30": "-0.89000", "2015-03-31": "-0.20000", "2014-12-31": "-0.79000", "2014-09-30": "-0.23000", "2014-06-30": "-0.28000", "2014-03-31": "-0.70000", "2013-12-31": "-0.13000", "2013-09-30": "-0.28000", "2013-06-30": "-1.00000", "2013-03-31": "-0.85000", "2012-12-31": "-0.57000", "2012-09-30": "-0.22000", "2012-06-30": "-0.34000", "2012-03-31": "-0.36000", "2011-12-31": "-0.27000", "2011-09-30": "-5.38000", "2011-06-30": "0.11000", "2011-03-31": "0.13000", "2010-12-31": "0.06000", "2010-09-30": "0.21000", "2010-06-30": "0.20000", "2010-03-31": "0.12000", "2009-12-31": "0.04940", "2009-09-30": "0.12000", "2009-06-30": "0.04000", "2009-03-31": "0.00060", "2008-12-31": "0.08000", "2008-09-30": "0.16000", "2008-06-30": "0.08000", "2008-03-31": "0.08000", "2007-12-31": "0.04000", "2007-09-30": "0.08000", "2007-06-30": "0.12000", "2007-03-31": "0.08000", "2006-12-31": "0.28000", "2006-09-30": "0.12000", "2006-06-30": "0.12000", "2006-03-31": "0.08000", "2005-12-31": "0.08000", "2005-09-30": "-0.08000", "2005-06-30": "-0.20000", "2005-03-31": "-0.68000"}}, "balance sheet": {"Cash On Hand": {"2019-12-31": "377.00000", "2018-12-31": "502.00000", "2017-12-31": "397.00000", "2016-12-31": "373.40000", "2015-12-31": "289.80000", "2014-12-31": "644.10000", "2013-12-31": "21.50000", "2012-12-31": "252.29300", "2011-12-31": "74.00700", "2010-12-31": "0.56100", "2009-12-31": "0.49500", "2008-12-31": "1.10700", "2007-12-31": "0.80000", "2006-12-31": "0.07900", "2005-12-31": "0.38600"}, "Receivables": {"2019-12-31": "2500.00000", "2018-12-31": "2596.00000", "2017-12-31": "2725.00000", "2016-12-31": "2313.30000", "2015-12-31": "2266.40000", "2014-12-31": "543.80000", "2013-12-31": "134.20000", "2012-12-31": "63.81400", "2011-12-31": "23.53400", "2010-12-31": "25.62000", "2009-12-31": "17.56900", "2008-12-31": "12.20200", "2007-12-31": "5.66300", "2006-12-31": "5.35400", "2005-12-31": "4.43400"}, "Inventory": {"2019-12-31": "", "2018-12-31": "", "2017-12-31": "", "2016-12-31": "", "2015-12-31": "", "2014-12-31": "", "2013-12-31": "", "2012-12-31": "", "2011-12-31": "", "2010-12-31": "", "2009-12-31": "", "2008-12-31": "", "2007-12-31": "", "2006-12-31": "", "2005-12-31": ""}, "Pre-Paid Expenses": {"2019-12-31": "", "2018-12-31": "", "2017-12-31": "", "2016-12-31": "", "2015-12-31": "", "2014-12-31": "", "2013-12-31": "3.90000", "2012-12-31": "1.55500", "2011-12-31": "0.42600", "2010-12-31": "0.25700", "2009-12-31": "0.15800", "2008-12-31": "0.37200", "2007-12-31": "0.49200", "2006-12-31": "0.26500", "2005-12-31": "0.32600"}, "Other Current Assets": {"2019-12-31": "465.00000", "2018-12-31": "590.00000", "2017-12-31": "466.00000", "2016-12-31": "386.90000", "2015-12-31": "401.00000", "2014-12-31": "36.00000", "2013-12-31": "7.40000", "2012-12-31": "1.86600", "2011-12-31": "0.21900", "2010-12-31": "0.81300", "2009-12-31": "0.45900", "2008-12-31": "0.65000", "2007-12-31": "0.14900", "2006-12-31": "0.18100", "2005-12-31": "0.07700"}, "Total Current Assets": {"2019-12-31": "3342.00000", "2018-12-31": "3688.00000", "2017-12-31": "3588.00000", "2016-12-31": "3073.60000", "2015-12-31": "2957.20000", "2014-12-31": "1223.90000", "2013-12-31": "170.00000", "2012-12-31": "320.93400", "2011-12-31": "99.14100", "2010-12-31": "27.56500", "2009-12-31": "19.03400", "2008-12-31": "14.82400", "2007-12-31": "8.65300", "2006-12-31": "6.94800", "2005-12-31": "5.72300"}, "Property, Plant, And Equipment": {"2019-12-31": "2704.00000", "2018-12-31": "2605.00000", "2017-12-31": "2664.00000", "2016-12-31": "2537.40000", "2015-12-31": "2852.20000", "2014-12-31": "221.90000", "2013-12-31": "56.60000", "2012-12-31": "13.09000", "2011-12-31": "2.97900", "2010-12-31": "2.96000", "2009-12-31": "2.79700", "2008-12-31": "3.14100", "2007-12-31": "2.31200", "2006-12-31": "2.48800", "2005-12-31": "2.22900"}, "Long-Term Investments": {"2019-12-31": "", "2018-12-31": "", "2017-12-31": "", "2016-12-31": "", "2015-12-31": "", "2014-12-31": "", "2013-12-31": "", "2012-12-31": "", "2011-12-31": "", "2010-12-31": "", "2009-12-31": "", "2008-12-31": "", "2007-12-31": "", "2006-12-31": "", "2005-12-31": ""}, "Goodwill And Intangible Assets": {"2019-12-31": "5542.00000", "2018-12-31": "5720.00000", "2017-12-31": "5999.00000", "2016-12-31": "5860.50000", "2015-12-31": "6487.10000", "2014-12-31": "1270.80000", "2013-12-31": "548.60000", "2012-12-31": "78.42000", "2011-12-31": "25.01200", "2010-12-31": "25.50500", "2009-12-31": "26.13400", "2008-12-31": "22.54600", "2007-12-31": "11.68700", "2006-12-31": "9.75200", "2005-12-31": "8.19600"}, "Other Long-Term Assets": {"2019-12-31": "295.00000", "2018-12-31": "257.00000", "2017-12-31": "351.00000", "2016-12-31": "226.90000", "2015-12-31": "233.10000", "2014-12-31": "23.60000", "2013-12-31": "5.00000", "2012-12-31": "0.76400", "2011-12-31": "0.50900", "2010-12-31": "0.51600", "2009-12-31": "1.04400", "2008-12-31": "1.10800", "2007-12-31": "0.59100", "2006-12-31": "0.20900", "2005-12-31": "0.36300"}, "Total Long-Term Assets": {"2019-12-31": "10786.00000", "2018-12-31": "8582.00000", "2017-12-31": "9014.00000", "2016-12-31": "8624.80100", "2015-12-31": "9685.99900", "2014-12-31": "1525.50000", "2013-12-31": "610.20000", "2012-12-31": "92.27400", "2011-12-31": "28.50000", "2010-12-31": "29.10700", "2009-12-31": "30.00500", "2008-12-31": "26.85800", "2007-12-31": "15.07100", "2006-12-31": "14.66100", "2005-12-31": "12.73100"}, "Total Assets": {"2019-12-31": "14128.00000", "2018-12-31": "12270.00000", "2017-12-31": "12602.00000", "2016-12-31": "11698.40000", "2015-12-31": "12643.20000", "2014-12-31": "2749.40000", "2013-12-31": "780.20000", "2012-12-31": "413.20800", "2011-12-31": "127.64100", "2010-12-31": "56.67200", "2009-12-31": "49.03900", "2008-12-31": "41.68200", "2007-12-31": "23.72400", "2006-12-31": "21.60900", "2005-12-31": "18.45400"}, "Total Current Liabilities": {"2019-12-31": "3258.00000", "2018-12-31": "3313.00000", "2017-12-31": "2997.00000", "2016-12-31": "2731.60000", "2015-12-31": "2694.40000", "2014-12-31": "381.10000", "2013-12-31": "99.30000", "2012-12-31": "49.02700", "2011-12-31": "16.07100", "2010-12-31": "15.25100", "2009-12-31": "18.06400", "2008-12-31": "10.39600", "2007-12-31": "4.87200", "2006-12-31": "4.70000", "2005-12-31": "4.38100"}, "Long Term Debt": {"2019-12-31": "5182.00000", "2018-12-31": "3902.00000", "2017-12-31": "4418.00000", "2016-12-31": "4731.50000", "2015-12-31": "5272.60000", "2014-12-31": "580.30000", "2013-12-31": "181.70000", "2012-12-31": "108.95600", "2011-12-31": "0.45400", "2010-12-31": "4.83200", "2009-12-31": "0.21300", "2008-12-31": "3.72000", "2007-12-31": "0.03400", "2006-12-31": "1.28600", "2005-12-31": "2.58800"}, "Other Non-Current Liabilities": {"2019-12-31": "521.00000", "2018-12-31": "641.00000", "2017-12-31": "758.00000", "2016-12-31": "625.30000", "2015-12-31": "682.10000", "2014-12-31": "58.40000", "2013-12-31": "28.10000", "2012-12-31": "3.38500", "2011-12-31": "0.41000", "2010-12-31": "0.54400", "2009-12-31": "1.20200", "2008-12-31": "0.45600", "2007-12-31": "0.61600", "2006-12-31": "0.28500", "2005-12-31": "0.19900"}, "Total Long Term Liabilities": {"2019-12-31": "7974.00000", "2018-12-31": "4987.00000", "2017-12-31": "5595.00000", "2016-12-31": "5929.20000", "2015-12-31": "6888.00000", "2014-12-31": "713.20000", "2013-12-31": "225.00000", "2012-12-31": "119.12200", "2011-12-31": "3.21000", "2010-12-31": "7.40800", "2009-12-31": "2.57100", "2008-12-31": "4.75900", "2007-12-31": "0.65000", "2006-12-31": "1.57100", "2005-12-31": "2.78700"}, "Total Liabilities": {"2019-12-31": "11232.00000", "2018-12-31": "8300.00000", "2017-12-31": "8592.00000", "2016-12-31": "8660.80000", "2015-12-31": "9582.40000", "2014-12-31": "1094.30000", "2013-12-31": "324.30000", "2012-12-31": "168.14900", "2011-12-31": "19.28100", "2010-12-31": "22.65900", "2009-12-31": "20.63500", "2008-12-31": "15.15500", "2007-12-31": "5.52200", "2006-12-31": "6.27100", "2005-12-31": "7.16800"}, "Common Stock Net": {"2019-12-31": "0.00000", "2018-12-31": "0.00000", "2017-12-31": "0.00000", "2016-12-31": "0.10000", "2015-12-31": "0.10000", "2014-12-31": "0.10000", "2013-12-31": "", "2012-12-31": "0.01800", "2011-12-31": "0.00800", "2010-12-31": "0.00800", "2009-12-31": "0.03200", "2008-12-31": "0.03200", "2007-12-31": "0.02700", "2006-12-31": "0.02700", "2005-12-31": "0.02600"}, "Retained Earnings (Accumulated Deficit)": {"2019-12-31": "786.00000", "2018-12-31": "377.00000", "2017-12-31": "-43.00000", "2016-12-31": "-392.90000", "2015-12-31": "-465.00000", "2014-12-31": "-219.10000", "2013-12-31": "-111.70000", "2012-12-31": "-60.28700", "2011-12-31": "-36.94800", "2010-12-31": "6.87900", "2009-12-31": "1.99100", "2008-12-31": "0.28600", "2007-12-31": "-2.87000", "2006-12-31": "-5.04100", "2005-12-31": "-8.94500"}, "Comprehensive Income": {"2019-12-31": "-145.00000", "2018-12-31": "-154.00000", "2017-12-31": "16.00000", "2016-12-31": "-193.70000", "2015-12-31": "-72.30000", "2014-12-31": "0.00000", "2013-12-31": "", "2012-12-31": "", "2011-12-31": "", "2010-12-31": "", "2009-12-31": "", "2008-12-31": "", "2007-12-31": "", "2006-12-31": "", "2005-12-31": ""}, "Other Share Holders Equity": {"2019-12-31": "", "2018-12-31": "", "2017-12-31": "", "2016-12-31": "", "2015-12-31": "", "2014-12-31": "", "2013-12-31": "", "2012-12-31": "", "2011-12-31": "", "2010-12-31": "", "2009-12-31": "", "2008-12-31": "", "2007-12-31": "", "2006-12-31": "", "2005-12-31": ""}, "Share Holder Equity": {"2019-12-31": "2896.00000", "2018-12-31": "3970.00000", "2017-12-31": "4010.00000", "2016-12-31": "3037.60000", "2015-12-31": "3060.80000", "2014-12-31": "1655.10000", "2013-12-31": "455.90000", "2012-12-31": "245.05900", "2011-12-31": "108.36000", "2010-12-31": "34.01300", "2009-12-31": "28.40400", "2008-12-31": "26.52700", "2007-12-31": "18.20200", "2006-12-31": "15.33800", "2005-12-31": "11.28600"}, "Total Liabilities And Share Holders Equity": {"2019-12-31": "14128.00000", "2018-12-31": "12270.00000", "2017-12-31": "12602.00000", "2016-12-31": "11698.40000", "2015-12-31": "12643.20000", "2014-12-31": "2749.40000", "2013-12-31": "780.20000", "2012-12-31": "413.20800", "2011-12-31": "127.64100", "2010-12-31": "56.67200", "2009-12-31": "49.03900", "2008-12-31": "41.68200", "2007-12-31": "23.72400", "2006-12-31": "21.60900", "2005-12-31": "18.45400"}}, "balance sheet, quarterly": {"Cash On Hand": {"2020-09-30": "2025.00000", "2020-06-30": "2285.00000", "2020-03-31": "1127.00000", "2019-12-31": "377.00000", "2019-09-30": "425.00000", "2019-06-30": "497.00000", "2019-03-31": "376.00000", "2018-12-31": "502.00000", "2018-09-30": "427.90000", "2018-06-30": "361.40000", "2018-03-31": "380.00000", "2017-12-31": "397.00000", "2017-09-30": "473.10000", "2017-06-30": "291.40000", "2017-03-31": "342.00000", "2016-12-31": "373.40000", "2016-09-30": "360.30000", "2016-06-30": "377.80000", "2016-03-31": "279.00000", "2015-12-31": "289.80000", "2015-09-30": "1285.30000", "2015-06-30": "1866.30000", "2015-03-31": "1034.30000", "2014-12-31": "644.10000", "2014-09-30": "680.10100", "2014-06-30": "111.62000", "2014-03-31": "143.88600", "2013-12-31": "21.50000", "2013-09-30": "67.25900", "2013-06-30": "178.15500", "2013-03-31": "206.18200", "2012-12-31": "252.29300", "2012-09-30": "296.50300", "2012-06-30": "190.71200", "2012-03-31": "204.49600", "2011-12-31": "74.00700", "2011-09-30": "71.47300", "2011-06-30": "0.64700", "2011-03-31": "0.05000", "2010-12-31": "0.56100", "2010-09-30": "0.95100", "2010-06-30": "0.28000", "2010-03-31": "0.92000", "2009-12-31": "0.49500", "2009-09-30": "0.68300", "2009-06-30": "1.52600", "2009-03-31": "1.18900", "2008-12-31": "1.10700", "2008-09-30": "1.86800", "2008-06-30": "1.34800", "2008-03-31": "1.21500", "2007-12-31": "0.80000", "2007-09-30": "0.10800", "2007-06-30": "0.32800", "2007-03-31": "0.81600", "2006-12-31": "0.07900", "2006-09-30": "0.12900", "2006-06-30": "0.08200", "2006-03-31": "0.25500", "2005-12-31": "0.38600", "2005-09-30": "0.17560", "2005-06-30": "0.70800", "2005-03-31": "0.27100"}, "Receivables": {"2020-09-30": "2624.00000", "2020-06-30": "2244.00000", "2020-03-31": "2415.00000", "2019-12-31": "2500.00000", "2019-09-30": "2577.00000", "2019-06-30": "2723.00000", "2019-03-31": "2753.00000", "2018-12-31": "2596.00000", "2018-09-30": "2914.90000", "2018-06-30": "2855.90000", "2018-03-31": "2858.40000", "2017-12-31": "2725.00000", "2017-09-30": "2601.00000", "2017-06-30": "2481.90000", "2017-03-31": "2338.00000", "2016-12-31": "2313.30000", "2016-09-30": "2338.40000", "2016-06-30": "2266.40000", "2016-03-31": "2265.10000", "2015-12-31": "2266.40000", "2015-09-30": "1647.20000", "2015-06-30": "1702.20000", "2015-03-31": "504.70000", "2014-12-31": "543.80000", "2014-09-30": "488.54000", "2014-06-30": "342.18200", "2014-03-31": "342.75200", "2013-12-31": "134.20000", "2013-09-30": "125.34700", "2013-06-30": "92.58000", "2013-03-31": "76.36800", "2012-12-31": "63.81400", "2012-09-30": "45.67100", "2012-06-30": "33.33100", "2012-03-31": "27.19600", "2011-12-31": "23.53400", "2011-09-30": "27.20100", "2011-06-30": "25.39200", "2011-03-31": "25.64500", "2010-12-31": "25.62000", "2010-09-30": "26.28200", "2010-06-30": "23.31400", "2010-03-31": "17.66800", "2009-12-31": "17.56900", "2009-09-30": "15.53500", "2009-06-30": "12.34000", "2009-03-31": "11.07100", "2008-12-31": "12.20200", "2008-09-30": "17.11900", "2008-06-30": "17.06700", "2008-03-31": "12.31600", "2007-12-31": "5.66300", "2007-09-30": "6.25100", "2007-06-30": "6.69900", "2007-03-31": "5.17300", "2006-12-31": "5.35400", "2006-09-30": "5.66200", "2006-06-30": "5.64600", "2006-03-31": "4.68300", "2005-12-31": "4.43400", "2005-09-30": "5.19560", "2005-06-30": "5.16000", "2005-03-31": "4.91900"}, "Inventory": {"2020-09-30": "", "2020-06-30": "", "2020-03-31": "", "2019-12-31": "", "2019-09-30": "", "2019-06-30": "", "2019-03-31": "", "2018-12-31": "", "2018-09-30": "", "2018-06-30": "", "2018-03-31": "", "2017-12-31": "", "2017-09-30": "", "2017-06-30": "", "2017-03-31": "", "2016-12-31": "", "2016-09-30": "", "2016-06-30": "", "2016-03-31": "", "2015-12-31": "", "2015-09-30": "", "2015-06-30": "", "2015-03-31": "", "2014-12-31": "", "2014-09-30": "", "2014-06-30": "", "2014-03-31": "", "2013-12-31": "", "2013-09-30": "", "2013-06-30": "", "2013-03-31": "", "2012-12-31": "", "2012-09-30": "", "2012-06-30": "", "2012-03-31": "", "2011-12-31": "", "2011-09-30": "", "2011-06-30": "", "2011-03-31": "", "2010-12-31": "", "2010-09-30": "", "2010-06-30": "", "2010-03-31": "", "2009-12-31": "", "2009-09-30": "", "2009-06-30": "", "2009-03-31": "", "2008-12-31": "", "2008-09-30": "", "2008-06-30": "", "2008-03-31": "", "2007-12-31": "", "2007-09-30": "", "2007-06-30": "", "2007-03-31": "", "2006-12-31": "", "2006-09-30": "", "2006-06-30": "", "2006-03-31": "", "2005-12-31": "", "2005-09-30": "", "2005-06-30": "", "2005-03-31": ""}, "Pre-Paid Expenses": {"2020-09-30": "", "2020-06-30": "", "2020-03-31": "", "2019-12-31": "", "2019-09-30": "", "2019-06-30": "", "2019-03-31": "", "2018-12-31": "", "2018-09-30": "", "2018-06-30": "", "2018-03-31": "", "2017-12-31": "", "2017-09-30": "", "2017-06-30": "", "2017-03-31": "", "2016-12-31": "", "2016-09-30": "", "2016-06-30": "", "2016-03-31": "", "2015-12-31": "", "2015-09-30": "", "2015-06-30": "109.10000", "2015-03-31": "16.50000", "2014-12-31": "", "2014-09-30": "16.68200", "2014-06-30": "12.76400", "2014-03-31": "8.51500", "2013-12-31": "3.90000", "2013-09-30": "3.43500", "2013-06-30": "2.09500", "2013-03-31": "1.65700", "2012-12-31": "1.55500", "2012-09-30": "1.17400", "2012-06-30": "0.73200", "2012-03-31": "0.88500", "2011-12-31": "0.42600", "2011-09-30": "0.60700", "2011-06-30": "0.60100", "2011-03-31": "0.61000", "2010-12-31": "0.25700", "2010-09-30": "0.43000", "2010-06-30": "0.47200", "2010-03-31": "0.48000", "2009-12-31": "0.15800", "2009-09-30": "0.18800", "2009-06-30": "0.22400", "2009-03-31": "0.34600", "2008-12-31": "0.37200", "2008-09-30": "0.23800", "2008-06-30": "0.36700", "2008-03-31": "0.48200", "2007-12-31": "0.49200", "2007-09-30": "0.20700", "2007-06-30": "0.14700", "2007-03-31": "0.20600", "2006-12-31": "0.26500", "2006-09-30": "0.22900", "2006-06-30": "0.19400", "2006-03-31": "0.25800", "2005-12-31": "0.32600", "2005-09-30": "0.24890", "2005-06-30": "0.24700", "2005-03-31": "0.57800"}, "Other Current Assets": {"2020-09-30": "435.00000", "2020-06-30": "501.00000", "2020-03-31": "464.00000", "2019-12-31": "465.00000", "2019-09-30": "424.00000", "2019-06-30": "570.00000", "2019-03-31": "554.00000", "2018-12-31": "590.00000", "2018-09-30": "487.50000", "2018-06-30": "496.00000", "2018-03-31": "567.10000", "2017-12-31": "466.00000", "2017-09-30": "507.60000", "2017-06-30": "485.00000", "2017-03-31": "416.10000", "2016-12-31": "386.90000", "2016-09-30": "473.00000", "2016-06-30": "461.80000", "2016-03-31": "497.00000", "2015-12-31": "401.00000", "2015-09-30": "284.80000", "2015-06-30": "194.40000", "2015-03-31": "10.30000", "2014-12-31": "36.00000", "2014-09-30": "9.87500", "2014-06-30": "9.96500", "2014-03-31": "10.86900", "2013-12-31": "7.40000", "2013-09-30": "5.08100", "2013-06-30": "4.20300", "2013-03-31": "3.78500", "2012-12-31": "1.86600", "2012-09-30": "1.37600", "2012-06-30": "0.71900", "2012-03-31": "1.54400", "2011-12-31": "0.21900", "2011-09-30": "0.24600", "2011-06-30": "0.25100", "2011-03-31": "0.54700", "2010-12-31": "0.81300", "2010-09-30": "0.55400", "2010-06-30": "0.45900", "2010-03-31": "0.35600", "2009-12-31": "0.45900", "2009-09-30": "0.57500", "2009-06-30": "0.47200", "2009-03-31": "1.01800", "2008-12-31": "0.65000", "2008-09-30": "0.88700", "2008-06-30": "0.87500", "2008-03-31": "0.59500", "2007-12-31": "0.14900", "2007-09-30": "0.26600", "2007-06-30": "0.30300", "2007-03-31": "0.21400", "2006-12-31": "0.18100", "2006-09-30": "0.07600", "2006-06-30": "0.04200", "2006-03-31": "0.09200", "2005-12-31": "0.07700", "2005-09-30": "0.78980", "2005-06-30": "0.91500", "2005-03-31": "0.78800"}, "Total Current Assets": {"2020-09-30": "5084.00000", "2020-06-30": "5030.00000", "2020-03-31": "4006.00000", "2019-12-31": "3342.00000", "2019-09-30": "3426.00000", "2019-06-30": "3790.00000", "2019-03-31": "3683.00000", "2018-12-31": "3688.00000", "2018-09-30": "3830.30000", "2018-06-30": "3713.30000", "2018-03-31": "3805.50000", "2017-12-31": "3588.00000", "2017-09-30": "3581.70000", "2017-06-30": "3258.30000", "2017-03-31": "3096.10000", "2016-12-31": "3073.60000", "2016-09-30": "3171.70000", "2016-06-30": "3106.00000", "2016-03-31": "3041.10000", "2015-12-31": "2957.20000", "2015-09-30": "3240.70000", "2015-06-30": "3894.30000", "2015-03-31": "1567.40000", "2014-12-31": "1223.90000", "2014-09-30": "1203.77900", "2014-06-30": "483.41600", "2014-03-31": "512.20400", "2013-12-31": "170.00000", "2013-09-30": "202.41000", "2013-06-30": "277.97100", "2013-03-31": "289.25800", "2012-12-31": "320.93400", "2012-09-30": "346.20800", "2012-06-30": "225.54000", "2012-03-31": "235.42600", "2011-12-31": "99.14100", "2011-09-30": "99.52700", "2011-06-30": "26.89100", "2011-03-31": "26.93200", "2010-12-31": "27.56500", "2010-09-30": "28.38600", "2010-06-30": "24.65400", "2010-03-31": "19.83700", "2009-12-31": "19.03400", "2009-09-30": "17.21400", "2009-06-30": "15.08000", "2009-03-31": "14.20100", "2008-12-31": "14.82400", "2008-09-30": "20.70600", "2008-06-30": "20.88800", "2008-03-31": "15.98000", "2007-12-31": "8.65300", "2007-09-30": "7.90100", "2007-06-30": "8.54600", "2007-03-31": "7.47800", "2006-12-31": "6.94800", "2006-09-30": "6.59600", "2006-06-30": "6.46400", "2006-03-31": "5.78800", "2005-12-31": "5.72300", "2005-09-30": "6.40990", "2005-06-30": "7.03000", "2005-03-31": "6.55600"}, "Property, Plant, And Equipment": {"2020-09-30": "2573.00000", "2020-06-30": "2597.00000", "2020-03-31": "2632.00000", "2019-12-31": "2704.00000", "2019-09-30": "2589.00000", "2019-06-30": "2551.00000", "2019-03-31": "2559.00000", "2018-12-31": "2605.00000", "2018-09-30": "2705.20000", "2018-06-30": "2692.10000", "2018-03-31": "2725.50000", "2017-12-31": "2664.00000", "2017-09-30": "2602.10000", "2017-06-30": "2542.20000", "2017-03-31": "2531.20000", "2016-12-31": "2537.40000", "2016-09-30": "2711.30000", "2016-06-30": "2754.50000", "2016-03-31": "2820.30000", "2015-12-31": "2852.20000", "2015-09-30": "955.70000", "2015-06-30": "958.50000", "2015-03-31": "219.20000", "2014-12-31": "221.90000", "2014-09-30": "224.13800", "2014-06-30": "97.37800", "2014-03-31": "98.81900", "2013-12-31": "56.60000", "2013-09-30": "39.66800", "2013-06-30": "15.55400", "2013-03-31": "14.01100", "2012-12-31": "13.09000", "2012-09-30": "8.08300", "2012-06-30": "6.69400", "2012-03-31": "4.31500", "2011-12-31": "2.97900", "2011-09-30": "2.86800", "2011-06-30": "2.86500", "2011-03-31": "2.87100", "2010-12-31": "2.96000", "2010-09-30": "2.80600", "2010-06-30": "2.64200", "2010-03-31": "2.69500", "2009-12-31": "2.79700", "2009-09-30": "2.83600", "2009-06-30": "2.93100", "2009-03-31": "3.06500", "2008-12-31": "3.14100", "2008-09-30": "3.22600", "2008-06-30": "3.07700", "2008-03-31": "2.88500", "2007-12-31": "2.31200", "2007-09-30": "2.39800", "2007-06-30": "2.40800", "2007-03-31": "2.44300", "2006-12-31": "2.48800", "2006-09-30": "2.46800", "2006-06-30": "2.40100", "2006-03-31": "2.17300", "2005-12-31": "2.22900", "2005-09-30": "2.34780", "2005-06-30": "2.84500", "2005-03-31": "2.68400"}, "Long-Term Investments": {"2020-09-30": "", "2020-06-30": "", "2020-03-31": "", "2019-12-31": "", "2019-09-30": "", "2019-06-30": "", "2019-03-31": "", "2018-12-31": "", "2018-09-30": "", "2018-06-30": "", "2018-03-31": "", "2017-12-31": "", "2017-09-30": "", "2017-06-30": "", "2017-03-31": "", "2016-12-31": "", "2016-09-30": "", "2016-06-30": "", "2016-03-31": "", "2015-12-31": "", "2015-09-30": "", "2015-06-30": "", "2015-03-31": "", "2014-12-31": "", "2014-09-30": "", "2014-06-30": "", "2014-03-31": "", "2013-12-31": "", "2013-09-30": "", "2013-06-30": "", "2013-03-31": "", "2012-12-31": "", "2012-09-30": "", "2012-06-30": "", "2012-03-31": "", "2011-12-31": "", "2011-09-30": "", "2011-06-30": "", "2011-03-31": "", "2010-12-31": "", "2010-09-30": "", "2010-06-30": "", "2010-03-31": "", "2009-12-31": "", "2009-09-30": "", "2009-06-30": "", "2009-03-31": "", "2008-12-31": "", "2008-09-30": "", "2008-06-30": "", "2008-03-31": "", "2007-12-31": "", "2007-09-30": "", "2007-06-30": "", "2007-03-31": "", "2006-12-31": "", "2006-09-30": "", "2006-06-30": "", "2006-03-31": "", "2005-12-31": "", "2005-09-30": "", "2005-06-30": "", "2005-03-31": ""}, "Goodwill And Intangible Assets": {"2020-09-30": "5500.00000", "2020-06-30": "5437.00000", "2020-03-31": "5441.00000", "2019-12-31": "5542.00000", "2019-09-30": "5488.00000", "2019-06-30": "5619.00000", "2019-03-31": "5647.00000", "2018-12-31": "5720.00000", "2018-09-30": "5793.50000", "2018-06-30": "5846.40000", "2018-03-31": "6037.80000", "2017-12-31": "5999.00000", "2017-09-30": "6002.30000", "2017-06-30": "5957.40000", "2017-03-31": "5853.70000", "2016-12-31": "5860.50000", "2016-09-30": "6325.50000", "2016-06-30": "6369.50000", "2016-03-31": "6491.20000", "2015-12-31": "6487.10000", "2015-09-30": "4604.40000", "2015-06-30": "4622.20000", "2015-03-31": "1310.80000", "2014-12-31": "1270.80000", "2014-09-30": "1281.48900", "2014-06-30": "772.86900", "2014-03-31": "789.37100", "2013-12-31": "548.60000", "2013-09-30": "456.87300", "2013-06-30": "100.04800", "2013-03-31": "96.27700", "2012-12-31": "78.42000", "2012-09-30": "33.00800", "2012-06-30": "27.98600", "2012-03-31": "24.90100", "2011-12-31": "25.01200", "2011-09-30": "25.12100", "2011-06-30": "25.23900", "2011-03-31": "25.37200", "2010-12-31": "25.50500", "2010-09-30": "25.66300", "2010-06-30": "25.82000", "2010-03-31": "25.97700", "2009-12-31": "26.13400", "2009-09-30": "23.11000", "2009-06-30": "23.21900", "2009-03-31": "23.33100", "2008-12-31": "22.54600", "2008-09-30": "22.68700", "2008-06-30": "22.78700", "2008-03-31": "22.94000", "2007-12-31": "11.68700", "2007-09-30": "9.53500", "2007-06-30": "9.59200", "2007-03-31": "9.67200", "2006-12-31": "9.75200", "2006-09-30": "7.87200", "2006-06-30": "7.97800", "2006-03-31": "8.08700", "2005-12-31": "8.19600", "2005-09-30": "6.59490", "2005-06-30": "6.60700", "2005-03-31": "6.67600"}, "Other Long-Term Assets": {"2020-09-30": "367.00000", "2020-06-30": "351.00000", "2020-03-31": "340.00000", "2019-12-31": "295.00000", "2019-09-30": "303.00000", "2019-06-30": "280.00000", "2019-03-31": "260.00000", "2018-12-31": "257.00000", "2018-09-30": "347.10000", "2018-06-30": "367.90000", "2018-03-31": "392.50000", "2017-12-31": "351.00000", "2017-09-30": "172.10000", "2017-06-30": "170.90000", "2017-03-31": "204.30000", "2016-12-31": "226.90000", "2016-09-30": "208.70000", "2016-06-30": "197.70000", "2016-03-31": "236.90000", "2015-12-31": "233.10000", "2015-09-30": "129.80000", "2015-06-30": "133.00000", "2015-03-31": "35.70000", "2014-12-31": "23.60000", "2014-09-30": "36.81100", "2014-06-30": "27.09200", "2014-03-31": "22.85000", "2013-12-31": "5.00000", "2013-09-30": "1.30800", "2013-06-30": "0.83400", "2013-03-31": "0.82900", "2012-12-31": "0.76400", "2012-09-30": "0.47200", "2012-06-30": "0.51100", "2012-03-31": "0.47400", "2011-12-31": "0.50900", "2011-09-30": "0.39900", "2011-06-30": "0.48100", "2011-03-31": "0.52800", "2010-12-31": "0.51600", "2010-09-30": "0.73500", "2010-06-30": "0.82000", "2010-03-31": "1.06700", "2009-12-31": "1.04400", "2009-09-30": "1.12600", "2009-06-30": "1.17800", "2009-03-31": "1.01600", "2008-12-31": "1.10800", "2008-09-30": "1.21200", "2008-06-30": "1.29400", "2008-03-31": "1.26300", "2007-12-31": "0.59100", "2007-09-30": "0.45900", "2007-06-30": "0.38100", "2007-03-31": "0.35900", "2006-12-31": "0.20900", "2006-09-30": "0.41900", "2006-06-30": "0.40600", "2006-03-31": "0.37900", "2005-12-31": "0.36300", "2005-09-30": "1.91820", "2005-06-30": "2.28200", "2005-03-31": "2.32200"}, "Total Long-Term Assets": {"2020-09-30": "10661.00000", "2020-06-30": "10611.00000", "2020-03-31": "10556.00000", "2019-12-31": "10786.00000", "2019-09-30": "10490.00000", "2019-06-30": "10524.00000", "2019-03-31": "10513.00000", "2018-12-31": "8582.00000", "2018-09-30": "8845.80000", "2018-06-30": "8906.40000", "2018-03-31": "9155.80000", "2017-12-31": "9014.00000", "2017-09-30": "8776.50000", "2017-06-30": "8673.60100", "2017-03-31": "8592.20000", "2016-12-31": "8624.80100", "2016-09-30": "9247.60000", "2016-06-30": "9324.30000", "2016-03-31": "9551.20000", "2015-12-31": "9685.99900", "2015-09-30": "5795.90000", "2015-06-30": "5808.40000", "2015-03-31": "1565.70000", "2014-12-31": "1525.50000", "2014-09-30": "1542.51400", "2014-06-30": "897.41390", "2014-03-31": "911.55100", "2013-12-31": "610.20000", "2013-09-30": "497.92200", "2013-06-30": "116.50800", "2013-03-31": "111.19600", "2012-12-31": "92.27400", "2012-09-30": "41.56300", "2012-06-30": "35.19100", "2012-03-31": "29.82000", "2011-12-31": "28.50000", "2011-09-30": "28.50300", "2011-06-30": "28.70500", "2011-03-31": "28.89100", "2010-12-31": "29.10700", "2010-09-30": "29.36600", "2010-06-30": "29.45500", "2010-03-31": "29.91600", "2009-12-31": "30.00500", "2009-09-30": "27.10600", "2009-06-30": "27.37300", "2009-03-31": "27.46400", "2008-12-31": "26.85800", "2008-09-30": "27.19800", "2008-06-30": "27.24200", "2008-03-31": "27.31600", "2007-12-31": "15.07100", "2007-09-30": "13.54600", "2007-06-30": "13.84000", "2007-03-31": "14.39900", "2006-12-31": "14.66100", "2006-09-30": "12.41600", "2006-06-30": "12.45500", "2006-03-31": "12.34400", "2005-12-31": "12.73100", "2005-09-30": "11.41300", "2005-06-30": "11.83500", "2005-03-31": "11.78400"}, "Total Assets": {"2020-09-30": "15745.00000", "2020-06-30": "15641.00000", "2020-03-31": "14562.00000", "2019-12-31": "14128.00000", "2019-09-30": "13916.00000", "2019-06-30": "14314.00000", "2019-03-31": "14196.00000", "2018-12-31": "12270.00000", "2018-09-30": "12676.10000", "2018-06-30": "12619.70000", "2018-03-31": "12961.30000", "2017-12-31": "12602.00000", "2017-09-30": "12358.20000", "2017-06-30": "11931.90000", "2017-03-31": "11688.30000", "2016-12-31": "11698.40000", "2016-09-30": "12419.30000", "2016-06-30": "12430.30000", "2016-03-31": "12592.30000", "2015-12-31": "12643.20000", "2015-09-30": "9036.60000", "2015-06-30": "9702.70000", "2015-03-31": "3133.10000", "2014-12-31": "2749.40000", "2014-09-30": "2746.29300", "2014-06-30": "1380.83000", "2014-03-31": "1423.75500", "2013-12-31": "780.20000", "2013-09-30": "700.33200", "2013-06-30": "394.47900", "2013-03-31": "400.45400", "2012-12-31": "413.20800", "2012-09-30": "387.77100", "2012-06-30": "260.73100", "2012-03-31": "265.24600", "2011-12-31": "127.64100", "2011-09-30": "128.03000", "2011-06-30": "55.59600", "2011-03-31": "55.82300", "2010-12-31": "56.67200", "2010-09-30": "57.75200", "2010-06-30": "54.10900", "2010-03-31": "49.75300", "2009-12-31": "49.03900", "2009-09-30": "44.32000", "2009-06-30": "42.45300", "2009-03-31": "41.66500", "2008-12-31": "41.68200", "2008-09-30": "47.90400", "2008-06-30": "48.13000", "2008-03-31": "43.29600", "2007-12-31": "23.72400", "2007-09-30": "21.44700", "2007-06-30": "22.38600", "2007-03-31": "21.87700", "2006-12-31": "21.60900", "2006-09-30": "19.01200", "2006-06-30": "18.91900", "2006-03-31": "18.13200", "2005-12-31": "18.45400", "2005-09-30": "17.82290", "2005-06-30": "18.86500", "2005-03-31": "18.34000"}, "Total Current Liabilities": {"2020-09-30": "3648.00000", "2020-06-30": "3329.00000", "2020-03-31": "3385.00000", "2019-12-31": "3258.00000", "2019-09-30": "3207.00000", "2019-06-30": "3671.00000", "2019-03-31": "3441.00000", "2018-12-31": "3313.00000", "2018-09-30": "2995.10000", "2018-06-30": "2940.10000", "2018-03-31": "3012.10000", "2017-12-31": "2997.00000", "2017-09-30": "2907.70000", "2017-06-30": "2733.70000", "2017-03-31": "2597.30000", "2016-12-31": "2731.60000", "2016-09-30": "2693.90000", "2016-06-30": "2640.20000", "2016-03-31": "2712.90000", "2015-12-31": "2694.40000", "2015-09-30": "1948.80000", "2015-06-30": "2129.40000", "2015-03-31": "398.40000", "2014-12-31": "381.10000", "2014-09-30": "345.57000", "2014-06-30": "272.75400", "2014-03-31": "301.20500", "2013-12-31": "99.30000", "2013-09-30": "84.31800", "2013-06-30": "55.29200", "2013-03-31": "45.59200", "2012-12-31": "49.02700", "2012-09-30": "28.69800", "2012-06-30": "16.75600", "2012-03-31": "18.18800", "2011-12-31": "16.07100", "2011-09-30": "15.28500", "2011-06-30": "14.63000", "2011-03-31": "15.37200", "2010-12-31": "15.25100", "2010-09-30": "15.63300", "2010-06-30": "15.48000", "2010-03-31": "13.31100", "2009-12-31": "18.06400", "2009-09-30": "14.93500", "2009-06-30": "13.87700", "2009-03-31": "8.65800", "2008-12-31": "10.39600", "2008-09-30": "11.25100", "2008-06-30": "13.00200", "2008-03-31": "9.53100", "2007-12-31": "4.87200", "2007-09-30": "3.19500", "2007-06-30": "3.82200", "2007-03-31": "3.10800", "2006-12-31": "4.70000", "2006-09-30": "2.88700", "2006-06-30": "3.03400", "2006-03-31": "3.40400", "2005-12-31": "4.38100", "2005-09-30": "5.91160", "2005-06-30": "6.25700", "2005-03-31": "5.03200"}, "Long Term Debt": {"2020-09-30": "6545.00000", "2020-06-30": "6939.00000", "2020-03-31": "5766.00000", "2019-12-31": "5182.00000", "2019-09-30": "5121.00000", "2019-06-30": "5134.00000", "2019-03-31": "5362.00000", "2018-12-31": "3902.00000", "2018-09-30": "4005.30000", "2018-06-30": "4406.10000", "2018-03-31": "4612.10000", "2017-12-31": "4418.00000", "2017-09-30": "4541.00000", "2017-06-30": "4754.30000", "2017-03-31": "4810.90000", "2016-12-31": "4731.50000", "2016-09-30": "5297.30000", "2016-06-30": "5342.70000", "2016-03-31": "5379.10000", "2015-12-31": "5272.60000", "2015-09-30": "3359.10000", "2015-06-30": "3405.70000", "2015-03-31": "979.30000", "2014-12-31": "580.30000", "2014-09-30": "602.56800", "2014-06-30": "101.55800", "2014-03-31": "100.31400", "2013-12-31": "181.70000", "2013-09-30": "113.17600", "2013-06-30": "111.96400", "2013-03-31": "110.83900", "2012-12-31": "108.95600", "2012-09-30": "93.49100", "2012-06-30": "0.10300", "2012-03-31": "0.03500", "2011-12-31": "0.45400", "2011-09-30": "0.87300", "2011-06-30": "1.25000", "2011-03-31": "2.06200", "2010-12-31": "4.83200", "2010-09-30": "6.58600", "2010-06-30": "5.01800", "2010-03-31": "4.86700", "2009-12-31": "0.21300", "2009-09-30": "0.51600", "2009-06-30": "0.82000", "2009-03-31": "5.28200", "2008-12-31": "3.72000", "2008-09-30": "9.95400", "2008-06-30": "9.63400", "2008-03-31": "9.44500", "2007-12-31": "0.03400", "2007-09-30": "0.11300", "2007-06-30": "1.40400", "2007-03-31": "2.62300", "2006-12-31": "1.28600", "2006-09-30": "2.35900", "2006-06-30": "2.94500", "2006-03-31": "2.64900", "2005-12-31": "2.58800", "2005-09-30": "0.88670", "2005-06-30": "0.90400", "2005-03-31": "0.53300"}, "Other Non-Current Liabilities": {"2020-09-30": "510.00000", "2020-06-30": "462.00000", "2020-03-31": "489.00000", "2019-12-31": "521.00000", "2019-09-30": "469.00000", "2019-06-30": "523.00000", "2019-03-31": "532.00000", "2018-12-31": "641.00000", "2018-09-30": "657.00000", "2018-06-30": "711.00000", "2018-03-31": "816.10000", "2017-12-31": "758.00000", "2017-09-30": "676.10000", "2017-06-30": "647.10000", "2017-03-31": "623.20000", "2016-12-31": "625.30000", "2016-09-30": "649.10000", "2016-06-30": "657.60000", "2016-03-31": "699.60000", "2015-12-31": "682.10000", "2015-09-30": "243.60000", "2015-06-30": "287.40000", "2015-03-31": "35.50000", "2014-12-31": "58.40000", "2014-09-30": "61.85400", "2014-06-30": "34.10800", "2014-03-31": "32.66300", "2013-12-31": "28.10000", "2013-09-30": "27.89400", "2013-06-30": "3.83800", "2013-03-31": "3.77000", "2012-12-31": "3.38500", "2012-09-30": "3.08300", "2012-06-30": "2.13000", "2012-03-31": "0.97800", "2011-12-31": "0.41000", "2011-09-30": "0.47700", "2011-06-30": "0.42600", "2011-03-31": "0.17600", "2010-12-31": "0.54400", "2010-09-30": "0.84100", "2010-06-30": "0.80800", "2010-03-31": "0.84700", "2009-12-31": "1.20200", "2009-09-30": "0.43700", "2009-06-30": "0.40100", "2009-03-31": "0.48800", "2008-12-31": "0.45600", "2008-09-30": "0.52700", "2008-06-30": "0.56400", "2008-03-31": "0.57100", "2007-12-31": "0.61600", "2007-09-30": "0.54300", "2007-06-30": "0.10800", "2007-03-31": "0.10900", "2006-12-31": "0.28500", "2006-09-30": "0.09100", "2006-06-30": "0.19000", "2006-03-31": "0.20700", "2005-12-31": "0.19900", "2005-09-30": "0.32420", "2005-06-30": "0.19700", "2005-03-31": "0.05700"}, "Total Long Term Liabilities": {"2020-09-30": "9312.00000", "2020-06-30": "9678.00000", "2020-03-31": "8449.00000", "2019-12-31": "7974.00000", "2019-09-30": "7744.00000", "2019-06-30": "7731.00000", "2019-03-31": "7922.00000", "2018-12-31": "4987.00000", "2018-09-30": "5091.20000", "2018-06-30": "5539.90000", "2018-03-31": "5844.30000", "2017-12-31": "5595.00000", "2017-09-30": "5752.10000", "2017-06-30": "5948.40000", "2017-03-31": "6003.10000", "2016-12-31": "5929.20000", "2016-09-30": "6649.50000", "2016-06-30": "6712.90000", "2016-03-31": "6797.80000", "2015-12-31": "6888.00000", "2015-09-30": "3948.00000", "2015-06-30": "4749.50000", "2015-03-31": "1056.30000", "2014-12-31": "713.20000", "2014-09-30": "748.23500", "2014-06-30": "157.32400", "2014-03-31": "157.77000", "2013-12-31": "225.00000", "2013-09-30": "159.26700", "2013-06-30": "122.35500", "2013-03-31": "121.46400", "2012-12-31": "119.12200", "2012-09-30": "106.33500", "2012-06-30": "5.62800", "2012-03-31": "3.72400", "2011-12-31": "3.21000", "2011-09-30": "3.76200", "2011-06-30": "4.01400", "2011-03-31": "4.45800", "2010-12-31": "7.40800", "2010-09-30": "9.05700", "2010-06-30": "7.38500", "2010-03-31": "7.17400", "2009-12-31": "2.57100", "2009-09-30": "1.61100", "2009-06-30": "1.66400", "2009-03-31": "6.43400", "2008-12-31": "4.75900", "2008-09-30": "10.73100", "2008-06-30": "10.44800", "2008-03-31": "10.01600", "2007-12-31": "0.65000", "2007-09-30": "0.65600", "2007-06-30": "1.51200", "2007-03-31": "2.73200", "2006-12-31": "1.57100", "2006-09-30": "2.45000", "2006-06-30": "3.13500", "2006-03-31": "2.85600", "2005-12-31": "2.78700", "2005-09-30": "1.21090", "2005-06-30": "1.10100", "2005-03-31": "0.59000"}, "Total Liabilities": {"2020-09-30": "12960.00000", "2020-06-30": "13007.00000", "2020-03-31": "11834.00000", "2019-12-31": "11232.00000", "2019-09-30": "10951.00000", "2019-06-30": "11402.00000", "2019-03-31": "11363.00000", "2018-12-31": "8300.00000", "2018-09-30": "8086.30000", "2018-06-30": "8480.00000", "2018-03-31": "8856.40000", "2017-12-31": "8592.00000", "2017-09-30": "8659.80000", "2017-06-30": "8682.10000", "2017-03-31": "8600.40000", "2016-12-31": "8660.80000", "2016-09-30": "9343.40000", "2016-06-30": "9353.10000", "2016-03-31": "9510.70000", "2015-12-31": "9582.40000", "2015-09-30": "5896.80000", "2015-06-30": "6878.90000", "2015-03-31": "1454.70000", "2014-12-31": "1094.30000", "2014-09-30": "1093.80500", "2014-06-30": "430.07800", "2014-03-31": "458.97500", "2013-12-31": "324.30000", "2013-09-30": "243.58500", "2013-06-30": "177.64700", "2013-03-31": "167.05600", "2012-12-31": "168.14900", "2012-09-30": "135.03300", "2012-06-30": "22.38400", "2012-03-31": "21.91200", "2011-12-31": "19.28100", "2011-09-30": "19.04700", "2011-06-30": "18.64400", "2011-03-31": "19.83000", "2010-12-31": "22.65900", "2010-09-30": "24.69000", "2010-06-30": "22.86500", "2010-03-31": "20.48500", "2009-12-31": "20.63500", "2009-09-30": "16.54600", "2009-06-30": "15.54100", "2009-03-31": "15.09200", "2008-12-31": "15.15500", "2008-09-30": "21.98200", "2008-06-30": "23.45000", "2008-03-31": "19.54700", "2007-12-31": "5.52200", "2007-09-30": "3.85100", "2007-06-30": "5.33400", "2007-03-31": "5.84000", "2006-12-31": "6.27100", "2006-09-30": "5.33700", "2006-06-30": "6.16900", "2006-03-31": "6.26000", "2005-12-31": "7.16800", "2005-09-30": "7.12250", "2005-06-30": "7.35800", "2005-03-31": "5.62200"}, "Common Stock Net": {"2020-09-30": "", "2020-06-30": "0.00000", "2020-03-31": "0.00000", "2019-12-31": "", "2019-09-30": "0.00000", "2019-06-30": "0.00000", "2019-03-31": "0.00000", "2018-12-31": "", "2018-09-30": "0.10000", "2018-06-30": "0.10000", "2018-03-31": "0.10000", "2017-12-31": "", "2017-09-30": "0.10000", "2017-06-30": "0.10000", "2017-03-31": "0.10000", "2016-12-31": "0.10000", "2016-09-30": "0.10000", "2016-06-30": "0.10000", "2016-03-31": "0.10000", "2015-12-31": "0.10000", "2015-09-30": "0.10000", "2015-06-30": "0.10000", "2015-03-31": "", "2014-12-31": "0.10000", "2014-09-30": "0.06400", "2014-06-30": "0.05300", "2014-03-31": "0.05300", "2013-12-31": "", "2013-09-30": "0.02900", "2013-06-30": "0.01800", "2013-03-31": "0.01800", "2012-12-31": "0.01800", "2012-09-30": "0.01700", "2012-06-30": "0.01700", "2012-03-31": "0.01700", "2011-12-31": "0.00800", "2011-09-30": "0.00800", "2011-06-30": "0.03300", "2011-03-31": "0.03300", "2010-12-31": "0.00800", "2010-09-30": "0.03300", "2010-06-30": "0.03300", "2010-03-31": "0.03200", "2009-12-31": "0.03200", "2009-09-30": "0.03200", "2009-06-30": "0.03200", "2009-03-31": "0.03200", "2008-12-31": "0.03200", "2008-09-30": "0.03200", "2008-06-30": "0.03200", "2008-03-31": "0.03200", "2007-12-31": "0.02700", "2007-09-30": "0.02700", "2007-06-30": "0.02700", "2007-03-31": "0.02700", "2006-12-31": "0.02700", "2006-09-30": "0.02600", "2006-06-30": "0.02600", "2006-03-31": "0.02600", "2005-12-31": "0.02600", "2005-09-30": "0.02670", "2005-06-30": "0.02700", "2005-03-31": "0.02700"}, "Retained Earnings (Accumulated Deficit)": {"2020-09-30": "766.00000", "2020-06-30": "672.00000", "2020-03-31": "804.00000", "2019-12-31": "786.00000", "2019-09-30": "680.00000", "2019-06-30": "563.00000", "2019-03-31": "428.00000", "2018-12-31": "377.00000", "2018-09-30": "286.10000", "2018-06-30": "177.90000", "2018-03-31": "32.60000", "2017-12-31": "-43.00000", "2017-09-30": "-259.50000", "2017-06-30": "-321.70000", "2017-03-31": "-372.40000", "2016-12-31": "-392.90000", "2016-09-30": "-428.90000", "2016-06-30": "-443.00000", "2016-03-31": "-488.20000", "2015-12-31": "-465.00000", "2015-09-30": "-402.60000", "2015-06-30": "-309.40000", "2015-03-31": "-234.50000", "2014-12-31": "-219.10000", "2014-09-30": "-167.59200", "2014-06-30": "-155.16100", "2014-03-31": "-140.66600", "2013-12-31": "-111.70000", "2013-09-30": "-100.44800", "2013-06-30": "-93.67900", "2013-03-31": "-75.57400", "2012-12-31": "-60.28700", "2012-09-30": "-50.21800", "2012-06-30": "-46.31900", "2012-03-31": "-40.39200", "2011-12-31": "-36.94800", "2011-09-30": "-35.11100", "2011-06-30": "8.91000", "2011-03-31": "7.99600", "2010-12-31": "6.87900", "2010-09-30": "6.05900", "2010-06-30": "4.32900", "2010-03-31": "2.82500", "2009-12-31": "1.99100", "2009-09-30": "1.39000", "2009-06-30": "0.57900", "2009-03-31": "0.29100", "2008-12-31": "0.28600", "2008-09-30": "-0.30100", "2008-06-30": "-1.45300", "2008-03-31": "-2.22700", "2007-12-31": "-2.87000", "2007-09-30": "-3.32700", "2007-06-30": "-3.82600", "2007-03-31": "-4.58000", "2006-12-31": "-5.04100", "2006-09-30": "-6.63500", "2006-06-30": "-7.54000", "2006-03-31": "-8.38800", "2005-12-31": "-8.94500", "2005-09-30": "-9.54210", "2005-06-30": "-8.99100", "2005-03-31": "-7.78000"}, "Comprehensive Income": {"2020-09-30": "-129.00000", "2020-06-30": "-192.00000", "2020-03-31": "-210.00000", "2019-12-31": "-145.00000", "2019-09-30": "-205.00000", "2019-06-30": "-153.00000", "2019-03-31": "-153.00000", "2018-12-31": "-154.00000", "2018-09-30": "-59.20000", "2018-06-30": "-48.80000", "2018-03-31": "48.50000", "2017-12-31": "16.00000", "2017-09-30": "-54.60000", "2017-06-30": "-94.50000", "2017-03-31": "-167.50000", "2016-12-31": "-193.70000", "2016-09-30": "-125.10000", "2016-06-30": "-100.50000", "2016-03-31": "-47.30000", "2015-12-31": "-72.30000", "2015-09-30": "0.40000", "2015-06-30": "-20.00000", "2015-03-31": "", "2014-12-31": "", "2014-09-30": "", "2014-06-30": "", "2014-03-31": "", "2013-12-31": "", "2013-09-30": "", "2013-06-30": "", "2013-03-31": "", "2012-12-31": "", "2012-09-30": "", "2012-06-30": "", "2012-03-31": "", "2011-12-31": "", "2011-09-30": "", "2011-06-30": "", "2011-03-31": "", "2010-12-31": "", "2010-09-30": "", "2010-06-30": "", "2010-03-31": "", "2009-12-31": "", "2009-09-30": "", "2009-06-30": "", "2009-03-31": "", "2008-12-31": "", "2008-09-30": "", "2008-06-30": "", "2008-03-31": "", "2007-12-31": "", "2007-09-30": "", "2007-06-30": "", "2007-03-31": "", "2006-12-31": "", "2006-09-30": "", "2006-06-30": "", "2006-03-31": "", "2005-12-31": "", "2005-09-30": "", "2005-06-30": "", "2005-03-31": ""}, "Other Share Holders Equity": {"2020-09-30": "", "2020-06-30": "", "2020-03-31": "", "2019-12-31": "", "2019-09-30": "", "2019-06-30": "", "2019-03-31": "", "2018-12-31": "", "2018-09-30": "", "2018-06-30": "", "2018-03-31": "", "2017-12-31": "", "2017-09-30": "", "2017-06-30": "", "2017-03-31": "", "2016-12-31": "", "2016-09-30": "", "2016-06-30": "", "2016-03-31": "", "2015-12-31": "", "2015-09-30": "", "2015-06-30": "", "2015-03-31": "", "2014-12-31": "", "2014-09-30": "", "2014-06-30": "", "2014-03-31": "", "2013-12-31": "", "2013-09-30": "", "2013-06-30": "", "2013-03-31": "", "2012-12-31": "", "2012-09-30": "", "2012-06-30": "", "2012-03-31": "", "2011-12-31": "", "2011-09-30": "", "2011-06-30": "", "2011-03-31": "", "2010-12-31": "", "2010-09-30": "", "2010-06-30": "", "2010-03-31": "", "2009-12-31": "", "2009-09-30": "", "2009-06-30": "", "2009-03-31": "", "2008-12-31": "", "2008-09-30": "", "2008-06-30": "", "2008-03-31": "", "2007-12-31": "", "2007-09-30": "", "2007-06-30": "", "2007-03-31": "", "2006-12-31": "", "2006-09-30": "", "2006-06-30": "", "2006-03-31": "", "2005-12-31": "", "2005-09-30": "", "2005-06-30": "", "2005-03-31": ""}, "Share Holder Equity": {"2020-09-30": "2785.00000", "2020-06-30": "2634.00000", "2020-03-31": "2728.00000", "2019-12-31": "2896.00000", "2019-09-30": "2965.00000", "2019-06-30": "2912.00000", "2019-03-31": "2833.00000", "2018-12-31": "3970.00000", "2018-09-30": "4589.80000", "2018-06-30": "4139.70000", "2018-03-31": "4104.90000", "2017-12-31": "4010.00000", "2017-09-30": "3698.40000", "2017-06-30": "3249.80000", "2017-03-31": "3087.90000", "2016-12-31": "3037.60000", "2016-09-30": "3075.90000", "2016-06-30": "3077.20000", "2016-03-31": "3081.60000", "2015-12-31": "3060.80000", "2015-09-30": "3139.80000", "2015-06-30": "2823.80000", "2015-03-31": "1678.40000", "2014-12-31": "1655.10000", "2014-09-30": "1652.48800", "2014-06-30": "950.75200", "2014-03-31": "964.78000", "2013-12-31": "455.90000", "2013-09-30": "456.74700", "2013-06-30": "216.83200", "2013-03-31": "233.39800", "2012-12-31": "245.05900", "2012-09-30": "252.73800", "2012-06-30": "238.34700", "2012-03-31": "243.33400", "2011-12-31": "108.36000", "2011-09-30": "108.98300", "2011-06-30": "36.95200", "2011-03-31": "35.99300", "2010-12-31": "34.01300", "2010-09-30": "33.06200", "2010-06-30": "31.24400", "2010-03-31": "29.26800", "2009-12-31": "28.40400", "2009-09-30": "27.77400", "2009-06-30": "26.91200", "2009-03-31": "26.57300", "2008-12-31": "26.52700", "2008-09-30": "25.92200", "2008-06-30": "24.68000", "2008-03-31": "23.74900", "2007-12-31": "18.20200", "2007-09-30": "17.59600", "2007-06-30": "17.05200", "2007-03-31": "16.03700", "2006-12-31": "15.33800", "2006-09-30": "13.67500", "2006-06-30": "12.75000", "2006-03-31": "11.87200", "2005-12-31": "11.28600", "2005-09-30": "10.70040", "2005-06-30": "11.50700", "2005-03-31": "12.71800"}, "Total Liabilities And Share Holders Equity": {"2020-09-30": "15745.00000", "2020-06-30": "15641.00000", "2020-03-31": "14562.00000", "2019-12-31": "14128.00000", "2019-09-30": "13916.00000", "2019-06-30": "14314.00000", "2019-03-31": "14196.00000", "2018-12-31": "12270.00000", "2018-09-30": "12676.10000", "2018-06-30": "12619.70000", "2018-03-31": "12961.30000", "2017-12-31": "12602.00000", "2017-09-30": "12358.20000", "2017-06-30": "11931.90000", "2017-03-31": "11688.30000", "2016-12-31": "11698.40000", "2016-09-30": "12419.30000", "2016-06-30": "12430.30000", "2016-03-31": "12592.30000", "2015-12-31": "12643.20000", "2015-09-30": "9036.60000", "2015-06-30": "9702.70000", "2015-03-31": "3133.10000", "2014-12-31": "2749.40000", "2014-09-30": "2746.29300", "2014-06-30": "1380.83000", "2014-03-31": "1423.75500", "2013-12-31": "780.20000", "2013-09-30": "700.33200", "2013-06-30": "394.47900", "2013-03-31": "400.45400", "2012-12-31": "413.20800", "2012-09-30": "387.77100", "2012-06-30": "260.73100", "2012-03-31": "265.24600", "2011-12-31": "127.64100", "2011-09-30": "128.03000", "2011-06-30": "55.59600", "2011-03-31": "55.82300", "2010-12-31": "56.67200", "2010-09-30": "57.75200", "2010-06-30": "54.10900", "2010-03-31": "49.75300", "2009-12-31": "49.03900", "2009-09-30": "44.32000", "2009-06-30": "42.45300", "2009-03-31": "41.66500", "2008-12-31": "41.68200", "2008-09-30": "47.90400", "2008-06-30": "48.13000", "2008-03-31": "43.29600", "2007-12-31": "23.72400", "2007-09-30": "21.44700", "2007-06-30": "22.38600", "2007-03-31": "21.87700", "2006-12-31": "21.60900", "2006-09-30": "19.01200", "2006-06-30": "18.91900", "2006-03-31": "18.13200", "2005-12-31": "18.45400", "2005-09-30": "17.82290", "2005-06-30": "18.86500", "2005-03-31": "18.34000"}}, "cash flow statement": {"Net Income/Loss": {"2019-12-31": "440.00000", "2018-12-31": "444.00000", "2017-12-31": "360.00000", "2016-12-31": "85.00000", "2015-12-31": "-191.60000", "2014-12-31": "-63.60000", "2013-12-31": "-48.50000", "2012-12-31": "-20.30000", "2011-12-31": "0.75900", "2010-12-31": "4.88800", "2009-12-31": "1.70500", "2008-12-31": "3.15600", "2007-12-31": "2.17100", "2006-12-31": "3.90400", "2005-12-31": "-5.81500"}, "Total Depreciation And Amortization - Cash Flow": {"2019-12-31": "739.00000", "2018-12-31": "716.00000", "2017-12-31": "658.00000", "2016-12-31": "643.00000", "2015-12-31": "364.90000", "2014-12-31": "98.30000", "2013-12-31": "20.80000", "2012-12-31": "2.70000", "2011-12-31": "1.24000", "2010-12-31": "1.29000", "2009-12-31": "1.19100", "2008-12-31": "1.11400", "2007-12-31": "0.84300", "2006-12-31": "1.05400", "2005-12-31": "1.43500"}, "Other Non-Cash Items": {"2019-12-31": "59.00000", "2018-12-31": "92.00000", "2017-12-31": "38.00000", "2016-12-31": "89.00000", "2015-12-31": "-47.20000", "2014-12-31": "-4.00000", "2013-12-31": "-8.10000", "2012-12-31": "-1.50000", "2011-12-31": "1.08400", "2010-12-31": "1.05200", "2009-12-31": "1.07200", "2008-12-31": "2.15100", "2007-12-31": "0.57800", "2006-12-31": "0.44600", "2005-12-31": "3.85400"}, "Total Non-Cash Items": {"2019-12-31": "798.00000", "2018-12-31": "808.00000", "2017-12-31": "696.00000", "2016-12-31": "732.00000", "2015-12-31": "317.70000", "2014-12-31": "94.30000", "2013-12-31": "12.70000", "2012-12-31": "1.20000", "2011-12-31": "2.32400", "2010-12-31": "2.34200", "2009-12-31": "2.26300", "2008-12-31": "3.26500", "2007-12-31": "1.42100", "2006-12-31": "1.50000", "2005-12-31": "5.28900"}, "Change In Accounts Receivable": {"2019-12-31": "-67.00000", "2018-12-31": "-13.00000", "2017-12-31": "-320.00000", "2016-12-31": "-154.00000", "2015-12-31": "7.80000", "2014-12-31": "-143.90000", "2013-12-31": "-37.00000", "2012-12-31": "-13.80000", "2011-12-31": "1.62700", "2010-12-31": "-6.61800", "2009-12-31": "-5.45900", "2008-12-31": "-0.23100", "2007-12-31": "-0.49700", "2006-12-31": "-1.07800", "2005-12-31": "3.11800"}, "Change In Inventories": {"2019-12-31": "", "2018-12-31": "", "2017-12-31": "", "2016-12-31": "", "2015-12-31": "", "2014-12-31": "", "2013-12-31": "", "2012-12-31": "", "2011-12-31": "", "2010-12-31": "", "2009-12-31": "", "2008-12-31": "", "2007-12-31": "", "2006-12-31": "", "2005-12-31": ""}, "Change In Accounts Payable": {"2019-12-31": "-120.00000", "2018-12-31": "35.00000", "2017-12-31": "140.00000", "2016-12-31": "2.00000", "2015-12-31": "-51.30000", "2014-12-31": "53.90000", "2013-12-31": "5.20000", "2012-12-31": "10.90000", "2011-12-31": "-0.19100", "2010-12-31": "1.98700", "2009-12-31": "0.19100", "2008-12-31": "0.25000", "2007-12-31": "-0.14200", "2006-12-31": "0.11000", "2005-12-31": "-1.15700"}, "Change In Assets/Liabilities": {"2019-12-31": "-47.00000", "2018-12-31": "-49.00000", "2017-12-31": "-92.00000", "2016-12-31": "13.00000", "2015-12-31": "-35.30000", "2014-12-31": "9.20000", "2013-12-31": "-3.00000", "2012-12-31": "0.50000", "2011-12-31": "0.52200", "2010-12-31": "-0.77400", "2009-12-31": "-0.32800", "2008-12-31": "1.17400", "2007-12-31": "1.03300", "2006-12-31": "-0.89200", "2005-12-31": "0.46600"}, "Total Change In Assets/Liabilities": {"2019-12-31": "-447.00000", "2018-12-31": "-150.00000", "2017-12-31": "-271.00000", "2016-12-31": "-195.00000", "2015-12-31": "-35.30000", "2014-12-31": "-52.00000", "2013-12-31": "-30.50000", "2012-12-31": "-5.20000", "2011-12-31": "3.52800", "2010-12-31": "-4.97300", "2009-12-31": "-4.06700", "2008-12-31": "0.62700", "2007-12-31": "0.45100", "2006-12-31": "-1.76700", "2005-12-31": "1.87100"}, "Cash Flow From Operating Activities": {"2019-12-31": "791.00000", "2018-12-31": "1102.00000", "2017-12-31": "785.00000", "2016-12-31": "622.00000", "2015-12-31": "90.80000", "2014-12-31": "-21.30000", "2013-12-31": "-66.30000", "2012-12-31": "-24.30000", "2011-12-31": "6.61100", "2010-12-31": "2.25700", "2009-12-31": "-0.09900", "2008-12-31": "7.04800", "2007-12-31": "4.04300", "2006-12-31": "3.63700", "2005-12-31": "1.34500"}, "Net Change In Property, Plant, And Equipment": {"2019-12-31": "-349.00000", "2018-12-31": "-408.00000", "2017-12-31": "-386.00000", "2016-12-31": "-414.00000", "2015-12-31": "-188.70000", "2014-12-31": "-44.60000", "2013-12-31": "-11.60000", "2012-12-31": "-7.00000", "2011-12-31": "-0.75400", "2010-12-31": "-0.80900", "2009-12-31": "-0.12400", "2008-12-31": "-1.10900", "2007-12-31": "-0.37200", "2006-12-31": "-0.95600", "2005-12-31": "0.11800"}, "Net Change In Intangible Assets": {"2019-12-31": "", "2018-12-31": "", "2017-12-31": "", "2016-12-31": "", "2015-12-31": "", "2014-12-31": "", "2013-12-31": "", "2012-12-31": "", "2011-12-31": "", "2010-12-31": "", "2009-12-31": "", "2008-12-31": "", "2007-12-31": "", "2006-12-31": "", "2005-12-31": ""}, "Net Acquisitions/Divestitures": {"2019-12-31": "", "2018-12-31": "", "2017-12-31": "", "2016-12-31": "548.00000", "2015-12-31": "-3887.00000", "2014-12-31": "-814.00000", "2013-12-31": "-458.80000", "2012-12-31": "-57.20000", "2011-12-31": "", "2010-12-31": "-0.50000", "2009-12-31": "-3.35000", "2008-12-31": "-10.69900", "2007-12-31": "-1.96000", "2006-12-31": "-1.71000", "2005-12-31": "-1.60200"}, "Net Change In Short-term Investments": {"2019-12-31": "", "2018-12-31": "", "2017-12-31": "", "2016-12-31": "", "2015-12-31": "", "2014-12-31": "", "2013-12-31": "", "2012-12-31": "", "2011-12-31": "", "2010-12-31": "", "2009-12-31": "", "2008-12-31": "0.02800", "2007-12-31": "", "2006-12-31": "", "2005-12-31": ""}, "Net Change In Long-Term Investments": {"2019-12-31": "", "2018-12-31": "", "2017-12-31": "", "2016-12-31": "", "2015-12-31": "", "2014-12-31": "", "2013-12-31": "", "2012-12-31": "", "2011-12-31": "", "2010-12-31": "", "2009-12-31": "", "2008-12-31": "", "2007-12-31": "", "2006-12-31": "", "2005-12-31": ""}, "Net Change In Investments - Total": {"2019-12-31": "", "2018-12-31": "", "2017-12-31": "", "2016-12-31": "", "2015-12-31": "", "2014-12-31": "", "2013-12-31": "", "2012-12-31": "", "2011-12-31": "", "2010-12-31": "", "2009-12-31": "", "2008-12-31": "0.02800", "2007-12-31": "", "2006-12-31": "", "2005-12-31": ""}, "Investing Activities - Other": {"2019-12-31": "188.00000", "2018-12-31": "8.00000", "2017-12-31": "", "2016-12-31": "8.00000", "2015-12-31": "-9.70000", "2014-12-31": "0.30000", "2013-12-31": "0.10000", "2012-12-31": "", "2011-12-31": "0.01300", "2010-12-31": "", "2009-12-31": "", "2008-12-31": "", "2007-12-31": "0.03900", "2006-12-31": "0.15000", "2005-12-31": "0.17000"}, "Cash Flow From Investing Activities": {"2019-12-31": "-161.00000", "2018-12-31": "-400.00000", "2017-12-31": "-386.00000", "2016-12-31": "142.00000", "2015-12-31": "-4085.40000", "2014-12-31": "-858.30000", "2013-12-31": "-470.30000", "2012-12-31": "-64.20000", "2011-12-31": "-0.74100", "2010-12-31": "-1.30900", "2009-12-31": "-3.47400", "2008-12-31": "-11.78000", "2007-12-31": "-2.29300", "2006-12-31": "-2.51600", "2005-12-31": "-1.31400"}, "Net Long-Term Debt": {"2019-12-31": "887.00000", "2018-12-31": "-370.00000", "2017-12-31": "-604.00000", "2016-12-31": "-649.00000", "2015-12-31": "2923.90000", "2014-12-31": "425.00000", "2013-12-31": "73.30000", "2012-12-31": "138.50000", "2011-12-31": "", "2010-12-31": "-1.44600", "2009-12-31": "2.96100", "2008-12-31": "4.87100", "2007-12-31": "-1.31900", "2006-12-31": "-1.42800", "2005-12-31": "-0.23200"}, "Net Current Debt": {"2019-12-31": "", "2018-12-31": "", "2017-12-31": "", "2016-12-31": "", "2015-12-31": "", "2014-12-31": "", "2013-12-31": "", "2012-12-31": "", "2011-12-31": "", "2010-12-31": "", "2009-12-31": "", "2008-12-31": "", "2007-12-31": "", "2006-12-31": "", "2005-12-31": ""}, "Debt Issuance/Retirement Net - Total": {"2019-12-31": "887.00000", "2018-12-31": "-370.00000", "2017-12-31": "-604.00000", "2016-12-31": "-649.00000", "2015-12-31": "2923.90000", "2014-12-31": "425.00000", "2013-12-31": "73.30000", "2012-12-31": "138.50000", "2011-12-31": "", "2010-12-31": "-1.44600", "2009-12-31": "2.96100", "2008-12-31": "4.87100", "2007-12-31": "-1.31900", "2006-12-31": "-1.42800", "2005-12-31": "-0.23200"}, "Net Common Equity Issued/Repurchased": {"2019-12-31": "-1347.00000", "2018-12-31": "-536.00000", "2017-12-31": "288.00000", "2016-12-31": "", "2015-12-31": "1260.00000", "2014-12-31": "", "2013-12-31": "", "2012-12-31": "137.00000", "2011-12-31": "", "2010-12-31": "0.56400", "2009-12-31": "", "2008-12-31": "0.16800", "2007-12-31": "0.29000", "2006-12-31": "", "2005-12-31": "-0.26700"}, "Net Total Equity Issued/Repurchased": {"2019-12-31": "-1347.00000", "2018-12-31": "-536.00000", "2017-12-31": "288.00000", "2016-12-31": "", "2015-12-31": "1260.00000", "2014-12-31": "1131.30000", "2013-12-31": "253.60000", "2012-12-31": "137.00000", "2011-12-31": "71.62800", "2010-12-31": "0.56400", "2009-12-31": "", "2008-12-31": "0.16800", "2007-12-31": "0.29000", "2006-12-31": "", "2005-12-31": "-0.26700"}, "Total Common And Preferred Stock Dividends Paid": {"2019-12-31": "-8.00000", "2018-12-31": "-8.00000", "2017-12-31": "-7.00000", "2016-12-31": "-5.00000", "2015-12-31": "-2.80000", "2014-12-31": "-2.90000", "2013-12-31": "-3.00000", "2012-12-31": "-3.00000", "2011-12-31": "-0.37500", "2010-12-31": "", "2009-12-31": "", "2008-12-31": "", "2007-12-31": "", "2006-12-31": "", "2005-12-31": ""}, "Financial Activities - Other": {"2019-12-31": "-291.00000", "2018-12-31": "294.00000", "2017-12-31": "-43.00000", "2016-12-31": "-27.00000", "2015-12-31": "-536.20000", "2014-12-31": "-51.20000", "2013-12-31": "-18.20000", "2012-12-31": "-5.70000", "2011-12-31": "-3.67700", "2010-12-31": "", "2009-12-31": "", "2008-12-31": "", "2007-12-31": "", "2006-12-31": "", "2005-12-31": ""}, "Cash Flow From Financial Activities": {"2019-12-31": "-759.00000", "2018-12-31": "-620.00000", "2017-12-31": "-366.00000", "2016-12-31": "-681.00000", "2015-12-31": "3644.90000", "2014-12-31": "1502.20000", "2013-12-31": "305.70000", "2012-12-31": "266.80000", "2011-12-31": "67.57600", "2010-12-31": "-0.88200", "2009-12-31": "2.96100", "2008-12-31": "5.03900", "2007-12-31": "-1.02900", "2006-12-31": "-1.42800", "2005-12-31": "-0.49900"}, "Net Cash Flow": {"2019-12-31": "-127.00000", "2018-12-31": "65.00000", "2017-12-31": "49.00000", "2016-12-31": "79.00000", "2015-12-31": "-354.30000", "2014-12-31": "622.60000", "2013-12-31": "-230.90000", "2012-12-31": "178.30000", "2011-12-31": "73.44600", "2010-12-31": "0.06600", "2009-12-31": "-0.61200", "2008-12-31": "0.30700", "2007-12-31": "0.72100", "2006-12-31": "-0.30700", "2005-12-31": "-0.46800"}, "Stock-Based Compensation": {"2019-12-31": "67.00000", "2018-12-31": "49.00000", "2017-12-31": "79.00000", "2016-12-31": "55.00000", "2015-12-31": "27.90000", "2014-12-31": "7.50000", "2013-12-31": "4.70000", "2012-12-31": "4.40000", "2011-12-31": "1.18000", "2010-12-31": "0.15700", "2009-12-31": "0.17200", "2008-12-31": "0.19800", "2007-12-31": "0.40200", "2006-12-31": "0.11000", "2005-12-31": "0.10300"}, "Common Stock Dividends Paid": {"2019-12-31": "", "2018-12-31": "", "2017-12-31": "", "2016-12-31": "", "2015-12-31": "", "2014-12-31": "", "2013-12-31": "", "2012-12-31": "", "2011-12-31": "", "2010-12-31": "", "2009-12-31": "", "2008-12-31": "", "2007-12-31": "", "2006-12-31": "", "2005-12-31": ""}}, "cash flow statement, quarterly": {"Net Income/Loss": {"2020-09-30": 98, "2020-06-30": -134, "2020-03-31": "25.00000", "2019-12-31": 107, "2019-09-30": 136, "2019-06-30": 145, "2019-03-31": "52.00000", "2018-12-31": 91, "2018-09-30": 115, "2018-06-30": 159, "2018-03-31": "79.00000", "2017-12-31": 206.9, "2017-09-30": 71, "2017-06-30": 57.2, "2017-03-31": "24.90000", "2016-12-31": 32.6, "2016-09-30": 21.3, "2016-06-30": 50.4, "2016-03-31": "-19.30000", "2015-12-31": -62.9, "2015-09-30": -35.5, "2015-06-30": -78.5, "2015-03-31": "-14.70000", "2014-12-31": -9.9, "2014-09-30": -11.6, "2014-06-30": -13.8, "2014-03-31": "-28.30000", "2013-12-31": -10.568, "2013-09-30": -6.026, "2013-06-30": -17.362, "2013-03-31": "-14.54400", "2012-12-31": -9.28, "2012-09-30": -3.149, "2012-06-30": -5.177, "2012-03-31": "-2.69400", "2011-12-31": -1.462, "2011-09-30": 0.19, "2011-06-30": 0.914, "2011-03-31": "1.11700", "2010-12-31": 0.82, "2010-09-30": 1.73, "2010-06-30": 1.504, "2010-03-31": "0.83400", "2009-12-31": 0.601, "2009-09-30": 0.811, "2009-06-30": 0.288, "2009-03-31": "0.00500", "2008-12-31": 0.587, "2008-09-30": 1.152, "2008-06-30": 0.774, "2008-03-31": "0.64300", "2007-12-31": 0.457, "2007-09-30": 0.499, "2007-06-30": 0.754, "2007-03-31": "0.46100", "2006-12-31": 1.594, "2006-09-30": 0.905, "2006-06-30": 0.848, "2006-03-31": "0.55700", "2005-12-31": 0.598, "2005-09-30": -0.552, "2005-06-30": -1.211, "2005-03-31": "-4.65000"}, "Total Depreciation And Amortization - Cash Flow": {"2020-09-30": 193, "2020-06-30": 196, "2020-03-31": "183.00000", "2019-12-31": 193, "2019-09-30": 186, "2019-06-30": 180, "2019-03-31": "180.00000", "2018-12-31": 188, "2018-09-30": 180, "2018-06-30": 177, "2018-03-31": "171.00000", "2017-12-31": 168.9, "2017-09-30": 167.3, "2017-06-30": 164.4, "2017-03-31": "157.40000", "2016-12-31": 157.6, "2016-09-30": 161.8, "2016-06-30": 161.5, "2016-03-31": "162.10000", "2015-12-31": 173, "2015-09-30": 102, "2015-06-30": 56.1, "2015-03-31": "33.80000", "2014-12-31": 34.5, "2014-09-30": 27.3, "2014-06-30": 25.2, "2014-03-31": "11.30000", "2013-12-31": 9.057, "2013-09-30": 8.394, "2013-06-30": 1.795, "2013-03-31": "1.55400", "2012-12-31": 1.238, "2012-09-30": 0.721, "2012-06-30": 0.424, "2012-03-31": "0.31700", "2011-12-31": 0.296, "2011-09-30": 0.305, "2011-06-30": 0.323, "2011-03-31": "0.31600", "2010-12-31": 0.264, "2010-09-30": 0.325, "2010-06-30": 0.316, "2010-03-31": "0.38500", "2009-12-31": 0.356, "2009-09-30": 0.278, "2009-06-30": 0.281, "2009-03-31": "0.27600", "2008-12-31": 0.267, "2008-09-30": 0.288, "2008-06-30": 0.317, "2008-03-31": "0.24200", "2007-12-31": 0.194, "2007-09-30": 0.198, "2007-06-30": 0.22, "2007-03-31": "0.23100", "2006-12-31": 0.305, "2006-09-30": 0.236, "2006-06-30": 0.254, "2006-03-31": "0.25900", "2005-12-31": 0.26, "2005-09-30": 0.314, "2005-06-30": 0.414, "2005-03-31": "0.44700"}, "Other Non-Cash Items": {"2020-09-30": -7, "2020-06-30": 58, "2020-03-31": "-6.00000", "2019-12-31": 15, "2019-09-30": -5, "2019-06-30": 37, "2019-03-31": "12.00000", "2018-12-31": -15, "2018-09-30": 92, "2018-06-30": -4, "2018-03-31": "19.00000", "2017-12-31": -107.1, "2017-09-30": 58, "2017-06-30": 44.4, "2017-03-31": "42.70000", "2016-12-31": -14.3, "2016-09-30": 73.9, "2016-06-30": 36.2, "2016-03-31": "-6.80000", "2015-12-31": -38.6, "2015-09-30": -19.1, "2015-06-30": 15.1, "2015-03-31": "-4.60000", "2014-12-31": 7.5, "2014-09-30": -16.4, "2014-06-30": 1.4, "2014-03-31": "3.50000", "2013-12-31": 1.317, "2013-09-30": -15.144, "2013-06-30": 3.037, "2013-03-31": "2.69000", "2012-12-31": -1.346, "2012-09-30": -4.041, "2012-06-30": 2.788, "2012-03-31": "1.09900", "2011-12-31": 0.031, "2011-09-30": 0.268, "2011-06-30": 0.308, "2011-03-31": "0.47700", "2010-12-31": 0.157, "2010-09-30": 0.176, "2010-06-30": 0.5, "2010-03-31": "0.21900", "2009-12-31": 0.551, "2009-09-30": 0.561, "2009-06-30": -0.043, "2009-03-31": "0.00300", "2008-12-31": 2.004, "2008-09-30": 0.077, "2008-06-30": 0.077, "2008-03-31": "-0.00700", "2007-12-31": 0.35, "2007-09-30": 0, "2007-06-30": 0.039, "2007-03-31": "0.18900", "2006-12-31": 0.392, "2006-09-30": 0.112, "2006-06-30": -0.206, "2006-03-31": "0.14800", "2005-12-31": -0.147, "2005-09-30": 0.393, "2005-06-30": 0.124, "2005-03-31": "3.48400"}, "Total Non-Cash Items": {"2020-09-30": 186, "2020-06-30": 254, "2020-03-31": "177.00000", "2019-12-31": 208, "2019-09-30": 181, "2019-06-30": 217, "2019-03-31": "192.00000", "2018-12-31": 173, "2018-09-30": 272, "2018-06-30": 173, "2018-03-31": "190.00000", "2017-12-31": 61.8, "2017-09-30": 225.3, "2017-06-30": 208.8, "2017-03-31": "200.10000", "2016-12-31": 143.3, "2016-09-30": 235.7, "2016-06-30": 197.7, "2016-03-31": "155.30000", "2015-12-31": 134.4, "2015-09-30": 82.9, "2015-06-30": 71.2, "2015-03-31": "29.20000", "2014-12-31": 42, "2014-09-30": 10.9, "2014-06-30": 26.6, "2014-03-31": "14.80000", "2013-12-31": 10.374, "2013-09-30": -6.75, "2013-06-30": 4.832, "2013-03-31": "4.24400", "2012-12-31": -0.108, "2012-09-30": -3.32, "2012-06-30": 3.212, "2012-03-31": "1.41600", "2011-12-31": 0.327, "2011-09-30": 0.573, "2011-06-30": 0.631, "2011-03-31": "0.79300", "2010-12-31": 0.421, "2010-09-30": 0.501, "2010-06-30": 0.816, "2010-03-31": "0.60400", "2009-12-31": 0.907, "2009-09-30": 0.839, "2009-06-30": 0.238, "2009-03-31": "0.27900", "2008-12-31": 2.271, "2008-09-30": 0.365, "2008-06-30": 0.394, "2008-03-31": "0.23500", "2007-12-31": 0.544, "2007-09-30": 0.198, "2007-06-30": 0.259, "2007-03-31": "0.42000", "2006-12-31": 0.697, "2006-09-30": 0.348, "2006-06-30": 0.048, "2006-03-31": "0.40700", "2005-12-31": 0.113, "2005-09-30": 0.707, "2005-06-30": 0.538, "2005-03-31": "3.93100"}, "Change In Accounts Receivable": {"2020-09-30": -338, "2020-06-30": 142, "2020-03-31": "44.00000", "2019-12-31": 123, "2019-09-30": 99, "2019-06-30": -43, "2019-03-31": "-246.00000", "2018-12-31": 249, "2018-09-30": -83, "2018-06-30": -79, "2018-03-31": "-100.00000", "2017-12-31": -120.2, "2017-09-30": -87.3, "2017-06-30": -97.3, "2017-03-31": "-15.20000", "2016-12-31": -75, "2016-09-30": -84.5, "2016-06-30": -25.4, "2016-03-31": "30.90000", "2015-12-31": 10.1, "2015-09-30": 8.4, "2015-06-30": -61.3, "2015-03-31": "50.60000", "2014-12-31": -70.4, "2014-09-30": -16.2, "2014-06-30": -0.9, "2014-03-31": "-56.40000", "2013-12-31": -8.904, "2013-09-30": -3.962, "2013-06-30": -14.363, "2013-03-31": "-9.77100", "2012-12-31": -5.722, "2012-09-30": -2.582, "2012-06-30": -3.517, "2012-03-31": "-1.97900", "2011-12-31": 3.664, "2011-09-30": -1.774, "2011-06-30": 0.125, "2011-03-31": "-0.38800", "2010-12-31": 2.172, "2010-09-30": -3.045, "2010-06-30": -5.701, "2010-03-31": "-0.04400", "2009-12-31": -1.979, "2009-09-30": -3.28, "2009-06-30": -1.338, "2009-03-31": "1.13800", "2008-12-31": 4.996, "2008-09-30": -0.086, "2008-06-30": -4.785, "2008-03-31": "-0.35600", "2007-12-31": 0.386, "2007-09-30": 0.454, "2007-06-30": -1.369, "2007-03-31": "0.03200", "2006-12-31": -0.009, "2006-09-30": -0.12, "2006-06-30": -0.688, "2006-03-31": "-0.26100", "2005-12-31": 1.255, "2005-09-30": -0.036, "2005-06-30": -0.25, "2005-03-31": "2.14900"}, "Change In Inventories": {"2020-09-30": 0, "2020-06-30": 0, "2020-03-31": "", "2019-12-31": 0, "2019-09-30": 0, "2019-06-30": 0, "2019-03-31": "", "2018-12-31": 0, "2018-09-30": 0, "2018-06-30": 0, "2018-03-31": "", "2017-12-31": 0, "2017-09-30": 0, "2017-06-30": 0, "2017-03-31": "", "2016-12-31": 0, "2016-09-30": 0, "2016-06-30": 0, "2016-03-31": "", "2015-12-31": 0, "2015-09-30": 0, "2015-06-30": 0, "2015-03-31": "", "2014-12-31": 0, "2014-09-30": 0, "2014-06-30": 0, "2014-03-31": "", "2013-12-31": 0, "2013-09-30": 0, "2013-06-30": 0, "2013-03-31": "", "2012-12-31": 0, "2012-09-30": 0, "2012-06-30": 0, "2012-03-31": "", "2011-12-31": 0, "2011-09-30": 0, "2011-06-30": 0, "2011-03-31": "", "2010-12-31": 0, "2010-09-30": 0, "2010-06-30": 0, "2010-03-31": "", "2009-12-31": 0, "2009-09-30": 0, "2009-06-30": 0, "2009-03-31": "", "2008-12-31": 0, "2008-09-30": 0, "2008-06-30": 0, "2008-03-31": "", "2007-12-31": 0, "2007-09-30": 0, "2007-06-30": 0, "2007-03-31": "", "2006-12-31": 0, "2006-09-30": 0, "2006-06-30": 0, "2006-03-31": "", "2005-12-31": 0, "2005-09-30": 0, "2005-06-30": 0, "2005-03-31": ""}, "Change In Accounts Payable": {"2020-09-30": 172, "2020-06-30": -208, "2020-03-31": "-69.00000", "2019-12-31": 33, "2019-09-30": -72, "2019-06-30": -24, "2019-03-31": "-57.00000", "2018-12-31": 39, "2018-09-30": 40, "2018-06-30": 11, "2018-03-31": "-55.00000", "2017-12-31": 91.4, "2017-09-30": 60.2, "2017-06-30": 44.6, "2017-03-31": "-56.20000", "2016-12-31": 152.7, "2016-09-30": -72.3, "2016-06-30": 12.1, "2016-03-31": "-90.50000", "2015-12-31": 8.6, "2015-09-30": -37.1, "2015-06-30": -12.2, "2015-03-31": "-10.60000", "2014-12-31": 14.2, "2014-09-30": 1.9, "2014-06-30": -10.9, "2014-03-31": "48.70000", "2013-12-31": 6.925, "2013-09-30": 2.288, "2013-06-30": -0.596, "2013-03-31": "-3.41700", "2012-12-31": 14.036, "2012-09-30": -1.823, "2012-06-30": -3.131, "2012-03-31": "1.81800", "2011-12-31": 1.434, "2011-09-30": -1.759, "2011-06-30": 0.175, "2011-03-31": "-0.04100", "2010-12-31": -0.024, "2010-09-30": -0.094, "2010-06-30": 1.659, "2010-03-31": "0.44600", "2009-12-31": 1.253, "2009-09-30": 0.033, "2009-06-30": -0.153, "2009-03-31": "-0.94200", "2008-12-31": 0.402, "2008-09-30": -1.531, "2008-06-30": 2.437, "2008-03-31": "-1.05800", "2007-12-31": 0.178, "2007-09-30": -0.396, "2007-06-30": 0.104, "2007-03-31": "-0.02800", "2006-12-31": 0.349, "2006-09-30": -0.518, "2006-06-30": -0.256, "2006-03-31": "0.53500", "2005-12-31": 0.084, "2005-09-30": -0.65, "2005-06-30": -0.121, "2005-03-31": "-0.47000"}, "Change In Assets/Liabilities": {"2020-09-30": 32, "2020-06-30": -68, "2020-03-31": "-16.00000", "2019-12-31": -35, "2019-09-30": 11, "2019-06-30": 7, "2019-03-31": "-30.00000", "2018-12-31": 50, "2018-09-30": 4, "2018-06-30": -13, "2018-03-31": "-90.00000", "2017-12-31": -46.6, "2017-09-30": -8.6, "2017-06-30": 15.8, "2017-03-31": "-52.60000", "2016-12-31": 85.5, "2016-09-30": -19.7, "2016-06-30": 13, "2016-03-31": "-65.80000", "2015-12-31": -67.8, "2015-09-30": 30.3, "2015-06-30": 7.6, "2015-03-31": "-5.40000", "2014-12-31": 7.9, "2014-09-30": 12, "2014-06-30": -10.7, "2014-03-31": "0.00000", "2013-12-31": -0.53, "2013-09-30": -2.167, "2013-06-30": -0.239, "2013-03-31": "-0.06400", "2012-12-31": 0.924, "2012-09-30": 0.089, "2012-06-30": 1.369, "2012-03-31": "-1.88200", "2011-12-31": -0.097, "2011-09-30": 0.377, "2011-06-30": 0.343, "2011-03-31": "-0.10100", "2010-12-31": 0.338, "2010-09-30": 0.091, "2010-06-30": 0.209, "2010-03-31": "-1.41200", "2009-12-31": -0.378, "2009-09-30": 0.061, "2009-06-30": 0.538, "2009-03-31": "-0.54900", "2008-12-31": -1.421, "2008-09-30": 0.744, "2008-06-30": 0.868, "2008-03-31": "0.98300", "2007-12-31": -0.053, "2007-09-30": 0.309, "2007-06-30": 0.486, "2007-03-31": "0.29100", "2006-12-31": -0.934, "2006-09-30": -0.203, "2006-06-30": 0.166, "2006-03-31": "0.07900", "2005-12-31": -0.197, "2005-09-30": 0.486, "2005-06-30": -0.004, "2005-03-31": "0.18100"}, "Total Change In Assets/Liabilities": {"2020-09-30": 14, "2020-06-30": 94, "2020-03-31": "-22.00000", "2019-12-31": 34, "2019-09-30": -39, "2019-06-30": -102, "2019-03-31": "-340.00000", "2018-12-31": 302, "2018-09-30": -99, "2018-06-30": -65, "2018-03-31": "-288.00000", "2017-12-31": -3.2, "2017-09-30": -2.7, "2017-06-30": -55.6, "2017-03-31": "-209.50000", "2016-12-31": 41.5, "2016-09-30": -120, "2016-06-30": 12.6, "2016-03-31": "-129.10000", "2015-12-31": -20.1, "2015-09-30": 15.2, "2015-06-30": -63.2, "2015-03-31": "32.80000", "2014-12-31": -40.1, "2014-09-30": 14.1, "2014-06-30": -30.8, "2014-03-31": "4.80000", "2013-12-31": -4.561, "2013-09-30": 0.304, "2013-06-30": -8.518, "2013-03-31": "-17.72500", "2012-12-31": 2.007, "2012-09-30": -0.313, "2012-06-30": -5.396, "2012-03-31": "-1.49800", "2011-12-31": 4.439, "2011-09-30": -1.022, "2011-06-30": 0.038, "2011-03-31": "0.07300", "2010-12-31": 0.813, "2010-09-30": -2.82, "2010-06-30": -3.415, "2010-03-31": "0.44900", "2009-12-31": -0.723, "2009-09-30": -2.534, "2009-06-30": -0.417, "2009-03-31": "-0.39300", "2008-12-31": 2.707, "2008-09-30": -1.039, "2008-06-30": -0.993, "2008-03-31": "-0.04800", "2007-12-31": -0.139, "2007-09-30": 0.471, "2007-06-30": -0.252, "2007-03-31": "0.37100", "2006-12-31": -0.927, "2006-09-30": -0.16, "2006-06-30": -0.994, "2006-03-31": "0.31400", "2005-12-31": 0.467, "2005-09-30": -0.213, "2005-06-30": 0.099, "2005-03-31": "1.51800"}, "Cash Flow From Operating Activities": {"2020-09-30": 298, "2020-06-30": 214, "2020-03-31": "180.00000", "2019-12-31": 349, "2019-09-30": 278, "2019-06-30": 260, "2019-03-31": "-96.00000", "2018-12-31": 566, "2018-09-30": 288, "2018-06-30": 267, "2018-03-31": "-19.00000", "2017-12-31": 265.5, "2017-09-30": 293.6, "2017-06-30": 210.4, "2017-03-31": "15.50000", "2016-12-31": 217.4, "2016-09-30": 137, "2016-06-30": 260.7, "2016-03-31": "6.90000", "2015-12-31": 51.4, "2015-09-30": 62.6, "2015-06-30": -70.5, "2015-03-31": "47.30000", "2014-12-31": -8, "2014-09-30": 13.4, "2014-06-30": -18, "2014-03-31": "-8.70000", "2013-12-31": -4.755, "2013-09-30": -12.472, "2013-06-30": -21.048, "2013-03-31": "-28.02500", "2012-12-31": -7.381, "2012-09-30": -6.782, "2012-06-30": -7.361, "2012-03-31": "-2.77600", "2011-12-31": 3.304, "2011-09-30": -0.259, "2011-06-30": 1.583, "2011-03-31": "1.98300", "2010-12-31": 2.054, "2010-09-30": -0.589, "2010-06-30": -1.095, "2010-03-31": "1.88700", "2009-12-31": 0.785, "2009-09-30": -0.884, "2009-06-30": 0.109, "2009-03-31": "-0.10900", "2008-12-31": 5.565, "2008-09-30": 0.478, "2008-06-30": 0.175, "2008-03-31": "0.83000", "2007-12-31": 0.862, "2007-09-30": 1.168, "2007-06-30": 0.761, "2007-03-31": "1.25200", "2006-12-31": 1.364, "2006-09-30": 1.093, "2006-06-30": -0.098, "2006-03-31": "1.27800", "2005-12-31": 1.178, "2005-09-30": -0.058, "2005-06-30": -0.574, "2005-03-31": "0.79900"}, "Net Change In Property, Plant, And Equipment": {"2020-09-30": -51, "2020-06-30": -93, "2020-03-31": "-85.00000", "2019-12-31": -128, "2019-09-30": -70, "2019-06-30": -80, "2019-03-31": "-71.00000", "2018-12-31": -87, "2018-09-30": -115, "2018-06-30": -74, "2018-03-31": "-132.00000", "2017-12-31": -55.7, "2017-09-30": -110.5, "2017-06-30": -117.9, "2017-03-31": "-101.90000", "2016-12-31": -153.4, "2016-09-30": -72.2, "2016-06-30": -91.2, "2016-03-31": "-97.20000", "2015-12-31": -113, "2015-09-30": -58.1, "2015-06-30": -6.2, "2015-03-31": "-11.40000", "2014-12-31": -23.4, "2014-09-30": -11.7, "2014-06-30": -5.6, "2014-03-31": "-3.90000", "2013-12-31": -5.065, "2013-09-30": -2.671, "2013-06-30": -2.783, "2013-03-31": "-1.08100", "2012-12-31": -3.014, "2012-09-30": -1.417, "2012-06-30": -1.733, "2012-03-31": "-0.83600", "2011-12-31": -0.321, "2011-09-30": -0.173, "2011-06-30": -0.174, "2011-03-31": "-0.08600", "2010-12-31": -0.329, "2010-09-30": -0.33, "2010-06-30": -0.101, "2010-03-31": "-0.04900", "2009-12-31": -0.084, "2009-09-30": -0.056, "2009-06-30": -0.021, "2009-03-31": "0.03700", "2008-12-31": -0.107, "2008-09-30": -0.321, "2008-06-30": -0.343, "2008-03-31": "-0.33800", "2007-12-31": -0.048, "2007-09-30": -0.093, "2007-06-30": -0.13, "2007-03-31": "-0.10100", "2006-12-31": -0.28, "2006-09-30": -0.21, "2006-06-30": -0.367, "2006-03-31": "-0.09900", "2005-12-31": -0.133, "2005-09-30": -0.01, "2005-06-30": 0.292, "2005-03-31": "-0.03100"}, "Net Change In Intangible Assets": {"2020-09-30": 0, "2020-06-30": 0, "2020-03-31": "", "2019-12-31": 0, "2019-09-30": 0, "2019-06-30": 0, "2019-03-31": "", "2018-12-31": 0, "2018-09-30": 0, "2018-06-30": 0, "2018-03-31": "", "2017-12-31": 0, "2017-09-30": 0, "2017-06-30": 0, "2017-03-31": "", "2016-12-31": 0, "2016-09-30": 0, "2016-06-30": 0, "2016-03-31": "", "2015-12-31": 0, "2015-09-30": 0, "2015-06-30": 0, "2015-03-31": "", "2014-12-31": 0, "2014-09-30": 0, "2014-06-30": 0, "2014-03-31": "", "2013-12-31": 0, "2013-09-30": 0, "2013-06-30": 0, "2013-03-31": "", "2012-12-31": 0, "2012-09-30": 0, "2012-06-30": 0, "2012-03-31": "", "2011-12-31": 0, "2011-09-30": 0, "2011-06-30": 0, "2011-03-31": "", "2010-12-31": 0, "2010-09-30": 0, "2010-06-30": 0, "2010-03-31": "", "2009-12-31": 0, "2009-09-30": 0, "2009-06-30": 0, "2009-03-31": "", "2008-12-31": 0, "2008-09-30": 0, "2008-06-30": 0, "2008-03-31": "", "2007-12-31": 0, "2007-09-30": 0, "2007-06-30": 0, "2007-03-31": "", "2006-12-31": 0, "2006-09-30": 0, "2006-06-30": 0, "2006-03-31": "", "2005-12-31": 0, "2005-09-30": 0, "2005-06-30": 0, "2005-03-31": ""}, "Net Acquisitions/Divestitures": {"2020-09-30": 0, "2020-06-30": 0, "2020-03-31": "", "2019-12-31": 0, "2019-09-30": 0, "2019-06-30": 0, "2019-03-31": "", "2018-12-31": 0, "2018-09-30": 0, "2018-06-30": 0, "2018-03-31": "", "2017-12-31": 0, "2017-09-30": 0, "2017-06-30": 0, "2017-03-31": "", "2016-12-31": 548, "2016-09-30": 0, "2016-06-30": 0, "2016-03-31": "", "2015-12-31": -2277.2, "2015-09-30": 0.9, "2015-06-30": -1552.5, "2015-03-31": "-58.20000", "2014-12-31": -0.3, "2014-09-30": -612.7, "2014-06-30": -10, "2014-03-31": "-191.00000", "2013-12-31": -106.534, "2013-09-30": -332.606, "2013-06-30": -3.1, "2013-03-31": "-16.56000", "2012-12-31": -50.189, "2012-09-30": -2.848, "2012-06-30": -3.713, "2012-03-31": "-0.45000", "2011-12-31": 0.45, "2011-09-30": 0, "2011-06-30": 0, "2011-03-31": "-0.45000", "2010-12-31": -0.5, "2010-09-30": 0, "2010-06-30": 0, "2010-03-31": "", "2009-12-31": -2, "2009-09-30": 0, "2009-06-30": 0, "2009-03-31": "-1.35000", "2008-12-31": 0, "2008-09-30": 0, "2008-06-30": 0, "2008-03-31": "-10.69900", "2007-12-31": 0, "2007-09-30": 0, "2007-06-30": 0, "2007-03-31": "-1.96000", "2006-12-31": 0, "2006-09-30": -0.25, "2006-06-30": 0, "2006-03-31": "-1.46000", "2005-12-31": -0.078, "2005-09-30": -0.005, "2005-06-30": -0.059, "2005-03-31": "-1.46000"}, "Net Change In Short-term Investments": {"2020-09-30": 0, "2020-06-30": 0, "2020-03-31": "", "2019-12-31": 0, "2019-09-30": 0, "2019-06-30": 0, "2019-03-31": "", "2018-12-31": 0, "2018-09-30": 0, "2018-06-30": 0, "2018-03-31": "", "2017-12-31": 0, "2017-09-30": 0, "2017-06-30": 0, "2017-03-31": "", "2016-12-31": 0, "2016-09-30": 0, "2016-06-30": 0, "2016-03-31": "", "2015-12-31": 0, "2015-09-30": 0, "2015-06-30": 0, "2015-03-31": "", "2014-12-31": 0, "2014-09-30": 0, "2014-06-30": 0, "2014-03-31": "", "2013-12-31": 0, "2013-09-30": 0, "2013-06-30": 0, "2013-03-31": "", "2012-12-31": 0, "2012-09-30": 0, "2012-06-30": 0, "2012-03-31": "", "2011-12-31": 0, "2011-09-30": 0, "2011-06-30": 0, "2011-03-31": "", "2010-12-31": 0, "2010-09-30": 0, "2010-06-30": 0, "2010-03-31": "", "2009-12-31": 0, "2009-09-30": 0, "2009-06-30": 0, "2009-03-31": "", "2008-12-31": 0.028, "2008-09-30": 0, "2008-06-30": 0, "2008-03-31": "", "2007-12-31": 0, "2007-09-30": 0, "2007-06-30": 0, "2007-03-31": "", "2006-12-31": 0, "2006-09-30": 0, "2006-06-30": 0, "2006-03-31": "", "2005-12-31": 0, "2005-09-30": 0, "2005-06-30": 0, "2005-03-31": ""}, "Net Change In Long-Term Investments": {"2020-09-30": 0, "2020-06-30": 0, "2020-03-31": "", "2019-12-31": 0, "2019-09-30": 0, "2019-06-30": 0, "2019-03-31": "", "2018-12-31": 0, "2018-09-30": 0, "2018-06-30": 0, "2018-03-31": "", "2017-12-31": 0, "2017-09-30": 0, "2017-06-30": 0, "2017-03-31": "", "2016-12-31": 0, "2016-09-30": 0, "2016-06-30": 0, "2016-03-31": "", "2015-12-31": 0, "2015-09-30": 0, "2015-06-30": 0, "2015-03-31": "", "2014-12-31": 0, "2014-09-30": 0, "2014-06-30": 0, "2014-03-31": "", "2013-12-31": 0, "2013-09-30": 0, "2013-06-30": 0, "2013-03-31": "", "2012-12-31": 0, "2012-09-30": 0, "2012-06-30": 0, "2012-03-31": "", "2011-12-31": 0, "2011-09-30": 0, "2011-06-30": 0, "2011-03-31": "", "2010-12-31": 0, "2010-09-30": 0, "2010-06-30": 0, "2010-03-31": "", "2009-12-31": 0, "2009-09-30": 0, "2009-06-30": 0, "2009-03-31": "", "2008-12-31": 0, "2008-09-30": 0, "2008-06-30": 0, "2008-03-31": "", "2007-12-31": 0, "2007-09-30": 0, "2007-06-30": 0, "2007-03-31": "", "2006-12-31": 0, "2006-09-30": 0, "2006-06-30": 0, "2006-03-31": "", "2005-12-31": 0, "2005-09-30": 0, "2005-06-30": 0, "2005-03-31": ""}, "Net Change In Investments - Total": {"2020-09-30": 0, "2020-06-30": 0, "2020-03-31": "", "2019-12-31": 0, "2019-09-30": 0, "2019-06-30": 0, "2019-03-31": "", "2018-12-31": 0, "2018-09-30": 0, "2018-06-30": 0, "2018-03-31": "", "2017-12-31": 0, "2017-09-30": 0, "2017-06-30": 0, "2017-03-31": "", "2016-12-31": 0, "2016-09-30": 0, "2016-06-30": 0, "2016-03-31": "", "2015-12-31": 0, "2015-09-30": 0, "2015-06-30": 0, "2015-03-31": "", "2014-12-31": 0, "2014-09-30": 0, "2014-06-30": 0, "2014-03-31": "", "2013-12-31": 0, "2013-09-30": 0, "2013-06-30": 0, "2013-03-31": "", "2012-12-31": 0, "2012-09-30": 0, "2012-06-30": 0, "2012-03-31": "", "2011-12-31": 0, "2011-09-30": 0, "2011-06-30": 0, "2011-03-31": "", "2010-12-31": 0, "2010-09-30": 0, "2010-06-30": 0, "2010-03-31": "", "2009-12-31": 0, "2009-09-30": 0, "2009-06-30": 0, "2009-03-31": "", "2008-12-31": 0.028, "2008-09-30": 0, "2008-06-30": 0, "2008-03-31": "", "2007-12-31": 0, "2007-09-30": 0, "2007-06-30": 0, "2007-03-31": "", "2006-12-31": 0, "2006-09-30": 0, "2006-06-30": 0, "2006-03-31": "", "2005-12-31": 0, "2005-09-30": 0, "2005-06-30": 0, "2005-03-31": ""}, "Investing Activities - Other": {"2020-09-30": -1, "2020-06-30": 0, "2020-03-31": "6.00000", "2019-12-31": 2, "2019-09-30": 49, "2019-06-30": 66, "2019-03-31": "71.00000", "2018-12-31": 21, "2018-09-30": -23, "2018-06-30": 10, "2018-03-31": "", "2017-12-31": 0, "2017-09-30": 0, "2017-06-30": 0, "2017-03-31": "", "2016-12-31": -0.6, "2016-09-30": 0.3, "2016-06-30": 8.3, "2016-03-31": "", "2015-12-31": 0, "2015-09-30": -2.8, "2015-06-30": -6.9, "2015-03-31": "", "2014-12-31": 0.3, "2014-09-30": 0, "2014-06-30": -0.2, "2014-03-31": "0.20000", "2013-12-31": -0.025, "2013-09-30": 0, "2013-06-30": 0, "2013-03-31": "0.12500", "2012-12-31": 0, "2012-09-30": 0, "2012-06-30": 0, "2012-03-31": "", "2011-12-31": 0.013, "2011-09-30": 0, "2011-06-30": 0, "2011-03-31": "", "2010-12-31": 0, "2010-09-30": 0, "2010-06-30": 0, "2010-03-31": "", "2009-12-31": 0, "2009-09-30": 0, "2009-06-30": 0, "2009-03-31": "", "2008-12-31": 0, "2008-09-30": 0, "2008-06-30": 0, "2008-03-31": "", "2007-12-31": 0.021, "2007-09-30": 0, "2007-06-30": 0.009, "2007-03-31": "0.00900", "2006-12-31": 0, "2006-09-30": 0, "2006-06-30": 0, "2006-03-31": "0.15000", "2005-12-31": 0.081, "2005-09-30": 0.087, "2005-06-30": 0.001, "2005-03-31": "0.00100"}, "Cash Flow From Investing Activities": {"2020-09-30": -52, "2020-06-30": -93, "2020-03-31": "-79.00000", "2019-12-31": -126, "2019-09-30": -21, "2019-06-30": -14, "2019-03-31": "0.00000", "2018-12-31": -66, "2018-09-30": -138, "2018-06-30": -64, "2018-03-31": "-132.00000", "2017-12-31": -55.7, "2017-09-30": -110.5, "2017-06-30": -117.9, "2017-03-31": "-101.90000", "2016-12-31": 394, "2016-09-30": -71.9, "2016-06-30": -82.9, "2016-03-31": "-97.20000", "2015-12-31": -2390.2, "2015-09-30": -60, "2015-06-30": -1565.6, "2015-03-31": "-69.60000", "2014-12-31": -23.4, "2014-09-30": -624.4, "2014-06-30": -15.8, "2014-03-31": "-194.70000", "2013-12-31": -111.624, "2013-09-30": -335.277, "2013-06-30": -5.883, "2013-03-31": "-17.51600", "2012-12-31": -53.203, "2012-09-30": -4.265, "2012-06-30": -5.446, "2012-03-31": "-1.28600", "2011-12-31": 0.142, "2011-09-30": -0.173, "2011-06-30": -0.174, "2011-03-31": "-0.53600", "2010-12-31": -0.829, "2010-09-30": -0.33, "2010-06-30": -0.101, "2010-03-31": "-0.04900", "2009-12-31": -2.084, "2009-09-30": -0.056, "2009-06-30": -0.021, "2009-03-31": "-1.31300", "2008-12-31": -0.079, "2008-09-30": -0.321, "2008-06-30": -0.343, "2008-03-31": "-11.03700", "2007-12-31": -0.027, "2007-09-30": -0.093, "2007-06-30": -0.121, "2007-03-31": "-2.05200", "2006-12-31": -0.28, "2006-09-30": -0.46, "2006-06-30": -0.367, "2006-03-31": "-1.40900", "2005-12-31": -0.13, "2005-09-30": 0.072, "2005-06-30": 0.234, "2005-03-31": "-1.49000"}, "Net Long-Term Debt": {"2020-09-30": -495, "2020-06-30": 1054, "2020-03-31": "799.00000", "2019-12-31": -16, "2019-09-30": -320, "2019-06-30": 0, "2019-03-31": "1223.00000", "2018-12-31": 126, "2018-09-30": -427, "2018-06-30": -241, "2018-03-31": "172.00000", "2017-12-31": -245.2, "2017-09-30": -284, "2017-06-30": -148.1001, "2017-03-31": "73.30010", "2016-12-31": -591.1001, "2016-09-30": -56.9999, "2016-06-30": -77.4, "2016-03-31": "76.50000", "2015-12-31": 1380.2, "2015-09-30": -233, "2015-06-30": 1362, "2015-03-31": "414.70000", "2014-12-31": 0, "2014-09-30": 500, "2014-06-30": 0, "2014-03-31": "-75.00000", "2013-12-31": 73.3, "2013-09-30": 0, "2013-06-30": 0, "2013-03-31": "", "2012-12-31": 22.48, "2012-09-30": 118.038, "2012-06-30": 0.066, "2012-03-31": "-2.08400", "2011-12-31": 3.964, "2011-09-30": -0.37, "2011-06-30": -0.812, "2011-03-31": "-2.78200", "2010-12-31": -1.745, "2010-09-30": 1.565, "2010-06-30": 0.147, "2010-03-31": "-1.41300", "2009-12-31": 1.111, "2009-09-30": 0.097, "2009-06-30": 0.249, "2009-03-31": "1.50400", "2008-12-31": -6.247, "2008-09-30": 0.318, "2008-06-30": 0.189, "2008-03-31": "10.61100", "2007-12-31": -0.142, "2007-09-30": -1.295, "2007-06-30": -1.219, "2007-03-31": "1.33700", "2006-12-31": -1.134, "2006-09-30": -0.586, "2006-06-30": 0.292, "2006-03-31": "0.00000", "2005-12-31": -1.226, "2005-09-30": 0.109, "2005-06-30": 0.777, "2005-03-31": "0.10800"}, "Net Current Debt": {"2020-09-30": 0, "2020-06-30": 0, "2020-03-31": "", "2019-12-31": 0, "2019-09-30": 0, "2019-06-30": 0, "2019-03-31": "", "2018-12-31": 0, "2018-09-30": 0, "2018-06-30": 0, "2018-03-31": "", "2017-12-31": 0, "2017-09-30": 0, "2017-06-30": 0, "2017-03-31": "", "2016-12-31": 0, "2016-09-30": 0, "2016-06-30": 0, "2016-03-31": "", "2015-12-31": 0, "2015-09-30": 0, "2015-06-30": 0, "2015-03-31": "", "2014-12-31": 0, "2014-09-30": 0, "2014-06-30": 0, "2014-03-31": "", "2013-12-31": 0, "2013-09-30": 0, "2013-06-30": 0, "2013-03-31": "", "2012-12-31": 0, "2012-09-30": 0, "2012-06-30": 0, "2012-03-31": "", "2011-12-31": 0, "2011-09-30": 0, "2011-06-30": 0, "2011-03-31": "", "2010-12-31": 0, "2010-09-30": 0, "2010-06-30": 0, "2010-03-31": "", "2009-12-31": 0, "2009-09-30": 0, "2009-06-30": 0, "2009-03-31": "", "2008-12-31": 0, "2008-09-30": 0, "2008-06-30": 0, "2008-03-31": "", "2007-12-31": 0, "2007-09-30": 0, "2007-06-30": 0, "2007-03-31": "", "2006-12-31": 0, "2006-09-30": 0, "2006-06-30": 0, "2006-03-31": "", "2005-12-31": 0.4, "2005-09-30": -0.4, "2005-06-30": 0, "2005-03-31": ""}, "Debt Issuance/Retirement Net - Total": {"2020-09-30": -495, "2020-06-30": 1054, "2020-03-31": "799.00000", "2019-12-31": -16, "2019-09-30": -320, "2019-06-30": 0, "2019-03-31": "1223.00000", "2018-12-31": 126, "2018-09-30": -427, "2018-06-30": -241, "2018-03-31": "172.00000", "2017-12-31": -245.2, "2017-09-30": -284, "2017-06-30": -148.1001, "2017-03-31": "73.30010", "2016-12-31": -591.1001, "2016-09-30": -56.9999, "2016-06-30": -77.4, "2016-03-31": "76.50000", "2015-12-31": 1380.2, "2015-09-30": -233, "2015-06-30": 1362, "2015-03-31": "414.70000", "2014-12-31": 0, "2014-09-30": 500, "2014-06-30": 0, "2014-03-31": "-75.00000", "2013-12-31": 73.3, "2013-09-30": 0, "2013-06-30": 0, "2013-03-31": "", "2012-12-31": 22.48, "2012-09-30": 118.038, "2012-06-30": 0.066, "2012-03-31": "-2.08400", "2011-12-31": 3.964, "2011-09-30": -0.37, "2011-06-30": -0.812, "2011-03-31": "-2.78200", "2010-12-31": -1.745, "2010-09-30": 1.565, "2010-06-30": 0.147, "2010-03-31": "-1.41300", "2009-12-31": 1.111, "2009-09-30": 0.097, "2009-06-30": 0.249, "2009-03-31": "1.50400", "2008-12-31": -6.247, "2008-09-30": 0.318, "2008-06-30": 0.189, "2008-03-31": "10.61100", "2007-12-31": -0.142, "2007-09-30": -1.295, "2007-06-30": -1.219, "2007-03-31": "1.33700", "2006-12-31": -1.134, "2006-09-30": -0.586, "2006-06-30": 0.292, "2006-03-31": "0.00000", "2005-12-31": -0.826, "2005-09-30": -0.291, "2005-06-30": 0.777, "2005-03-31": "0.10800"}, "Net Common Equity Issued/Repurchased": {"2020-09-30": 0, "2020-06-30": 0, "2020-03-31": "-114.00000", "2019-12-31": 0, "2019-09-30": 0, "2019-06-30": -120, "2019-03-31": "-1227.00000", "2018-12-31": -536, "2018-09-30": 0, "2018-06-30": 0, "2018-03-31": "", "2017-12-31": 0.4, "2017-09-30": 287.6, "2017-06-30": 0, "2017-03-31": "", "2016-12-31": 0, "2016-09-30": 0, "2016-06-30": 0, "2016-03-31": "", "2015-12-31": 0, "2015-09-30": 0, "2015-06-30": 1260, "2015-03-31": "", "2014-12-31": -1131.3, "2014-09-30": 717.3, "2014-06-30": 0, "2014-03-31": "414.00000", "2013-12-31": -239.66, "2013-09-30": 239.66, "2013-06-30": 0, "2013-03-31": "", "2012-12-31": -0.092, "2012-09-30": 0, "2012-06-30": -0.126, "2012-03-31": "137.21800", "2011-12-31": -0.727, "2011-09-30": 0, "2011-06-30": 0, "2011-03-31": "0.72700", "2010-12-31": 0.13, "2010-09-30": 0.025, "2010-06-30": 0.409, "2010-03-31": "", "2009-12-31": 0, "2009-09-30": 0, "2009-06-30": 0, "2009-03-31": "", "2008-12-31": 0, "2008-09-30": 0.045, "2008-06-30": 0.112, "2008-03-31": "0.01100", "2007-12-31": -0.001, "2007-09-30": 0, "2007-06-30": 0.091, "2007-03-31": "0.20000", "2006-12-31": 0, "2006-09-30": 0, "2006-06-30": 0, "2006-03-31": "", "2005-12-31": -0.012, "2005-09-30": -0.255, "2005-06-30": 0, "2005-03-31": ""}, "Net Total Equity Issued/Repurchased": {"2020-09-30": 0, "2020-06-30": 0, "2020-03-31": "-114.00000", "2019-12-31": 0, "2019-09-30": 0, "2019-06-30": -120, "2019-03-31": "-1227.00000", "2018-12-31": -536, "2018-09-30": 0, "2018-06-30": 0, "2018-03-31": "", "2017-12-31": 0.4, "2017-09-30": 287.6, "2017-06-30": 0, "2017-03-31": "", "2016-12-31": 0, "2016-09-30": 0, "2016-06-30": 0, "2016-03-31": "", "2015-12-31": 0, "2015-09-30": 0, "2015-06-30": 1260, "2015-03-31": "", "2014-12-31": 0, "2014-09-30": 717.3, "2014-06-30": 0, "2014-03-31": "414.00000", "2013-12-31": 13.94, "2013-09-30": 239.66, "2013-06-30": 0, "2013-03-31": "", "2012-12-31": -0.092, "2012-09-30": 0, "2012-06-30": -0.126, "2012-03-31": "137.21800", "2011-12-31": -0.727, "2011-09-30": 71.628, "2011-06-30": 0, "2011-03-31": "0.72700", "2010-12-31": 0.13, "2010-09-30": 0.025, "2010-06-30": 0.409, "2010-03-31": "", "2009-12-31": 0, "2009-09-30": 0, "2009-06-30": 0, "2009-03-31": "", "2008-12-31": 0, "2008-09-30": 0.045, "2008-06-30": 0.112, "2008-03-31": "0.01100", "2007-12-31": -0.001, "2007-09-30": 0, "2007-06-30": 0.091, "2007-03-31": "0.20000", "2006-12-31": 0, "2006-09-30": 0, "2006-06-30": 0, "2006-03-31": "", "2005-12-31": -0.012, "2005-09-30": -0.255, "2005-06-30": 0, "2005-03-31": ""}, "Total Common And Preferred Stock Dividends Paid": {"2020-09-30": 0, "2020-06-30": 0, "2020-03-31": "", "2019-12-31": -8, "2019-09-30": 0, "2019-06-30": 0, "2019-03-31": "", "2018-12-31": -4, "2018-09-30": -2, "2018-06-30": -1, "2018-03-31": "-1.00000", "2017-12-31": -3.7, "2017-09-30": -1.6, "2017-06-30": -1, "2017-03-31": "-0.70000", "2016-12-31": -2.5, "2016-09-30": -1, "2016-06-30": -0.8, "2016-03-31": "-0.70000", "2015-12-31": -0.6, "2015-09-30": -0.7, "2015-06-30": -0.8, "2015-03-31": "-0.70000", "2014-12-31": -0.7, "2014-09-30": -0.7, "2014-06-30": -0.8, "2014-03-31": "-0.70000", "2013-12-31": -0.771, "2013-09-30": -0.743, "2013-06-30": -0.743, "2013-03-31": "-0.74300", "2012-12-31": -0.75, "2012-09-30": -0.75, "2012-06-30": -0.75, "2012-03-31": "-0.75000", "2011-12-31": -0.375, "2011-09-30": 0, "2011-06-30": 0, "2011-03-31": "", "2010-12-31": 0, "2010-09-30": 0, "2010-06-30": 0, "2010-03-31": "", "2009-12-31": 0, "2009-09-30": 0, "2009-06-30": 0, "2009-03-31": "", "2008-12-31": 0, "2008-09-30": 0, "2008-06-30": 0, "2008-03-31": "", "2007-12-31": 0, "2007-09-30": 0, "2007-06-30": 0, "2007-03-31": "", "2006-12-31": 0, "2006-09-30": 0, "2006-06-30": 0, "2006-03-31": "", "2005-12-31": 0, "2005-09-30": 0, "2005-06-30": 0, "2005-03-31": ""}, "Financial Activities - Other": {"2020-09-30": -24, "2020-06-30": -21, "2020-03-31": "-17.00000", "2019-12-31": -256, "2019-09-30": -6, "2019-06-30": -4, "2019-03-31": "-25.00000", "2018-12-31": -5, "2018-09-30": 347, "2018-06-30": -3, "2018-03-31": "-45.00000", "2017-12-31": -14, "2017-09-30": -7, "2017-06-30": -3, "2017-03-31": "-19.00000", "2016-12-31": -4.1, "2016-09-30": -25.1, "2016-06-30": 2.2, "2016-03-31": "", "2015-12-31": -36.9, "2015-09-30": 346.2, "2015-06-30": -844, "2015-03-31": "-1.50000", "2014-12-31": -3.9, "2014-09-30": -37.1, "2014-06-30": 2.3, "2014-03-31": "-12.50000", "2013-12-31": -15.956, "2013-09-30": -2.064, "2013-06-30": -0.353, "2013-03-31": "0.17300", "2012-12-31": -5.25, "2012-09-30": -0.45, "2012-06-30": -0.167, "2012-03-31": "0.16700", "2011-12-31": -3.774, "2011-09-30": 0, "2011-06-30": 0, "2011-03-31": "0.09700", "2010-12-31": 0, "2010-09-30": 0, "2010-06-30": 0, "2010-03-31": "", "2009-12-31": 0, "2009-09-30": 0, "2009-06-30": 0, "2009-03-31": "", "2008-12-31": 0, "2008-09-30": 0, "2008-06-30": 0, "2008-03-31": "", "2007-12-31": 0, "2007-09-30": 0, "2007-06-30": 0, "2007-03-31": "", "2006-12-31": 0, "2006-09-30": 0, "2006-06-30": 0, "2006-03-31": "", "2005-12-31": 0, "2005-09-30": 0, "2005-06-30": 0, "2005-03-31": ""}, "Cash Flow From Financial Activities": {"2020-09-30": -519, "2020-06-30": 1033, "2020-03-31": "668.00000", "2019-12-31": -280, "2019-09-30": -326, "2019-06-30": -124, "2019-03-31": "-29.00000", "2018-12-31": -419, "2018-09-30": -82, "2018-06-30": -245, "2018-03-31": "126.00000", "2017-12-31": -262.5, "2017-09-30": -5, "2017-06-30": -152.1, "2017-03-31": "53.60000", "2016-12-31": -597.7, "2016-09-30": -83.1, "2016-06-30": -76, "2016-03-31": "75.80000", "2015-12-31": 1342.7, "2015-09-30": 112.5, "2015-06-30": 1777.2, "2015-03-31": "412.50000", "2014-12-31": -4.6, "2014-09-30": 1179.5, "2014-06-30": 1.5, "2014-03-31": "325.80000", "2013-12-31": 70.513, "2013-09-30": 236.853, "2013-06-30": -1.096, "2013-03-31": "-0.57000", "2012-12-31": 16.388, "2012-09-30": 116.838, "2012-06-30": -0.977, "2012-03-31": "134.55100", "2011-12-31": -0.912, "2011-09-30": 71.258, "2011-06-30": -0.812, "2011-03-31": "-1.95800", "2010-12-31": -1.615, "2010-09-30": 1.59, "2010-06-30": 0.556, "2010-03-31": "-1.41300", "2009-12-31": 1.111, "2009-09-30": 0.097, "2009-06-30": 0.249, "2009-03-31": "1.50400", "2008-12-31": -6.247, "2008-09-30": 0.363, "2008-06-30": 0.301, "2008-03-31": "10.62200", "2007-12-31": -0.143, "2007-09-30": -1.295, "2007-06-30": -1.128, "2007-03-31": "1.53700", "2006-12-31": -1.134, "2006-09-30": -0.586, "2006-06-30": 0.292, "2006-03-31": "0.00000", "2005-12-31": -0.838, "2005-09-30": -0.546, "2005-06-30": 0.777, "2005-03-31": "0.10800"}, "Net Cash Flow": {"2020-09-30": -260, "2020-06-30": 1158, "2020-03-31": "750.00000", "2019-12-31": -48, "2019-09-30": -74, "2019-06-30": 120, "2019-03-31": "-125.00000", "2018-12-31": 74, "2018-09-30": 65, "2018-06-30": -57, "2018-03-31": "-17.00000", "2017-12-31": -46.1, "2017-09-30": 181.8, "2017-06-30": -55.9, "2017-03-31": "-30.80000", "2016-12-31": 8.5, "2016-09-30": -17.5, "2016-06-30": 98.8, "2016-03-31": "-10.80000", "2015-12-31": -995.5, "2015-09-30": 109.5, "2015-06-30": 141.5, "2015-03-31": "390.20000", "2014-12-31": -36, "2014-09-30": 568.5, "2014-06-30": -32.3, "2014-03-31": "122.40000", "2013-12-31": -45.866, "2013-09-30": -110.896, "2013-06-30": -28.027, "2013-03-31": "-46.11100", "2012-12-31": -44.196, "2012-09-30": 105.791, "2012-06-30": -13.784, "2012-03-31": "130.48900", "2011-12-31": 2.534, "2011-09-30": 70.826, "2011-06-30": 0.597, "2011-03-31": "-0.51100", "2010-12-31": -0.39, "2010-09-30": 0.671, "2010-06-30": -0.64, "2010-03-31": "0.42500", "2009-12-31": -0.188, "2009-09-30": -0.843, "2009-06-30": 0.337, "2009-03-31": "0.08200", "2008-12-31": -0.761, "2008-09-30": 0.52, "2008-06-30": 0.133, "2008-03-31": "0.41500", "2007-12-31": 0.692, "2007-09-30": -0.22, "2007-06-30": -0.488, "2007-03-31": "0.73700", "2006-12-31": -0.05, "2006-09-30": 0.047, "2006-06-30": -0.173, "2006-03-31": "-0.13100", "2005-12-31": 0.21, "2005-09-30": -0.532, "2005-06-30": 0.437, "2005-03-31": "-0.58300"}, "Stock-Based Compensation": {"2020-09-30": 11, "2020-06-30": 21, "2020-03-31": "18.00000", "2019-12-31": 19, "2019-09-30": 17, "2019-06-30": 18, "2019-03-31": "13.00000", "2018-12-31": -15, "2018-09-30": 19, "2018-06-30": 23, "2018-03-31": "22.00000", "2017-12-31": 28.9, "2017-09-30": 16.6, "2017-06-30": 18.2, "2017-03-31": "15.30000", "2016-12-31": 20.8, "2016-09-30": 13.7, "2016-06-30": 8.6, "2016-03-31": "11.90000", "2015-12-31": 8.2, "2015-09-30": 2.8, "2015-06-30": 14.6, "2015-03-31": "2.30000", "2014-12-31": 1.9, "2014-09-30": 1.8, "2014-06-30": 1.6, "2014-03-31": "2.20000", "2013-12-31": 1.326, "2013-09-30": 1.227, "2013-06-30": 1.05, "2013-03-31": "1.09700", "2012-12-31": 0.915, "2012-09-30": 1.219, "2012-06-30": 1.233, "2012-03-31": "1.03300", "2011-12-31": 0.883, "2011-09-30": 0.213, "2011-06-30": 0.045, "2011-03-31": "0.03900", "2010-12-31": 0.001, "2010-09-30": 0.063, "2010-06-30": 0.063, "2010-03-31": "0.03000", "2009-12-31": 0.029, "2009-09-30": 0.051, "2009-06-30": 0.051, "2009-03-31": "0.04100", "2008-12-31": 0.063, "2008-09-30": 0.045, "2008-06-30": 0.045, "2008-03-31": "0.04500", "2007-12-31": 0.149, "2007-09-30": 0.045, "2007-06-30": 0.17, "2007-03-31": "0.03800", "2006-12-31": 0.031, "2006-09-30": 0.02, "2006-06-30": 0.03, "2006-03-31": "0.02900", "2005-12-31": 0.022, "2005-09-30": 0.014, "2005-06-30": 0.015, "2005-03-31": "0.05200"}, "Common Stock Dividends Paid": {"2020-09-30": 0, "2020-06-30": 0, "2020-03-31": "", "2019-12-31": 0, "2019-09-30": 0, "2019-06-30": 0, "2019-03-31": "", "2018-12-31": 0, "2018-09-30": 2, "2018-06-30": -2, "2018-03-31": "", "2017-12-31": 0, "2017-09-30": 0, "2017-06-30": 0, "2017-03-31": "", "2016-12-31": 0, "2016-09-30": 0, "2016-06-30": 0, "2016-03-31": "", "2015-12-31": 0, "2015-09-30": 0, "2015-06-30": 0, "2015-03-31": "", "2014-12-31": 0, "2014-09-30": 0, "2014-06-30": 0, "2014-03-31": "", "2013-12-31": 0, "2013-09-30": 0, "2013-06-30": 0, "2013-03-31": "", "2012-12-31": 0, "2012-09-30": 0, "2012-06-30": 0, "2012-03-31": "", "2011-12-31": 0, "2011-09-30": 0, "2011-06-30": 0, "2011-03-31": "", "2010-12-31": 0, "2010-09-30": 0, "2010-06-30": 0, "2010-03-31": "", "2009-12-31": 0, "2009-09-30": 0, "2009-06-30": 0, "2009-03-31": "", "2008-12-31": 0, "2008-09-30": 0, "2008-06-30": 0, "2008-03-31": "", "2007-12-31": 0, "2007-09-30": 0, "2007-06-30": 0, "2007-03-31": "", "2006-12-31": 0, "2006-09-30": 0, "2006-06-30": 0, "2006-03-31": "", "2005-12-31": 0, "2005-09-30": 0, "2005-06-30": 0, "2005-03-31": ""}}, "financial ratios": {"Current Ratio": {"2019-12-31": "1.02580", "2018-12-31": "1.11320", "2017-12-31": "1.19720", "2016-12-31": "1.12520", "2015-12-31": "1.09750", "2014-12-31": "3.21150", "2013-12-31": "1.71200", "2012-12-31": "6.54610", "2011-12-31": "6.16890", "2010-12-31": "1.80740", "2009-12-31": "1.05370", "2008-12-31": "1.42590", "2007-12-31": "1.77610", "2006-12-31": "1.47830", "2005-12-31": "1.30630"}, "Long-term Debt / Capital": {"2019-12-31": "0.64150", "2018-12-31": "0.49570", "2017-12-31": "0.52420", "2016-12-31": "0.60900", "2015-12-31": "0.63270", "2014-12-31": "0.25960", "2013-12-31": "0.28500", "2012-12-31": "0.30780", "2011-12-31": "0.00420", "2010-12-31": "0.12440", "2009-12-31": "0.00740", "2008-12-31": "0.12300", "2007-12-31": "0.00190", "2006-12-31": "0.07740", "2005-12-31": "0.18650"}, "Debt/Equity Ratio": {"2019-12-31": "1.81840", "2018-12-31": "1.07530", "2017-12-31": "1.12770", "2016-12-31": "1.60260", "2015-12-31": "1.76680", "2014-12-31": "0.35170", "2013-12-31": "0.40290", "2012-12-31": "0.44660", "2011-12-31": "0.01960", "2010-12-31": "0.19150", "2009-12-31": "0.28020", "2008-12-31": "0.18680", "2007-12-31": "0.00460", "2006-12-31": "0.09150", "2005-12-31": "0.25080"}, "Gross Margin": {"2019-12-31": "16.01390", "2018-12-31": "14.70570", "2017-12-31": "14.58290", "2016-12-31": "14.47430", "2015-12-31": "14.23030", "2014-12-31": "16.19280", "2013-12-31": "16.68800", "2012-12-31": "14.64470", "2011-12-31": "16.81650", "2010-12-31": "17.34320", "2009-12-31": "16.71730", "2008-12-31": "16.29240", "2007-12-31": "24.65160", "2006-12-31": "26.49290", "2005-12-31": "22.57580"}, "Operating Margin": {"2019-12-31": "4.93150", "2018-12-31": "4.07430", "2017-12-31": "3.78390", "2016-12-31": "3.17400", "2015-12-31": "-0.37520", "2014-12-31": "-1.73550", "2013-12-31": "-7.44700", "2012-12-31": "-10.05030", "2011-12-31": "0.97360", "2010-12-31": "5.34600", "2009-12-31": "3.16670", "2008-12-31": "4.72310", "2007-12-31": "6.20170", "2006-12-31": "7.82010", "2005-12-31": "-14.12370"}, "EBIT Margin": {"2019-12-31": "4.93150", "2018-12-31": "4.07430", "2017-12-31": "3.78390", "2016-12-31": "3.17400", "2015-12-31": "-0.37520", "2014-12-31": "-1.73550", "2013-12-31": "-7.44700", "2012-12-31": "-10.05030", "2011-12-31": "0.97360", "2010-12-31": "5.34600", "2009-12-31": "3.16670", "2008-12-31": "4.72310", "2007-12-31": "6.20170", "2006-12-31": "7.82010", "2005-12-31": "-14.12370"}, "EBITDA Margin": {"2019-12-31": "9.37050", "2018-12-31": "8.21810", "2017-12-31": "8.06190", "2016-12-31": "7.57230", "2015-12-31": "4.41150", "2014-12-31": "2.43570", "2013-12-31": "-4.48530", "2012-12-31": "-9.08110", "2011-12-31": "1.67390", "2010-12-31": "6.16250", "2009-12-31": "4.35610", "2008-12-31": "5.74080", "2007-12-31": "7.96850", "2006-12-31": "10.64380", "2005-12-31": "-10.52250"}, "Pre-Tax Profit Margin": {"2019-12-31": "3.41780", "2018-12-31": "3.27570", "2017-12-31": "1.69690", "2016-12-31": "0.73190", "2015-12-31": "-3.70580", "2014-12-31": "-3.80630", "2013-12-31": "-10.10960", "2012-12-31": "-11.30650", "2011-12-31": "0.83410", "2010-12-31": "5.12760", "2009-12-31": "3.01090", "2008-12-31": "4.30380", "2007-12-31": "6.03610", "2006-12-31": "6.82080", "2005-12-31": "-14.59300"}, "Net Profit Margin": {"2019-12-31": "2.27660", "2018-12-31": "2.25710", "2017-12-31": "2.02850", "2016-12-31": "0.43090", "2015-12-31": "-3.22570", "2014-12-31": "-4.55740", "2013-12-31": "-7.33300", "2012-12-31": "-8.36320", "2011-12-31": "-25.17390", "2010-12-31": "3.09390", "2009-12-31": "1.70270", "2008-12-31": "2.88320", "2007-12-31": "4.55010", "2006-12-31": "10.45890", "2005-12-31": "-14.59300"}, "Asset Turnover": {"2019-12-31": "1.17840", "2018-12-31": "1.40820", "2017-12-31": "1.22050", "2016-12-31": "1.24970", "2015-12-31": "0.60290", "2014-12-31": "0.85710", "2013-12-31": "0.90020", "2012-12-31": "0.67420", "2011-12-31": "1.38730", "2010-12-31": "2.78770", "2009-12-31": "2.04200", "2008-12-31": "2.62610", "2007-12-31": "2.01120", "2006-12-31": "1.72740", "2005-12-31": "2.15930"}, "Inventory Turnover Ratio": {"2019-12-31": "", "2018-12-31": "", "2017-12-31": "", "2016-12-31": "", "2015-12-31": "", "2014-12-31": "", "2013-12-31": "", "2012-12-31": "", "2011-12-31": "", "2010-12-31": "", "2009-12-31": "", "2008-12-31": "", "2007-12-31": "", "2006-12-31": "", "2005-12-31": ""}, "Receiveable Turnover": {"2019-12-31": "6.65920", "2018-12-31": "6.65600", "2017-12-31": "5.64440", "2016-12-31": "6.31950", "2015-12-31": "3.36360", "2014-12-31": "4.33360", "2013-12-31": "5.23320", "2012-12-31": "4.36580", "2011-12-31": "7.52430", "2010-12-31": "6.16660", "2009-12-31": "5.69960", "2008-12-31": "8.97080", "2007-12-31": "8.42540", "2006-12-31": "6.97180", "2005-12-31": "8.98690"}, "Days Sales In Receivables": {"2019-12-31": "54.81140", "2018-12-31": "54.83770", "2017-12-31": "64.66580", "2016-12-31": "57.75730", "2015-12-31": "108.51560", "2014-12-31": "84.22600", "2013-12-31": "69.74660", "2012-12-31": "83.60410", "2011-12-31": "48.50970", "2010-12-31": "59.19030", "2009-12-31": "64.03980", "2008-12-31": "40.68750", "2007-12-31": "43.32140", "2006-12-31": "52.35380", "2005-12-31": "40.61460"}, "ROE - Return On Equity": {"2019-12-31": "15.41160", "2018-12-31": "11.30060", "2017-12-31": "9.07030", "2016-12-31": "2.83710", "2015-12-31": "-6.34690", "2014-12-31": "-3.94320", "2013-12-31": "-11.73770", "2012-12-31": "-10.03630", "2011-12-31": "1.15760", "2010-12-31": "14.37100", "2009-12-31": "5.94990", "2008-12-31": "10.61940", "2007-12-31": "9.96040", "2006-12-31": "23.36030", "2005-12-31": "-51.52400"}, "Return On Tangible Equity": {"2019-12-31": "-16.62890", "2018-12-31": "-25.37140", "2017-12-31": "-18.09960", "2016-12-31": "-3.01110", "2015-12-31": "5.59200", "2014-12-31": "-16.54960", "2013-12-31": "52.31930", "2012-12-31": "-12.18200", "2011-12-31": "0.91060", "2010-12-31": "57.45180", "2009-12-31": "74.44930", "2008-12-31": "70.76110", "2007-12-31": "27.82810", "2006-12-31": "64.14250", "2005-12-31": "-188.18770"}, "ROA - Return On Assets": {"2019-12-31": "3.11440", "2018-12-31": "3.61860", "2017-12-31": "2.85670", "2016-12-31": "0.72660", "2015-12-31": "-1.51540", "2014-12-31": "-2.31320", "2013-12-31": "-6.21640", "2012-12-31": "-4.91280", "2011-12-31": "0.59460", "2010-12-31": "8.62510", "2009-12-31": "3.44620", "2008-12-31": "6.75830", "2007-12-31": "7.64210", "2006-12-31": "16.58110", "2005-12-31": "-31.51080"}, "ROI - Return On Investment": {"2019-12-31": "5.44690", "2018-12-31": "5.64020", "2017-12-31": "4.27150", "2016-12-31": "1.09410", "2015-12-31": "-2.29920", "2014-12-31": "-2.84510", "2013-12-31": "-7.60670", "2012-12-31": "-5.73420", "2011-12-31": "0.69750", "2010-12-31": "12.58330", "2009-12-31": "5.90560", "2008-12-31": "9.31330", "2007-12-31": "9.94190", "2006-12-31": "21.55320", "2005-12-31": "-41.91290"}, "Book Value Per Share": {"2019-12-31": "31.47830", "2018-12-31": "34.22410", "2017-12-31": "33.41670", "2016-12-31": "27.34110", "2015-12-31": "27.94660", "2014-12-31": "21.37770", "2013-12-31": "14.92890", "2012-12-31": "13.64620", "2011-12-31": "12.95400", "2010-12-31": "4.18520", "2009-12-31": "3.54660", "2008-12-31": "3.31230", "2007-12-31": "2.71380", "2006-12-31": "2.32960", "2005-12-31": "1.71750"}, "Operating Cash Flow Per Share": {"2019-12-31": -0.7007, "2018-12-31": 2.0302, "2017-12-31": 1.0759, "2016-12-31": 4.0785, "2015-12-31": 1.3758, "2014-12-31": 2.5105, "2013-12-31": -1.3601, "2012-12-31": -2.3494, "2011-12-31": 0.529, "2010-12-31": 0.2849, "2009-12-31": -0.9, "2008-12-31": 0.2959, "2007-12-31": 0.0457, "2006-12-31": 0.3433, "2005-12-31": 0.2028}, "Free Cash Flow Per Share": {"2019-12-31": -0.9709, "2018-12-31": 2.0235, "2017-12-31": 1.4261, "2016-12-31": 2.7461, "2015-12-31": 0.1745, "2014-12-31": 2.1872, "2013-12-31": -1.4231, "2012-12-31": -2.7038, "2011-12-31": 0.5353, "2010-12-31": 0.2026, "2009-12-31": -0.7758, "2008-12-31": 0.2108, "2007-12-31": 0.1348, "2006-12-31": 0.1819, "2005-12-31": 0.2206}}, "financial ratios, quarterly": {"Current Ratio": {"2020-09-30": "1.39360", "2020-06-30": "1.51100", "2020-03-31": "1.18350", "2019-12-31": "1.02580", "2019-09-30": "1.06830", "2019-06-30": "1.03240", "2019-03-31": "1.07030", "2018-12-31": "1.11320", "2018-09-30": "1.27890", "2018-06-30": "1.26300", "2018-03-31": "1.26340", "2017-12-31": "1.19720", "2017-09-30": "1.23180", "2017-06-30": "1.19190", "2017-03-31": "1.19200", "2016-12-31": "1.12520", "2016-09-30": "1.17740", "2016-06-30": "1.17640", "2016-03-31": "1.12100", "2015-12-31": "1.09750", "2015-09-30": "1.66290", "2015-06-30": "1.82880", "2015-03-31": "3.93420", "2014-12-31": "3.21150", "2014-09-30": "3.48350", "2014-06-30": "1.77240", "2014-03-31": "1.70050", "2013-12-31": "1.71200", "2013-09-30": "2.40060", "2013-06-30": "5.02730", "2013-03-31": "6.34450", "2012-12-31": "6.54610", "2012-09-30": "12.06380", "2012-06-30": "13.46030", "2012-03-31": "12.94400", "2011-12-31": "6.16890", "2011-09-30": "6.51140", "2011-06-30": "1.83810", "2011-03-31": "1.75200", "2010-12-31": "1.80740", "2010-09-30": "1.81580", "2010-06-30": "1.59260", "2010-03-31": "1.49030", "2009-12-31": "1.05370", "2009-09-30": "1.15260", "2009-06-30": "1.08670", "2009-03-31": "1.64020", "2008-12-31": "1.42590", "2008-09-30": "1.84040", "2008-06-30": "1.60650", "2008-03-31": "1.67660", "2007-12-31": "1.77610", "2007-09-30": "2.47290", "2007-06-30": "2.23600", "2007-03-31": "2.40600", "2006-12-31": "1.47830", "2006-09-30": "2.28470", "2006-06-30": "2.13050", "2006-03-31": "1.70040", "2005-12-31": "1.30630", "2005-09-30": "1.08430", "2005-06-30": "1.12350", "2005-03-31": "1.30290"}, "Long-term Debt / Capital": {"2020-09-30": "0.70150", "2020-06-30": "0.72490", "2020-03-31": "0.67880", "2019-12-31": "0.64150", "2019-09-30": "0.63330", "2019-06-30": "0.63810", "2019-03-31": "0.65430", "2018-12-31": "0.49570", "2018-09-30": "0.46600", "2018-06-30": "0.51560", "2018-03-31": "0.52910", "2017-12-31": "0.52420", "2017-09-30": "0.55110", "2017-06-30": "0.59400", "2017-03-31": "0.60910", "2016-12-31": "0.60900", "2016-09-30": "0.63260", "2016-06-30": "0.63450", "2016-03-31": "0.63580", "2015-12-31": "0.63270", "2015-09-30": "0.51690", "2015-06-30": "0.54670", "2015-03-31": "0.36850", "2014-12-31": "0.25960", "2014-09-30": "0.26720", "2014-06-30": "0.09650", "2014-03-31": "0.09420", "2013-12-31": "0.28500", "2013-09-30": "0.19860", "2013-06-30": "0.34050", "2013-03-31": "0.32200", "2012-12-31": "0.30780", "2012-09-30": "0.27000", "2012-06-30": "0.00040", "2012-03-31": "0.00010", "2011-12-31": "0.00420", "2011-09-30": "0.00790", "2011-06-30": "0.03270", "2011-03-31": "0.05420", "2010-12-31": "0.12440", "2010-09-30": "0.16610", "2010-06-30": "0.13840", "2010-03-31": "0.14260", "2009-12-31": "0.00740", "2009-09-30": "0.01820", "2009-06-30": "0.02960", "2009-03-31": "0.16580", "2008-12-31": "0.12300", "2008-09-30": "0.27750", "2008-06-30": "0.28080", "2008-03-31": "0.28450", "2007-12-31": "0.00190", "2007-09-30": "0.00640", "2007-06-30": "0.07610", "2007-03-31": "0.14060", "2006-12-31": "0.07740", "2006-09-30": "0.14710", "2006-06-30": "0.18760", "2006-03-31": "0.18240", "2005-12-31": "0.18650", "2005-09-30": "0.07650", "2005-06-30": "0.07280", "2005-03-31": "0.04020"}, "Debt/Equity Ratio": {"2020-09-30": "2.39680", "2020-06-30": "2.70960", "2020-03-31": "2.20890", "2019-12-31": "1.81840", "2019-09-30": "1.74870", "2019-06-30": "1.87980", "2019-03-31": "1.93290", "2018-12-31": "1.07530", "2018-09-30": "0.89100", "2018-06-30": "1.08490", "2018-03-31": "1.14550", "2017-12-31": "1.12770", "2017-09-30": "1.25220", "2017-06-30": "1.49900", "2017-03-31": "1.60170", "2016-12-31": "1.60260", "2016-09-30": "1.76030", "2016-06-30": "1.77560", "2016-03-31": "1.78910", "2015-12-31": "1.76680", "2015-09-30": "1.10820", "2015-06-30": "1.33540", "2015-03-31": "0.58450", "2014-12-31": "0.35170", "2014-09-30": "0.36640", "2014-06-30": "0.10850", "2014-03-31": "0.10580", "2013-12-31": "0.40290", "2013-09-30": "0.24940", "2013-06-30": "0.52030", "2013-03-31": "0.47830", "2012-12-31": "0.44660", "2012-09-30": "0.37130", "2012-06-30": "0.00050", "2012-03-31": "0.00020", "2011-12-31": "0.01960", "2011-09-30": "0.02340", "2011-06-30": "0.07890", "2011-03-31": "0.10360", "2010-12-31": "0.19150", "2010-09-30": "0.24970", "2010-06-30": "0.21420", "2010-03-31": "0.22360", "2009-12-31": "0.28020", "2009-09-30": "0.24650", "2009-06-30": "0.25080", "2009-03-31": "0.24460", "2008-12-31": "0.18680", "2008-09-30": "0.43210", "2008-06-30": "0.44100", "2008-03-31": "0.45030", "2007-12-31": "0.00460", "2007-09-30": "0.01280", "2007-06-30": "0.08920", "2007-03-31": "0.17090", "2006-12-31": "0.09150", "2006-09-30": "0.18540", "2006-06-30": "0.24490", "2006-03-31": "0.23830", "2005-12-31": "0.25080", "2005-09-30": "0.34170", "2005-06-30": "0.31690", "2005-03-31": "0.18320"}, "Gross Margin": {"2020-09-30": "17.10500", "2020-06-30": "14.02060", "2020-03-31": "15.68320", "2019-12-31": "15.71570", "2019-09-30": "16.49010", "2019-06-30": "16.82400", "2019-03-31": "15.00000", "2018-12-31": "13.94400", "2018-09-30": "15.10960", "2018-06-30": "15.65440", "2018-03-31": "14.09830", "2017-12-31": "13.68590", "2017-09-30": "14.82600", "2017-06-30": "15.61580", "2017-03-31": "14.28170", "2016-12-31": "13.32350", "2016-09-30": "14.86350", "2016-06-30": "15.74130", "2016-03-31": "13.94370", "2015-12-31": "13.66770", "2015-09-30": "13.83090", "2015-06-30": "15.65100", "2015-03-31": "15.78950", "2014-12-31": "15.45690", "2014-09-30": "15.71320", "2014-06-30": "16.29950", "2014-03-31": "19.26350", "2013-12-31": "18.98780", "2013-09-30": "16.88710", "2013-06-30": "14.10740", "2013-03-31": "14.26330", "2012-12-31": "14.41040", "2012-09-30": "13.97980", "2012-06-30": "15.52260", "2012-03-31": "15.19970", "2011-12-31": "16.26630", "2011-09-30": "17.34580", "2011-06-30": "16.28340", "2011-03-31": "17.36290", "2010-12-31": "15.45590", "2010-09-30": "18.31130", "2010-06-30": "17.94500", "2010-03-31": "17.69480", "2009-12-31": "16.31760", "2009-09-30": "18.04200", "2009-06-30": "16.35120", "2009-03-31": "16.02230", "2008-12-31": "16.11370", "2008-09-30": "15.91740", "2008-06-30": "16.00670", "2008-03-31": "17.33010", "2007-12-31": "24.16010", "2007-09-30": "22.82360", "2007-06-30": "25.38650", "2007-03-31": "26.27690", "2006-12-31": "30.23620", "2006-09-30": "26.22800", "2006-06-30": "25.74640", "2006-03-31": "25.38990", "2005-12-31": "28.13240", "2005-09-30": "21.69890", "2005-06-30": "21.70070", "2005-03-31": "19.04530"}, "Operating Margin": {"2020-09-30": "5.28310", "2020-06-30": "-4.02630", "2020-03-31": "2.09630", "2019-12-31": "4.88390", "2019-09-30": "5.51280", "2019-06-30": "6.08780", "2019-03-31": "3.20390", "2018-12-31": "2.87080", "2018-09-30": "4.82120", "2018-06-30": "5.22580", "2018-03-31": "3.36360", "2017-12-31": "3.01380", "2017-09-30": "4.54580", "2017-06-30": "4.65650", "2017-03-31": "2.93260", "2016-12-31": "1.70010", "2016-09-30": "4.54520", "2016-06-30": "4.62360", "2016-03-31": "1.75990", "2015-12-31": "-1.13100", "2015-09-30": "1.86700", "2015-06-30": "-2.47550", "2015-03-31": "-0.68280", "2014-12-31": "0.72230", "2014-09-30": "-2.05280", "2014-06-30": "-2.04820", "2014-03-31": "-7.57790", "2013-12-31": "-3.30410", "2013-09-30": "-9.49520", "2013-06-30": "-10.22310", "2013-03-31": "-9.97110", "2012-12-31": "-10.25510", "2012-09-30": "-13.07260", "2012-06-30": "-6.17530", "2012-03-31": "-9.47930", "2011-12-31": "-5.41910", "2011-09-30": "0.99180", "2011-06-30": "3.72610", "2011-03-31": "4.81830", "2010-12-31": "3.27500", "2010-09-30": "6.56950", "2010-06-30": "6.54680", "2010-03-31": "4.81640", "2009-12-31": "3.54950", "2009-09-30": "5.51300", "2009-06-30": "2.83680", "2009-03-31": "-0.13450", "2008-12-31": "4.18370", "2008-09-30": "5.80070", "2008-06-30": "4.58640", "2008-03-31": "4.04790", "2007-12-31": "1.54120", "2007-09-30": "5.82380", "2007-06-30": "9.18940", "2007-03-31": "6.69970", "2006-12-31": "4.98190", "2006-09-30": "9.07750", "2006-06-30": "8.45320", "2006-03-31": "7.37830", "2005-12-31": "5.49650", "2005-09-30": "-5.20400", "2005-06-30": "-10.15550", "2005-03-31": "-44.65170"}, "EBIT Margin": {"2020-09-30": "5.28310", "2020-06-30": "-4.02630", "2020-03-31": "2.09630", "2019-12-31": "4.88390", "2019-09-30": "5.51280", "2019-06-30": "6.08780", "2019-03-31": "3.20390", "2018-12-31": "2.87080", "2018-09-30": "4.82120", "2018-06-30": "5.22580", "2018-03-31": "3.36360", "2017-12-31": "3.01380", "2017-09-30": "4.54580", "2017-06-30": "4.65650", "2017-03-31": "2.93260", "2016-12-31": "1.70010", "2016-09-30": "4.54520", "2016-06-30": "4.62360", "2016-03-31": "1.75990", "2015-12-31": "-1.13100", "2015-09-30": "1.86700", "2015-06-30": "-2.47550", "2015-03-31": "-0.68280", "2014-12-31": "0.72230", "2014-09-30": "-2.05280", "2014-06-30": "-2.04820", "2014-03-31": "-7.57790", "2013-12-31": "-3.30410", "2013-09-30": "-9.49520", "2013-06-30": "-10.22310", "2013-03-31": "-9.97110", "2012-12-31": "-10.25510", "2012-09-30": "-13.07260", "2012-06-30": "-6.17530", "2012-03-31": "-9.47930", "2011-12-31": "-5.41910", "2011-09-30": "0.99180", "2011-06-30": "3.72610", "2011-03-31": "4.81830", "2010-12-31": "3.27500", "2010-09-30": "6.56950", "2010-06-30": "6.54680", "2010-03-31": "4.81640", "2009-12-31": "3.54950", "2009-09-30": "5.51300", "2009-06-30": "2.83680", "2009-03-31": "-0.13450", "2008-12-31": "4.18370", "2008-09-30": "5.80070", "2008-06-30": "4.58640", "2008-03-31": "4.04790", "2007-12-31": "1.54120", "2007-09-30": "5.82380", "2007-06-30": "9.18940", "2007-03-31": "6.69970", "2006-12-31": "4.98190", "2006-09-30": "9.07750", "2006-06-30": "8.45320", "2006-03-31": "7.37830", "2005-12-31": "5.49660", "2005-09-30": "-5.20400", "2005-06-30": "-10.15550", "2005-03-31": "-44.65170"}, "EBITDA Margin": {"2020-09-30": "", "2020-06-30": "", "2020-03-31": "", "2019-12-31": "", "2019-09-30": "", "2019-06-30": "", "2019-03-31": "", "2018-12-31": "", "2018-09-30": "", "2018-06-30": "", "2018-03-31": "", "2017-12-31": "", "2017-09-30": "", "2017-06-30": "", "2017-03-31": "", "2016-12-31": "", "2016-09-30": "", "2016-06-30": "", "2016-03-31": "", "2015-12-31": "", "2015-09-30": "", "2015-06-30": "", "2015-03-31": "", "2014-12-31": "", "2014-09-30": "", "2014-06-30": "", "2014-03-31": "", "2013-12-31": "", "2013-09-30": "", "2013-06-30": "", "2013-03-31": "", "2012-12-31": "", "2012-09-30": "", "2012-06-30": "", "2012-03-31": "", "2011-12-31": "", "2011-09-30": "", "2011-06-30": "", "2011-03-31": "", "2010-12-31": "", "2010-09-30": "", "2010-06-30": "", "2010-03-31": "", "2009-12-31": "", "2009-09-30": "", "2009-06-30": "", "2009-03-31": "", "2008-12-31": "", "2008-09-30": "", "2008-06-30": "", "2008-03-31": "", "2007-12-31": "", "2007-09-30": "", "2007-06-30": "", "2007-03-31": "", "2006-12-31": "", "2006-09-30": "", "2006-06-30": "", "2006-03-31": "", "2005-12-31": "", "2005-09-30": "", "2005-06-30": "", "2005-03-31": ""}, "Pre-Tax Profit Margin": {"2020-09-30": "3.71950", "2020-06-30": "-5.85380", "2020-03-31": "0.90580", "2019-12-31": "3.31240", "2019-09-30": "4.09240", "2019-06-30": "4.50680", "2019-03-31": "1.72330", "2018-12-31": "2.68850", "2018-09-30": "3.59860", "2018-06-30": "4.88200", "2018-03-31": "1.88450", "2017-12-31": "1.41870", "2017-09-30": "2.60860", "2017-06-30": "2.26050", "2017-03-31": "0.42660", "2016-12-31": "0.94120", "2016-09-30": "0.64620", "2016-06-30": "2.26430", "2016-03-31": "-0.98710", "2015-12-31": "-3.96150", "2015-09-30": "-1.41820", "2015-06-30": "-7.26210", "2015-03-31": "-4.02560", "2014-12-31": "-1.30010", "2014-09-30": "-4.78490", "2014-06-30": "-2.68500", "2014-03-31": "-11.18980", "2013-12-31": "-5.56740", "2013-09-30": "-12.92340", "2013-06-30": "-12.61060", "2013-03-31": "-12.56330", "2012-12-31": "-13.15890", "2012-09-30": "-13.53610", "2012-06-30": "-6.22850", "2012-03-31": "-9.45920", "2011-12-31": "-5.50980", "2011-09-30": "0.88840", "2011-06-30": "3.54470", "2011-03-31": "4.63040", "2010-12-31": "3.02720", "2010-09-30": "6.38950", "2010-06-30": "6.24440", "2010-03-31": "4.69000", "2009-12-31": "3.37870", "2009-09-30": "5.34130", "2009-06-30": "2.63450", "2009-03-31": "-0.19430", "2008-12-31": "3.58260", "2008-09-30": "5.43110", "2008-06-30": "4.21230", "2008-03-31": "3.69790", "2007-12-31": "1.46360", "2007-09-30": "5.97350", "2007-06-30": "8.74870", "2007-03-31": "6.43000", "2006-12-31": "4.06830", "2006-09-30": "8.34020", "2006-06-30": "7.62590", "2006-03-31": "5.82940", "2005-12-31": "6.15650", "2005-09-30": "-5.79270", "2005-06-30": "-11.76870", "2005-03-31": "-44.93190"}, "Net Profit Margin": {"2020-09-30": "1.99010", "2020-06-30": "-3.76930", "2020-03-31": "0.54350", "2019-12-31": "2.34530", "2019-09-30": "2.81660", "2019-06-30": "2.87870", "2019-03-31": "1.04370", "2018-12-31": "1.91390", "2018-09-30": "2.32990", "2018-06-30": "3.16300", "2018-03-31": "1.59830", "2017-12-31": "4.46820", "2017-09-30": "1.47930", "2017-06-30": "1.26590", "2017-03-31": "0.55090", "2016-12-31": "0.81060", "2016-09-30": "0.37160", "2016-06-30": "1.15660", "2016-03-31": "-0.65430", "2015-12-31": "-1.86400", "2015-09-30": "-3.94140", "2015-06-30": "-6.17650", "2015-03-31": "-2.19060", "2014-12-31": "-6.19960", "2014-09-30": "-1.85660", "2014-06-30": "-2.49570", "2014-03-31": "-10.30450", "2013-12-31": "-4.40850", "2013-09-30": "-3.48900", "2013-06-30": "-13.20660", "2013-03-31": "-13.40980", "2012-12-31": "-9.24320", "2012-09-30": "-5.49250", "2012-06-30": "-10.86730", "2012-03-31": "-7.72890", "2011-12-31": "-5.01760", "2011-09-30": "-93.68420", "2011-06-30": "2.07280", "2011-03-31": "2.69100", "2010-12-31": "1.97320", "2010-09-30": "3.89220", "2010-06-30": "3.72830", "2010-03-31": "2.63570", "2009-12-31": "1.90130", "2009-09-30": "3.09410", "2009-06-30": "1.29480", "2009-03-31": "0.02490", "2008-12-31": "2.35230", "2008-09-30": "3.70220", "2008-06-30": "2.60830", "2008-03-31": "2.71130", "2007-12-31": "5.06710", "2007-09-30": "3.73530", "2007-06-30": "5.44720", "2007-03-31": "4.01110", "2006-12-31": "27.47800", "2006-09-30": "8.34020", "2006-06-30": "7.62590", "2006-03-31": "5.82940", "2005-12-31": "6.15650", "2005-09-30": "-5.79270", "2005-06-30": "-11.76870", "2005-03-31": "-44.93190"}, "Asset Turnover": {"2020-09-30": "0.26810", "2020-06-30": "0.22390", "2020-03-31": "0.26530", "2019-12-31": "0.29280", "2019-09-30": "0.29850", "2019-06-30": "0.29610", "2019-03-31": "0.29020", "2018-12-31": "0.35770", "2018-09-30": "0.34200", "2018-06-30": "0.34570", "2018-03-31": "0.32340", "2017-12-31": "0.33280", "2017-09-30": "0.31450", "2017-06-30": "0.31510", "2017-03-31": "0.30280", "2016-12-31": "0.31420", "2016-09-30": "0.29900", "2016-06-30": "0.29630", "2016-03-31": "0.28160", "2015-12-31": "0.26430", "2015-09-30": "0.26140", "2015-06-30": "0.12530", "2015-03-31": "0.22440", "2014-12-31": "0.30210", "2014-09-30": "0.24120", "2014-06-30": "0.42080", "2014-03-31": "0.19830", "2013-12-31": "0.32970", "2013-09-30": "0.27700", "2013-06-30": "0.34750", "2013-03-31": "0.28470", "2012-12-31": "0.26260", "2012-09-30": "0.18310", "2012-06-30": "0.20920", "2012-03-31": "0.16800", "2011-12-31": "0.34540", "2011-09-30": "0.37010", "2011-06-30": "0.79310", "2011-03-31": "0.74360", "2010-12-31": "0.73330", "2010-09-30": "0.76960", "2010-06-30": "0.74550", "2010-03-31": "0.63600", "2009-12-31": "0.64460", "2009-09-30": "0.59140", "2009-06-30": "0.52390", "2009-03-31": "0.48170", "2008-12-31": "0.59870", "2008-09-30": "0.64960", "2008-06-30": "0.61660", "2008-03-31": "0.54780", "2007-12-31": "0.38020", "2007-09-30": "0.62290", "2007-06-30": "0.61830", "2007-03-31": "0.52530", "2006-12-31": "0.26850", "2006-09-30": "0.57070", "2006-06-30": "0.58780", "2006-03-31": "0.52700", "2005-12-31": "0.52550", "2005-09-30": "0.53370", "2005-06-30": "0.54550", "2005-03-31": "0.56430"}, "Inventory Turnover Ratio": {"2020-09-30": "", "2020-06-30": "", "2020-03-31": "", "2019-12-31": "", "2019-09-30": "", "2019-06-30": "", "2019-03-31": "", "2018-12-31": "", "2018-09-30": "", "2018-06-30": "", "2018-03-31": "", "2017-12-31": "", "2017-09-30": "", "2017-06-30": "", "2017-03-31": "", "2016-12-31": "", "2016-09-30": "", "2016-06-30": "", "2016-03-31": "", "2015-12-31": "", "2015-09-30": "", "2015-06-30": "", "2015-03-31": "", "2014-12-31": "", "2014-09-30": "", "2014-06-30": "", "2014-03-31": "", "2013-12-31": "", "2013-09-30": "", "2013-06-30": "", "2013-03-31": "", "2012-12-31": "", "2012-09-30": "", "2012-06-30": "", "2012-03-31": "", "2011-12-31": "", "2011-09-30": "", "2011-06-30": "", "2011-03-31": "", "2010-12-31": "", "2010-09-30": "", "2010-06-30": "", "2010-03-31": "", "2009-12-31": "", "2009-09-30": "", "2009-06-30": "", "2009-03-31": "", "2008-12-31": "", "2008-09-30": "", "2008-06-30": "", "2008-03-31": "", "2007-12-31": "", "2007-09-30": "", "2007-06-30": "", "2007-03-31": "", "2006-12-31": "", "2006-09-30": "", "2006-06-30": "", "2006-03-31": "", "2005-12-31": "", "2005-09-30": "", "2005-06-30": "", "2005-03-31": ""}, "Receiveable Turnover": {"2020-09-30": "1.60860", "2020-06-30": "1.56060", "2020-03-31": "1.60000", "2019-12-31": "1.65440", "2019-09-30": "1.61200", "2019-06-30": "1.55640", "2019-03-31": "1.49650", "2018-12-31": "1.69070", "2018-09-30": "1.48720", "2018-06-30": "1.52770", "2018-03-31": "1.46660", "2017-12-31": "1.53910", "2017-09-30": "1.49450", "2017-06-30": "1.51510", "2017-03-31": "1.51390", "2016-12-31": "1.58920", "2016-09-30": "1.58820", "2016-06-30": "1.62520", "2016-03-31": "1.56540", "2015-12-31": "1.47470", "2015-09-30": "1.43400", "2015-06-30": "0.71430", "2015-03-31": "1.39290", "2014-12-31": "1.52760", "2014-09-30": "1.35610", "2014-06-30": "1.69790", "2014-03-31": "0.82390", "2013-12-31": "1.91680", "2013-09-30": "1.54760", "2013-06-30": "1.48080", "2013-03-31": "1.49280", "2012-12-31": "1.70040", "2012-09-30": "1.55430", "2012-06-30": "1.63630", "2012-03-31": "1.63850", "2011-12-31": "1.87320", "2011-09-30": "1.74220", "2011-06-30": "1.73650", "2011-03-31": "1.61860", "2010-12-31": "1.62210", "2010-09-30": "1.69120", "2010-06-30": "1.73030", "2010-03-31": "1.79090", "2009-12-31": "1.79920", "2009-09-30": "1.68720", "2009-06-30": "1.80250", "2009-03-31": "1.81300", "2008-12-31": "2.04510", "2008-09-30": "1.81770", "2008-06-30": "1.73870", "2008-03-31": "1.92560", "2007-12-31": "1.59260", "2007-09-30": "2.13710", "2007-06-30": "2.06630", "2007-03-31": "2.22170", "2006-12-31": "1.08350", "2006-09-30": "1.91650", "2006-06-30": "1.96950", "2006-03-31": "2.04040", "2005-12-31": "2.18700", "2005-09-30": "1.83080", "2005-06-30": "1.99420", "2005-03-31": "2.10390"}, "Days Sales In Receivables": {"2020-09-30": "55.94880", "2020-06-30": "57.66990", "2020-03-31": "56.25000", "2019-12-31": "54.40040", "2019-09-30": "55.83290", "2019-06-30": "57.82680", "2019-03-31": "60.13840", "2018-12-31": "53.23310", "2018-09-30": "60.51700", "2018-06-30": "58.91150", "2018-03-31": "61.36830", "2017-12-31": "58.47500", "2017-09-30": "60.22230", "2017-06-30": "59.40240", "2017-03-31": "59.44910", "2016-12-31": "56.63380", "2016-09-30": "56.66860", "2016-06-30": "55.37860", "2016-03-31": "57.49470", "2015-12-31": "61.03050", "2015-09-30": "62.76110", "2015-06-30": "125.99560", "2015-03-31": "64.61310", "2014-12-31": "58.91660", "2014-09-30": "66.36770", "2014-06-30": "53.00580", "2014-03-31": "109.23400", "2013-12-31": "46.95450", "2013-09-30": "58.15610", "2013-06-30": "60.77860", "2013-03-31": "60.29110", "2012-12-31": "52.92740", "2012-09-30": "57.90260", "2012-06-30": "55.00170", "2012-03-31": "54.92910", "2011-12-31": "48.04490", "2011-09-30": "51.65950", "2011-06-30": "51.82750", "2011-03-31": "55.60500", "2010-12-31": "55.48520", "2010-09-30": "53.21680", "2010-06-30": "52.01440", "2010-03-31": "50.25350", "2009-12-31": "50.02250", "2009-09-30": "53.34210", "2009-06-30": "49.93030", "2009-03-31": "49.64080", "2008-12-31": "44.00820", "2008-09-30": "49.51350", "2008-06-30": "51.76180", "2008-03-31": "46.73810", "2007-12-31": "56.51070", "2007-09-30": "42.11320", "2007-06-30": "43.55660", "2007-03-31": "40.50900", "2006-12-31": "83.06500", "2006-09-30": "46.96160", "2006-06-30": "45.69600", "2006-03-31": "44.10990", "2005-12-31": "41.15300", "2005-09-30": "49.15950", "2005-06-30": "45.13120", "2005-03-31": "42.77810"}, "ROE - Return On Equity": {"2020-09-30": "3.57140", "2020-06-30": "-5.16780", "2020-03-31": "0.93040", "2019-12-31": "3.74780", "2019-09-30": "4.65120", "2019-06-30": "5.05050", "2019-03-31": "1.86250", "2018-12-31": "2.31610", "2018-09-30": "2.52810", "2018-06-30": "3.87930", "2018-03-31": "1.94400", "2017-12-31": "5.21290", "2017-09-30": "1.94140", "2017-06-30": "1.78270", "2017-03-31": "0.81730", "2016-12-31": "1.08810", "2016-09-30": "0.70210", "2016-06-30": "1.66050", "2016-03-31": "-0.63500", "2015-12-31": "-2.07700", "2015-09-30": "-1.14270", "2015-06-30": "-3.52860", "2015-03-31": "-0.89850", "2014-12-31": "-0.61380", "2014-09-30": "-0.93070", "2014-06-30": "-1.51900", "2014-03-31": "-3.06770", "2013-12-31": "-2.55780", "2013-09-30": "-1.45540", "2013-06-30": "-9.97600", "2013-03-31": "-7.63050", "2012-12-31": "-4.58800", "2012-09-30": "-1.49990", "2012-06-30": "-2.64740", "2012-03-31": "-1.34340", "2011-12-31": "-2.22980", "2011-09-30": "0.28710", "2011-06-30": "2.47350", "2011-03-31": "3.10340", "2010-12-31": "2.41080", "2010-09-30": "5.23260", "2010-06-30": "4.81370", "2010-03-31": "2.84950", "2009-12-31": "2.11590", "2009-09-30": "2.88400", "2009-06-30": "1.16310", "2009-03-31": "-0.09410", "2008-12-31": "1.99040", "2008-09-30": "3.92720", "2008-06-30": "3.00240", "2008-03-31": "2.23170", "2007-12-31": "0.54390", "2007-09-30": "2.83590", "2007-06-30": "4.42180", "2007-03-31": "2.87460", "2006-12-31": "8.29960", "2006-09-30": "6.61790", "2006-06-30": "6.65100", "2006-03-31": "4.69170", "2005-12-31": "5.28970", "2005-09-30": "-5.14930", "2005-06-30": "-10.52400", "2005-03-31": "-36.56240"}, "Return On Tangible Equity": {"2020-09-30": "-3.60960", "2020-06-30": "4.78060", "2020-03-31": "-0.92150", "2019-12-31": "-4.04380", "2019-09-30": "-5.39040", "2019-06-30": "-5.35650", "2019-03-31": "-1.84790", "2018-12-31": "-5.20000", "2018-09-30": "-9.55390", "2018-06-30": "-9.31620", "2018-03-31": "-4.08710", "2017-12-31": "-10.40220", "2017-09-30": "-3.08170", "2017-06-30": "-2.11260", "2017-03-31": "-0.90030", "2016-12-31": "-1.15480", "2016-09-30": "-0.65550", "2016-06-30": "-1.53080", "2016-03-31": "0.56600", "2015-12-31": "1.83000", "2015-09-30": "2.41700", "2015-06-30": "4.38170", "2015-03-31": "-3.99890", "2014-12-31": "-2.57610", "2014-09-30": "-3.12670", "2014-06-30": "-7.75790", "2014-03-31": "-16.13370", "2013-12-31": "11.40130", "2013-09-30": "4780.31900", "2013-06-30": "-14.86680", "2013-03-31": "-10.60670", "2012-12-31": "-5.56890", "2012-09-30": "-1.43310", "2012-06-30": "-2.46100", "2012-03-31": "-1.23330", "2011-12-31": "-1.75410", "2011-09-30": "0.22660", "2011-06-30": "7.80330", "2011-03-31": "10.51690", "2010-12-31": "9.63800", "2010-09-30": "23.38160", "2010-06-30": "27.72860", "2010-03-31": "25.34190", "2009-12-31": "26.47580", "2009-09-30": "17.17410", "2009-06-30": "8.47550", "2009-03-31": "-0.77110", "2008-12-31": "13.26300", "2008-09-30": "31.46830", "2008-06-30": "39.14420", "2008-03-31": "65.51300", "2007-12-31": "1.51960", "2007-09-30": "6.19030", "2007-06-30": "10.10720", "2007-03-31": "7.24270", "2006-12-31": "22.78910", "2006-09-30": "15.59540", "2006-06-30": "17.77030", "2006-03-31": "14.71600", "2005-12-31": "19.32040", "2005-09-30": "-13.42120", "2005-06-30": "-24.71430", "2005-03-31": "-76.96130"}, "ROA - Return On Assets": {"2020-09-30": "0.62240", "2020-06-30": "-0.85670", "2020-03-31": "0.17170", "2019-12-31": "0.75740", "2019-09-30": "0.97730", "2019-06-30": "1.01300", "2019-03-31": "0.36630", "2018-12-31": "0.74160", "2018-09-30": "0.90720", "2018-06-30": "1.25990", "2018-03-31": "0.60950", "2017-12-31": "1.64180", "2017-09-30": "0.57450", "2017-06-30": "0.47940", "2017-03-31": "0.21300", "2016-12-31": "0.27870", "2016-09-30": "0.17150", "2016-06-30": "0.40550", "2016-03-31": "-0.15330", "2015-12-31": "-0.49590", "2015-09-30": "-0.39170", "2015-06-30": "-0.81210", "2015-03-31": "-0.46920", "2014-12-31": "-0.36010", "2014-09-30": "-0.42240", "2014-06-30": "-0.99940", "2014-03-31": "-1.98770", "2013-12-31": "-1.35470", "2013-09-30": "-0.86030", "2013-06-30": "-4.40120", "2013-03-31": "-3.63190", "2012-12-31": "-2.24580", "2012-09-30": "-0.81210", "2012-06-30": "-1.98560", "2012-03-31": "-1.01570", "2011-12-31": "-1.14540", "2011-09-30": "0.14840", "2011-06-30": "1.64400", "2011-03-31": "2.00100", "2010-12-31": "1.44690", "2010-09-30": "2.99560", "2010-06-30": "2.77960", "2010-03-31": "1.67630", "2009-12-31": "1.22560", "2009-09-30": "1.80730", "2009-06-30": "0.73730", "2009-03-31": "-0.06000", "2008-12-31": "1.26670", "2008-09-30": "2.12510", "2008-06-30": "1.53960", "2008-03-31": "1.22410", "2007-12-31": "0.41730", "2007-09-30": "2.32670", "2007-06-30": "3.36820", "2007-03-31": "2.10720", "2006-12-31": "5.89110", "2006-09-30": "4.76020", "2006-06-30": "4.48230", "2006-03-31": "3.07190", "2005-12-31": "3.23510", "2005-09-30": "-3.09150", "2005-06-30": "-6.41930", "2005-03-31": "-25.35440"}, "ROI - Return On Investment": {"2020-09-30": "1.05040", "2020-06-30": "-1.39980", "2020-03-31": "0.29430", "2019-12-31": "1.32460", "2019-09-30": "1.68190", "2019-06-30": "1.80210", "2019-03-31": "0.63450", "2018-12-31": "1.15600", "2018-09-30": "1.33800", "2018-06-30": "1.86060", "2018-03-31": "0.90630", "2017-12-31": "2.45490", "2017-09-30": "0.86170", "2017-06-30": "0.71460", "2017-03-31": "0.31520", "2016-12-31": "0.41960", "2016-09-30": "0.25440", "2016-06-30": "0.59860", "2016-03-31": "-0.22810", "2015-12-31": "-0.75240", "2015-09-30": "-0.54470", "2015-06-30": "-1.26490", "2015-03-31": "-0.55310", "2014-12-31": "-0.44290", "2014-09-30": "-0.51440", "2014-06-30": "-1.31140", "2014-03-31": "-2.65700", "2013-12-31": "-1.65760", "2013-09-30": "-1.05720", "2013-06-30": "-5.28050", "2013-03-31": "-4.22500", "2012-12-31": "-2.62140", "2012-09-30": "-0.90950", "2012-06-30": "-2.17110", "2012-03-31": "-1.10700", "2011-12-31": "-1.34360", "2011-09-30": "0.17300", "2011-06-30": "2.39250", "2011-03-31": "2.93520", "2010-12-31": "2.11100", "2010-09-30": "4.36340", "2010-06-30": "4.14760", "2010-03-31": "2.44320", "2009-12-31": "2.10020", "2009-09-30": "2.83140", "2009-06-30": "1.12870", "2009-03-31": "-0.07850", "2008-12-31": "1.74560", "2008-09-30": "2.83760", "2008-06-30": "2.15950", "2008-03-31": "1.59670", "2007-12-31": "0.54290", "2007-09-30": "2.81780", "2007-06-30": "4.08540", "2007-03-31": "2.47050", "2006-12-31": "7.65760", "2006-09-30": "5.64430", "2006-06-30": "5.40300", "2006-03-31": "3.83580", "2005-12-31": "4.30300", "2005-09-30": "-4.75530", "2005-06-30": "-9.75750", "2005-03-31": "-35.09170"}, "Book Value Per Share": {"2020-09-30": "30.60440", "2020-06-30": "28.94510", "2020-03-31": "29.97800", "2019-12-31": "31.47830", "2019-09-30": "32.22830", "2019-06-30": "31.65220", "2019-03-31": "30.46240", "2018-12-31": "34.22410", "2018-09-30": "36.16860", "2018-06-30": "34.26900", "2018-03-31": "34.03730", "2017-12-31": "33.41670", "2017-09-30": "30.92310", "2017-06-30": "28.88710", "2017-03-31": "27.66370", "2016-12-31": "27.34110", "2016-09-30": "27.77610", "2016-06-30": "27.93720", "2016-03-31": "28.08170", "2015-12-31": "27.94660", "2015-09-30": "28.97190", "2015-06-30": "29.62040", "2015-03-31": "21.06980", "2014-12-31": "21.37770", "2014-09-30": "25.62590", "2014-06-30": "18.07790", "2014-03-31": "18.36770", "2013-12-31": "14.92890", "2013-09-30": "15.26770", "2013-06-30": "11.91650", "2013-03-31": "12.85730", "2012-12-31": "13.64620", "2012-09-30": "14.18440", "2012-06-30": "13.50330", "2012-03-31": "13.81480", "2011-12-31": "12.95400", "2011-09-30": "13.20530", "2011-06-30": "4.47740", "2011-03-31": "4.36160", "2010-12-31": "4.18520", "2010-09-30": "4.06130", "2010-06-30": "3.86180", "2010-03-31": "3.65450", "2009-12-31": "3.54660", "2009-09-30": "3.46800", "2009-06-30": "3.34150", "2009-03-31": "3.31800", "2008-12-31": "3.31230", "2008-09-30": "3.23670", "2008-06-30": "3.10250", "2008-03-31": "2.99590", "2007-12-31": "2.71380", "2007-09-30": "2.65440", "2007-06-30": "2.55120", "2007-03-31": "2.39940", "2006-12-31": "2.32960", "2006-09-30": "2.06680", "2006-06-30": "1.92710", "2006-03-31": "1.79440", "2005-12-31": "1.71750", "2005-09-30": "1.62710", "2005-06-30": "1.72200", "2005-03-31": "1.90320"}, "Operating Cash Flow Per Share": {"2020-09-30": 2.4546, "2020-06-30": 2.5821, "2020-03-31": "1.74760", "2019-12-31": 3.129, "2019-09-30": 2.7255, "2019-06-30": 2.4283, "2019-03-31": "-0.82050", "2018-12-31": 4.2506, "2018-09-30": 2.0617, "2018-06-30": 1.9936, "2018-03-31": "-0.14290", "2017-12-31": 2.1305, "2017-09-30": 2.1908, "2017-06-30": 1.6869, "2017-03-31": "0.12460", "2016-12-31": 1.7648, "2016-09-30": 1.104, "2016-06-30": 2.1251, "2016-03-31": "0.06300", "2015-12-31": 0.5788, "2015-09-30": 0.6748, "2015-06-30": -0.8755, "2015-03-31": "0.60030", "2014-12-31": -0.1534, "2014-09-30": 0.2636, "2014-06-30": -0.2969, "2014-03-31": "-0.21070", "2013-12-31": -0.367, "2013-09-30": 0.1584, "2013-06-30": -1.1451, "2013-03-31": "-1.55420", "2012-12-31": -0.5899, "2012-09-30": -0.3831, "2012-06-30": -0.2826, "2012-03-31": "-0.29220", "2011-12-31": 0.4009, "2011-09-30": -0.0148, "2011-06-30": 0.1828, "2011-03-31": "0.23270", "2010-12-31": 0.248, "2010-09-30": -0.0724, "2010-06-30": -0.1347, "2010-03-31": "0.23170", "2009-12-31": 0.0977, "2009-09-30": -0.11, "2009-06-30": 0.0136, "2009-03-31": "-0.01360", "2008-12-31": 0.7042, "2008-09-30": 0.0581, "2008-06-30": 0.015, "2008-03-31": "0.11040", "2007-12-31": 0.1261, "2007-09-30": 0.173, "2007-06-30": 0.1088, "2007-03-31": "0.18390", "2006-12-31": 0.2058, "2006-09-30": 0.1618, "2006-06-30": -0.0156, "2006-03-31": "0.19410", "2005-12-31": 0.1775, "2005-09-30": -0.0084, "2005-06-30": -0.086, "2005-03-31": "0.11970"}, "Free Cash Flow Per Share": {"2020-09-30": 2.1656, "2020-06-30": 1.4513, "2020-03-31": "0.92230", "2019-12-31": 2.0031, "2019-09-30": 2.0392, "2019-06-30": 1.5549, "2019-03-31": "-1.42740", "2018-12-31": 3.5714, "2018-09-30": 1.2559, "2018-06-30": 1.4487, "2018-03-31": "-1.13530", "2017-12-31": 1.6596, "2017-09-30": 1.4087, "2017-06-30": 0.7434, "2017-03-31": "-0.69450", "2016-12-31": 0.5194, "2016-09-30": 0.5241, "2016-06-30": 1.4715, "2016-03-31": "-0.82390", "2015-12-31": -0.6868, "2015-09-30": 0.1158, "2015-06-30": -0.9396, "2015-03-31": "0.45560", "2014-12-31": -0.5965, "2014-09-30": 0.0552, "2014-06-30": -0.3831, "2014-03-31": "-0.30510", "2013-12-31": -0.606, "2013-09-30": 0.1011, "2013-06-30": -1.2977, "2013-03-31": "-1.61410", "2012-12-31": -0.8101, "2012-09-30": -0.4631, "2012-06-30": -0.3402, "2012-03-31": "-0.38020", "2011-12-31": 0.362, "2011-09-30": -0.037, "2011-06-30": 0.1626, "2011-03-31": "0.22260", "2010-12-31": 0.2085, "2010-09-30": -0.1123, "2010-06-30": -0.147, "2010-03-31": "0.22570", "2009-12-31": 0.0873, "2009-09-30": -0.117, "2009-06-30": 0.011, "2009-03-31": "-0.00900", "2008-12-31": 0.6886, "2008-09-30": 0.0191, "2008-06-30": -0.0251, "2008-03-31": "0.06550", "2007-12-31": 0.119, "2007-09-30": 0.1592, "2007-06-30": 0.0901, "2007-03-31": "0.16900", "2006-12-31": 0.1634, "2006-09-30": 0.1311, "2006-06-30": -0.071, "2006-03-31": "0.17900", "2005-12-31": 0.1572, "2005-09-30": -0.0093, "2005-06-30": -0.0423, "2005-03-31": "0.11500"}}, "revenue": {"XPO Logistics Annual Revenue (Millions of US $)": {"2019": "$16,648", "2018": "$17,279", "2017": "$15,381", "2016": "$14,619", "2015": "$7,623", "2014": "$2,357", "2013": "$702", "2012": "$279", "2011": "$177", "2010": "$158", "2009": "$100", "2008": "$109", "2007": "$48", "2006": "$37", "2005": "$40"}, "XPO Logistics Quarterly Revenue (Millions of US $)": {"2020-09-30": "$4,221", "2020-06-30": "$3,502", "2020-03-31": "$3,864", "2019-12-31": "$4,136", "2019-09-30": "$4,154", "2019-06-30": "$4,238", "2019-03-31": "$4,120", "2018-12-31": "$4,389", "2018-09-30": "$4,335", "2018-06-30": "$4,363", "2018-03-31": "$4,192", "2017-12-31": "$4,194", "2017-09-30": "$3,887", "2017-06-30": "$3,760", "2017-03-31": "$3,540", "2016-12-31": "$3,676", "2016-09-30": "$3,714", "2016-06-30": "$3,683", "2016-03-31": "$3,546", "2015-12-31": "$3,342", "2015-09-30": "$2,362", "2015-06-30": "$1,216", "2015-03-31": "$703", "2014-12-31": "$831", "2014-09-30": "$663", "2014-06-30": "$581", "2014-03-31": "$282", "2013-12-31": "$257", "2013-09-30": "$194", "2013-06-30": "$137", "2013-03-31": "$114", "2012-12-31": "$109", "2012-09-30": "$71", "2012-06-30": "$55", "2012-03-31": "$45", "2011-12-31": "$44", "2011-09-30": "$47", "2011-06-30": "$44", "2011-03-31": "$42", "2010-12-31": "$42", "2010-09-30": "$44", "2010-06-30": "$40", "2010-03-31": "$32", "2009-12-31": "$32", "2009-09-30": "$26", "2009-06-30": "$22", "2009-03-31": "$20", "2008-12-31": "$25", "2008-09-30": "$31", "2008-06-30": "$30", "2008-03-31": "$24", "2007-12-31": "$9", "2007-09-30": "$13", "2007-06-30": "$14", "2007-03-31": "$11", "2006-12-31": "$6", "2006-09-30": "$11", "2006-06-30": "$11", "2006-03-31": "$10", "2005-12-31": "$10", "2005-09-30": "$10", "2005-06-30": "$10", "2005-03-31": "$10"}}, "gross-profit": {"XPO Logistics Annual Gross Profit (Millions of US $)": {"2019": "$2,666", "2018": "$2,541", "2017": "$2,243", "2016": "$2,116", "2015": "$1,085", "2014": "$382", "2013": "$117", "2012": "$41", "2011": "$30", "2010": "$27", "2009": "$17", "2008": "$18", "2007": "$12", "2006": "$10", "2005": "$9"}, "XPO Logistics Quarterly Gross Profit (Millions of US $)": {"2020-09-30": "$722", "2020-06-30": "$491", "2020-03-31": "$606", "2019-12-31": "$650", "2019-09-30": "$685", "2019-06-30": "$713", "2019-03-31": "$618", "2018-12-31": "$612", "2018-09-30": "$655", "2018-06-30": "$683", "2018-03-31": "$591", "2017-12-31": "$574", "2017-09-30": "$576", "2017-06-30": "$587", "2017-03-31": "$506", "2016-12-31": "$490", "2016-09-30": "$552", "2016-06-30": "$580", "2016-03-31": "$494", "2015-12-31": "$457", "2015-09-30": "$327", "2015-06-30": "$190", "2015-03-31": "$111", "2014-12-31": "$128", "2014-09-30": "$104", "2014-06-30": "$95", "2014-03-31": "$54", "2013-12-31": "$49", "2013-09-30": "$33", "2013-06-30": "$19", "2013-03-31": "$16", "2012-12-31": "$16", "2012-09-30": "$10", "2012-06-30": "$8", "2012-03-31": "$7", "2011-12-31": "$7", "2011-09-30": "$8", "2011-06-30": "$7", "2011-03-31": "$7", "2010-12-31": "$6", "2010-09-30": "$8", "2010-06-30": "$7", "2010-03-31": "$6", "2009-12-31": "$5", "2009-09-30": "$5", "2009-06-30": "$4", "2009-03-31": "$3", "2008-12-31": "$4", "2008-09-30": "$5", "2008-06-30": "$5", "2008-03-31": "$4", "2007-12-31": "$2", "2007-09-30": "$3", "2007-06-30": "$4", "2007-03-31": "$3", "2006-12-31": "$2", "2006-09-30": "$3", "2006-06-30": "$3", "2006-03-31": "$2", "2005-12-31": "$3", "2005-09-30": "$2", "2005-06-30": "$2", "2005-03-31": "$2"}}, "operating-income": {"XPO Logistics Annual Operating Income (Millions of US $)": {"2019": "$821", "2018": "$704", "2017": "$582", "2016": "$464", "2015": "$-29", "2014": "$-41", "2013": "$-52", "2012": "$-28", "2011": "$2", "2010": "$8", "2009": "$3", "2008": "$5", "2007": "$3", "2006": "$3", "2005": "$-6"}, "XPO Logistics Quarterly Operating Income (Millions of US $)": {"2020-09-30": "$223", "2020-06-30": "$-141", "2020-03-31": "$81", "2019-12-31": "$202", "2019-09-30": "$229", "2019-06-30": "$258", "2019-03-31": "$132", "2018-12-31": "$126", "2018-09-30": "$209", "2018-06-30": "$228", "2018-03-31": "$141", "2017-12-31": "$126", "2017-09-30": "$177", "2017-06-30": "$175", "2017-03-31": "$104", "2016-12-31": "$63", "2016-09-30": "$169", "2016-06-30": "$170", "2016-03-31": "$62", "2015-12-31": "$-38", "2015-09-30": "$44", "2015-06-30": "$-30", "2015-03-31": "$-5", "2014-12-31": "$6", "2014-09-30": "$-14", "2014-06-30": "$-12", "2014-03-31": "$-21", "2013-12-31": "$-8", "2013-09-30": "$-18", "2013-06-30": "$-14", "2013-03-31": "$-11", "2012-12-31": "$-11", "2012-09-30": "$-9", "2012-06-30": "$-3", "2012-03-31": "$-4", "2011-12-31": "$-2", "2011-09-30": "$0", "2011-06-30": "$2", "2011-03-31": "$2", "2010-12-31": "$1", "2010-09-30": "$3", "2010-06-30": "$3", "2010-03-31": "$2", "2009-12-31": "$1", "2009-09-30": "$1", "2009-06-30": "$1", "2009-03-31": "$-0", "2008-12-31": "$1", "2008-09-30": "$2", "2008-06-30": "$1", "2008-03-31": "$1", "2007-12-31": "$0", "2007-09-30": "$1", "2007-06-30": "$1", "2007-03-31": "$1", "2006-12-31": "$0", "2006-09-30": "$1", "2006-06-30": "$1", "2006-03-31": "$1", "2005-12-31": "$1", "2005-09-30": "$-0", "2005-06-30": "$-1", "2005-03-31": "$-5"}}, "ebitda": {"XPO Logistics Annual EBITDA (Millions of US $)": {"2019": "$1,560", "2018": "$1,420", "2017": "$1,240", "2016": "$1,107", "2015": "$336", "2014": "$57", "2013": "$-32", "2012": "$-25", "2011": "$3", "2010": "$10", "2009": "$4", "2008": "$6", "2007": "$4", "2006": "$4", "2005": "$-4"}, "XPO Logistics Quarterly EBITDA (Millions of US $)": {"2020-09-30": "$416", "2020-06-30": "$55", "2020-03-31": "$264", "2019-12-31": "$395", "2019-09-30": "$415", "2019-06-30": "$438", "2019-03-31": "$312", "2018-12-31": "$314", "2018-09-30": "$389", "2018-06-30": "$405", "2018-03-31": "$312", "2017-12-31": "$295", "2017-09-30": "$344", "2017-06-30": "$340", "2017-03-31": "$261", "2016-12-31": "$220", "2016-09-30": "$331", "2016-06-30": "$332", "2016-03-31": "$225", "2015-12-31": "$135", "2015-09-30": "$146", "2015-06-30": "$26", "2015-03-31": "$29", "2014-12-31": "$41", "2014-09-30": "$14", "2014-06-30": "$13", "2014-03-31": "$-10", "2013-12-31": "$1", "2013-09-30": "$-10", "2013-06-30": "$-12", "2013-03-31": "$-10", "2012-12-31": "$-10", "2012-09-30": "$-9", "2012-06-30": "$-3", "2012-03-31": "$-4", "2011-12-31": "$-2", "2011-09-30": "$1", "2011-06-30": "$2", "2011-03-31": "$2", "2010-12-31": "$2", "2010-09-30": "$3", "2010-06-30": "$3", "2010-03-31": "$2", "2009-12-31": "$1", "2009-09-30": "$2", "2009-06-30": "$1", "2009-03-31": "$0", "2008-12-31": "$1", "2008-09-30": "$2", "2008-06-30": "$2", "2008-03-31": "$1", "2007-12-31": "$0", "2007-09-30": "$1", "2007-06-30": "$1", "2007-03-31": "$1", "2006-12-31": "$1", "2006-09-30": "$1", "2006-06-30": "$1", "2006-03-31": "$1", "2005-12-31": "$1", "2005-09-30": "$-0", "2005-06-30": "$-1", "2005-03-31": "$-4"}}, "net-income": {"XPO Logistics Annual Net Income (Millions of US $)": {"2019": "$379", "2018": "$390", "2017": "$312", "2016": "$63", "2015": "$-246", "2014": "$-107", "2013": "$-52", "2012": "$-23", "2011": "$-45", "2010": "$5", "2009": "$2", "2008": "$3", "2007": "$2", "2006": "$4", "2005": "$-6"}, "XPO Logistics Quarterly Net Income (Millions of US $)": {"2020-09-30": "$84", "2020-06-30": "$-132", "2020-03-31": "$21", "2019-12-31": "$97", "2019-09-30": "$117", "2019-06-30": "$122", "2019-03-31": "$43", "2018-12-31": "$84", "2018-09-30": "$101", "2018-06-30": "$138", "2018-03-31": "$67", "2017-12-31": "$187", "2017-09-30": "$58", "2017-06-30": "$48", "2017-03-31": "$20", "2016-12-31": "$30", "2016-09-30": "$14", "2016-06-30": "$43", "2016-03-31": "$-23", "2015-12-31": "$-62", "2015-09-30": "$-93", "2015-06-30": "$-75", "2015-03-31": "$-15", "2014-12-31": "$-52", "2014-09-30": "$-12", "2014-06-30": "$-15", "2014-03-31": "$-29", "2013-12-31": "$-11", "2013-09-30": "$-7", "2013-06-30": "$-18", "2013-03-31": "$-15", "2012-12-31": "$-10", "2012-09-30": "$-4", "2012-06-30": "$-6", "2012-03-31": "$-3", "2011-12-31": "$-2", "2011-09-30": "$-44", "2011-06-30": "$1", "2011-03-31": "$1", "2010-12-31": "$1", "2010-09-30": "$2", "2010-06-30": "$2", "2010-03-31": "$1", "2009-12-31": "$1", "2009-09-30": "$1", "2009-06-30": "$0", "2009-03-31": "$0", "2008-12-31": "$1", "2008-09-30": "$1", "2008-06-30": "$1", "2008-03-31": "$1", "2007-12-31": "$0", "2007-09-30": "$0", "2007-06-30": "$1", "2007-03-31": "$0", "2006-12-31": "$2", "2006-09-30": "$1", "2006-06-30": "$1", "2006-03-31": "$1", "2005-12-31": "$1", "2005-09-30": "$-1", "2005-06-30": "$-1", "2005-03-31": "$-5"}}, "eps-earnings-per-share-diluted": {"XPO Logistics Annual EPS": {"2019": "$3.57", "2018": "$2.88", "2017": "$2.45", "2016": "$0.53", "2015": "$-2.65", "2014": "$-2.00", "2013": "$-2.26", "2012": "$-1.49", "2011": "$-5.41", "2010": "$0.59", "2009": "$0.21", "2008": "$0.40", "2007": "$0.32", "2006": "$0.60", "2005": "$-0.88"}, "XPO Logistics Quarterly EPS": {"2020-09-30": "$0.83", "2020-06-30": "$-1.45", "2020-03-31": "$0.20", "2019-12-31": "$0.87", "2019-09-30": "$1.14", "2019-06-30": "$1.19", "2019-03-31": "$0.37", "2018-12-31": "$0.61", "2018-09-30": "$0.74", "2018-06-30": "$1.03", "2018-03-31": "$0.50", "2017-12-31": "$1.47", "2017-09-30": "$0.44", "2017-06-30": "$0.38", "2017-03-31": "$0.16", "2016-12-31": "$0.28", "2016-09-30": "$0.11", "2016-06-30": "$0.35", "2016-03-31": "$-0.21", "2015-12-31": "$-0.62", "2015-09-30": "$-0.94", "2015-06-30": "$-0.89", "2015-03-31": "$-0.20", "2014-12-31": "$-0.79", "2014-09-30": "$-0.23", "2014-06-30": "$-0.28", "2014-03-31": "$-0.70", "2013-12-31": "$-0.13", "2013-09-30": "$-0.28", "2013-06-30": "$-1.00", "2013-03-31": "$-0.85", "2012-12-31": "$-0.57", "2012-09-30": "$-0.22", "2012-06-30": "$-0.34", "2012-03-31": "$-0.36", "2011-12-31": "$-0.27", "2011-09-30": "$-5.38", "2011-06-30": "$0.11", "2011-03-31": "$0.13", "2010-12-31": "$0.06", "2010-09-30": "$0.21", "2010-06-30": "$0.20", "2010-03-31": "$0.12", "2009-12-31": "$0.05", "2009-09-30": "$0.12", "2009-06-30": "$0.04", "2009-03-31": "$0.00", "2008-12-31": "$0.08", "2008-09-30": "$0.16", "2008-06-30": "$0.08", "2008-03-31": "$0.08", "2007-12-31": "$0.04", "2007-09-30": "$0.08", "2007-06-30": "$0.12", "2007-03-31": "$0.08", "2006-12-31": "$0.28", "2006-09-30": "$0.12", "2006-06-30": "$0.12", "2006-03-31": "$0.08", "2005-12-31": "$0.08", "2005-09-30": "$-0.08", "2005-06-30": "$-0.20", "2005-03-31": "$-0.68"}}, "shares-outstanding": {"XPO Logistics Annual Shares Outstanding (Millions of Shares)": {"2019": "106", "2018": "135", "2017": "128", "2016": "123", "2015": "93", "2014": "54", "2013": "23", "2012": "16", "2011": "8", "2010": "8", "2009": "8", "2008": "8", "2007": "7", "2006": "7", "2005": "7"}, "XPO Logistics Quarterly Shares Outstanding (Millions of Shares)": {"2020-09-30": "102", "2020-06-30": "91", "2020-03-31": "103", "2019-12-31": "106", "2019-09-30": "102", "2019-06-30": "102", "2019-03-31": "117", "2018-12-31": "135", "2018-09-30": "137", "2018-06-30": "134", "2018-03-31": "133", "2017-12-31": "128", "2017-09-30": "130", "2017-06-30": "125", "2017-03-31": "124", "2016-12-31": "123", "2016-09-30": "123", "2016-06-30": "122", "2016-03-31": "110", "2015-12-31": "93", "2015-09-30": "99", "2015-06-30": "84", "2015-03-31": "79", "2014-12-31": "54", "2014-09-30": "55", "2014-06-30": "53", "2014-03-31": "41", "2013-12-31": "23", "2013-09-30": "24", "2013-06-30": "18", "2013-03-31": "18", "2012-12-31": "16", "2012-09-30": "18", "2012-06-30": "18", "2012-03-31": "10", "2011-12-31": "8", "2011-09-30": "8", "2011-06-30": "9", "2011-03-31": "9", "2010-12-31": "8", "2010-09-30": "8", "2010-06-30": "8", "2010-03-31": "8", "2009-12-31": "8", "2009-09-30": "8", "2009-06-30": "8", "2009-03-31": "8", "2008-12-31": "8", "2008-09-30": "8", "2008-06-30": "8", "2008-03-31": "8", "2007-12-31": "7", "2007-09-30": "7", "2007-06-30": "7", "2007-03-31": "7", "2006-12-31": "7", "2006-09-30": "7", "2006-06-30": "7", "2006-03-31": "7", "2005-12-31": "7", "2005-09-30": "7", "2005-06-30": "7", "2005-03-31": "7"}}, "total-assets": {"XPO Logistics Annual Total Assets (Millions of US $)": {"2019": "$14,128", "2018": "$12,270", "2017": "$12,602", "2016": "$11,698", "2015": "$12,643", "2014": "$2,749", "2013": "$780", "2012": "$413", "2011": "$128", "2010": "$57", "2009": "$49", "2008": "$42", "2007": "$24", "2006": "$22", "2005": "$18"}, "XPO Logistics Quarterly Total Assets (Millions of US $)": {"2020-09-30": "$15,745", "2020-06-30": "$15,641", "2020-03-31": "$14,562", "2019-12-31": "$14,128", "2019-09-30": "$13,916", "2019-06-30": "$14,314", "2019-03-31": "$14,196", "2018-12-31": "$12,270", "2018-09-30": "$12,676", "2018-06-30": "$12,620", "2018-03-31": "$12,961", "2017-12-31": "$12,602", "2017-09-30": "$12,358", "2017-06-30": "$11,932", "2017-03-31": "$11,688", "2016-12-31": "$11,698", "2016-09-30": "$12,419", "2016-06-30": "$12,430", "2016-03-31": "$12,592", "2015-12-31": "$12,643", "2015-09-30": "$9,037", "2015-06-30": "$9,703", "2015-03-31": "$3,133", "2014-12-31": "$2,749", "2014-09-30": "$2,746", "2014-06-30": "$1,381", "2014-03-31": "$1,424", "2013-12-31": "$780", "2013-09-30": "$700", "2013-06-30": "$394", "2013-03-31": "$400", "2012-12-31": "$413", "2012-09-30": "$388", "2012-06-30": "$261", "2012-03-31": "$265", "2011-12-31": "$128", "2011-09-30": "$128", "2011-06-30": "$56", "2011-03-31": "$56", "2010-12-31": "$57", "2010-09-30": "$58", "2010-06-30": "$54", "2010-03-31": "$50", "2009-12-31": "$49", "2009-09-30": "$44", "2009-06-30": "$42", "2009-03-31": "$42", "2008-12-31": "$42", "2008-09-30": "$48", "2008-06-30": "$48", "2008-03-31": "$43", "2007-12-31": "$24", "2007-09-30": "$21", "2007-06-30": "$22", "2007-03-31": "$22", "2006-12-31": "$22", "2006-09-30": "$19", "2006-06-30": "$19", "2006-03-31": "$18", "2005-12-31": "$18", "2005-09-30": "$18", "2005-06-30": "$19", "2005-03-31": "$18"}}, "cash-on-hand": {"XPO Logistics Annual Cash on Hand (Millions of US $)": {"2019": "$377", "2018": "$502", "2017": "$397", "2016": "$373", "2015": "$290", "2014": "$644", "2013": "$22", "2012": "$252", "2011": "$74", "2010": "$1", "2009": "$0", "2008": "$1", "2007": "$1", "2006": "$0", "2005": "$0"}, "XPO Logistics Quarterly Cash on Hand (Millions of US $)": {"2020-09-30": "$2,025", "2020-06-30": "$2,285", "2020-03-31": "$1,127", "2019-12-31": "$377", "2019-09-30": "$425", "2019-06-30": "$497", "2019-03-31": "$376", "2018-12-31": "$502", "2018-09-30": "$428", "2018-06-30": "$361", "2018-03-31": "$380", "2017-12-31": "$397", "2017-09-30": "$473", "2017-06-30": "$291", "2017-03-31": "$342", "2016-12-31": "$373", "2016-09-30": "$360", "2016-06-30": "$378", "2016-03-31": "$279", "2015-12-31": "$290", "2015-09-30": "$1,285", "2015-06-30": "$1,866", "2015-03-31": "$1,034", "2014-12-31": "$644", "2014-09-30": "$680", "2014-06-30": "$112", "2014-03-31": "$144", "2013-12-31": "$22", "2013-09-30": "$67", "2013-06-30": "$178", "2013-03-31": "$206", "2012-12-31": "$252", "2012-09-30": "$297", "2012-06-30": "$191", "2012-03-31": "$204", "2011-12-31": "$74", "2011-09-30": "$71", "2011-06-30": "$1", "2011-03-31": "$0", "2010-12-31": "$1", "2010-09-30": "$1", "2010-06-30": "$0", "2010-03-31": "$1", "2009-12-31": "$0", "2009-09-30": "$1", "2009-06-30": "$2", "2009-03-31": "$1", "2008-12-31": "$1", "2008-09-30": "$2", "2008-06-30": "$1", "2008-03-31": "$1", "2007-12-31": "$1", "2007-09-30": "$0", "2007-06-30": "$0", "2007-03-31": "$1", "2006-12-31": "$0", "2006-09-30": "$0", "2006-06-30": "$0", "2006-03-31": "$0", "2005-12-31": "$0", "2005-09-30": "$0", "2005-06-30": "$1", "2005-03-31": "$0"}}, "long-term-debt": {"XPO Logistics Annual Long Term Debt (Millions of US $)": {"2019": "$5,182", "2018": "$3,902", "2017": "$4,418", "2016": "$4,732", "2015": "$5,273", "2014": "$580", "2013": "$182", "2012": "$109", "2011": "$0", "2010": "$5", "2009": "$0", "2008": "$4", "2007": "$0", "2006": "$1", "2005": "$3"}, "XPO Logistics Quarterly Long Term Debt (Millions of US $)": {"2020-09-30": "$6,545", "2020-06-30": "$6,939", "2020-03-31": "$5,766", "2019-12-31": "$5,182", "2019-09-30": "$5,121", "2019-06-30": "$5,134", "2019-03-31": "$5,362", "2018-12-31": "$3,902", "2018-09-30": "$4,005", "2018-06-30": "$4,406", "2018-03-31": "$4,612", "2017-12-31": "$4,418", "2017-09-30": "$4,541", "2017-06-30": "$4,754", "2017-03-31": "$4,811", "2016-12-31": "$4,732", "2016-09-30": "$5,297", "2016-06-30": "$5,343", "2016-03-31": "$5,379", "2015-12-31": "$5,273", "2015-09-30": "$3,359", "2015-06-30": "$3,406", "2015-03-31": "$979", "2014-12-31": "$580", "2014-09-30": "$603", "2014-06-30": "$102", "2014-03-31": "$100", "2013-12-31": "$182", "2013-09-30": "$113", "2013-06-30": "$112", "2013-03-31": "$111", "2012-12-31": "$109", "2012-09-30": "$93", "2012-06-30": "$0", "2012-03-31": "$0", "2011-12-31": "$0", "2011-09-30": "$1", "2011-06-30": "$1", "2011-03-31": "$2", "2010-12-31": "$5", "2010-09-30": "$7", "2010-06-30": "$5", "2010-03-31": "$5", "2009-12-31": "$0", "2009-09-30": "$1", "2009-06-30": "$1", "2009-03-31": "$5", "2008-12-31": "$4", "2008-09-30": "$10", "2008-06-30": "$10", "2008-03-31": "$9", "2007-12-31": "$0", "2007-09-30": "$0", "2007-06-30": "$1", "2007-03-31": "$3", "2006-12-31": "$1", "2006-09-30": "$2", "2006-06-30": "$3", "2006-03-31": "$3", "2005-12-31": "$3", "2005-09-30": "$1", "2005-06-30": "$1", "2005-03-31": "$1"}}, "total-liabilities": {"XPO Logistics Annual Total Liabilities (Millions of US $)": {"2019": "$11,232", "2018": "$8,300", "2017": "$8,592", "2016": "$8,661", "2015": "$9,582", "2014": "$1,094", "2013": "$324", "2012": "$168", "2011": "$19", "2010": "$23", "2009": "$21", "2008": "$15", "2007": "$6", "2006": "$6", "2005": "$7"}, "XPO Logistics Quarterly Total Liabilities (Millions of US $)": {"2020-09-30": "$12,960", "2020-06-30": "$13,007", "2020-03-31": "$11,834", "2019-12-31": "$11,232", "2019-09-30": "$10,951", "2019-06-30": "$11,402", "2019-03-31": "$11,363", "2018-12-31": "$8,300", "2018-09-30": "$8,086", "2018-06-30": "$8,480", "2018-03-31": "$8,856", "2017-12-31": "$8,592", "2017-09-30": "$8,660", "2017-06-30": "$8,682", "2017-03-31": "$8,600", "2016-12-31": "$8,661", "2016-09-30": "$9,343", "2016-06-30": "$9,353", "2016-03-31": "$9,511", "2015-12-31": "$9,582", "2015-09-30": "$5,897", "2015-06-30": "$6,879", "2015-03-31": "$1,455", "2014-12-31": "$1,094", "2014-09-30": "$1,094", "2014-06-30": "$430", "2014-03-31": "$459", "2013-12-31": "$324", "2013-09-30": "$244", "2013-06-30": "$178", "2013-03-31": "$167", "2012-12-31": "$168", "2012-09-30": "$135", "2012-06-30": "$22", "2012-03-31": "$22", "2011-12-31": "$19", "2011-09-30": "$19", "2011-06-30": "$19", "2011-03-31": "$20", "2010-12-31": "$23", "2010-09-30": "$25", "2010-06-30": "$23", "2010-03-31": "$20", "2009-12-31": "$21", "2009-09-30": "$17", "2009-06-30": "$16", "2009-03-31": "$15", "2008-12-31": "$15", "2008-09-30": "$22", "2008-06-30": "$23", "2008-03-31": "$20", "2007-12-31": "$6", "2007-09-30": "$4", "2007-06-30": "$5", "2007-03-31": "$6", "2006-12-31": "$6", "2006-09-30": "$5", "2006-06-30": "$6", "2006-03-31": "$6", "2005-12-31": "$7", "2005-09-30": "$7", "2005-06-30": "$7", "2005-03-31": "$6"}}, "total-share-holder-equity": {"XPO Logistics Annual Share Holder Equity (Millions of US $)": {"2019": "$2,896", "2018": "$3,970", "2017": "$4,010", "2016": "$3,038", "2015": "$3,061", "2014": "$1,655", "2013": "$456", "2012": "$245", "2011": "$108", "2010": "$34", "2009": "$28", "2008": "$27", "2007": "$18", "2006": "$15", "2005": "$11"}, "XPO Logistics Quarterly Share Holder Equity (Millions of US $)": {"2020-09-30": "$2,785", "2020-06-30": "$2,634", "2020-03-31": "$2,728", "2019-12-31": "$2,896", "2019-09-30": "$2,965", "2019-06-30": "$2,912", "2019-03-31": "$2,833", "2018-12-31": "$3,970", "2018-09-30": "$4,590", "2018-06-30": "$4,140", "2018-03-31": "$4,105", "2017-12-31": "$4,010", "2017-09-30": "$3,698", "2017-06-30": "$3,250", "2017-03-31": "$3,088", "2016-12-31": "$3,038", "2016-09-30": "$3,076", "2016-06-30": "$3,077", "2016-03-31": "$3,082", "2015-12-31": "$3,061", "2015-09-30": "$3,140", "2015-06-30": "$2,824", "2015-03-31": "$1,678", "2014-12-31": "$1,655", "2014-09-30": "$1,652", "2014-06-30": "$951", "2014-03-31": "$965", "2013-12-31": "$456", "2013-09-30": "$457", "2013-06-30": "$217", "2013-03-31": "$233", "2012-12-31": "$245", "2012-09-30": "$253", "2012-06-30": "$238", "2012-03-31": "$243", "2011-12-31": "$108", "2011-09-30": "$109", "2011-06-30": "$37", "2011-03-31": "$36", "2010-12-31": "$34", "2010-09-30": "$33", "2010-06-30": "$31", "2010-03-31": "$29", "2009-12-31": "$28", "2009-09-30": "$28", "2009-06-30": "$27", "2009-03-31": "$27", "2008-12-31": "$27", "2008-09-30": "$26", "2008-06-30": "$25", "2008-03-31": "$24", "2007-12-31": "$18", "2007-09-30": "$18", "2007-06-30": "$17", "2007-03-31": "$16", "2006-12-31": "$15", "2006-09-30": "$14", "2006-06-30": "$13", "2006-03-31": "$12", "2005-12-31": "$11", "2005-09-30": "$11", "2005-06-30": "$12", "2005-03-31": "$13"}}, "profit-margins": {"current": "0.58%"}, "gross margin": {"2020-09-30": "15.70%", "2020-06-30": "15.53%", "2020-03-31": "16.19%", "2019-12-31": "16.01%", "2019-09-30": "15.55%", "2019-06-30": "15.21%", "2019-03-31": "14.92%", "2018-12-31": "14.71%", "2018-09-30": "14.65%", "2018-06-30": "14.57%", "2018-03-31": "14.52%", "2017-12-31": "14.58%", "2017-09-30": "14.53%", "2017-06-30": "14.53%", "2017-03-31": "14.56%", "2016-12-31": "14.47%", "2016-09-30": "14.58%", "2016-06-30": "14.37%", "2016-03-31": "14.03%", "2015-12-31": "14.23%", "2015-09-30": "14.79%", "2015-06-30": "15.62%", "2015-03-31": "15.77%", "2014-12-31": "16.16%", "2014-09-30": "16.94%", "2014-06-30": "17.58%", "2014-03-31": "17.82%", "2013-12-31": "16.67%", "2013-09-30": "15.16%", "2013-06-30": "14.15%", "2013-03-31": "14.33%", "2012-12-31": "14.64%", "2012-09-30": "14.88%", "2012-06-30": "15.71%", "2012-03-31": "16.11%", "2011-12-31": "16.38%", "2011-09-30": "16.00%", "2011-06-30": "16.28%", "2011-03-31": "16.67%", "2010-12-31": "17.09%", "2010-09-30": "17.57%", "2010-06-30": "17.69%", "2010-03-31": "17.86%", "2009-12-31": "17.00%", "2009-09-30": "17.20%", "2009-06-30": "16.33%", "2009-03-31": "16.04%", "2008-12-31": "16.36%", "2008-09-30": "17.02%", "2008-06-30": "18.42%", "2008-03-31": "21.67%", "2007-12-31": "25.53%", "2007-09-30": "27.27%", "2007-06-30": "28.57%", "2007-03-31": "28.21%", "2006-12-31": "26.32%", "2006-09-30": "26.19%", "2006-06-30": "24.39%", "2006-03-31": "22.50%", "2005-12-31": "22.50%"}, "operating margin": {"2020-09-30": "2.32%", "2020-06-30": "2.37%", "2020-03-31": "4.70%", "2019-12-31": "4.93%", "2019-09-30": "4.41%", "2019-06-30": "4.24%", "2019-03-31": "4.04%", "2018-12-31": "4.07%", "2018-09-30": "4.12%", "2018-06-30": "4.04%", "2018-03-31": "3.86%", "2017-12-31": "3.78%", "2017-09-30": "3.49%", "2017-06-30": "3.48%", "2017-03-31": "3.46%", "2016-12-31": "3.17%", "2016-09-30": "2.54%", "2016-06-30": "1.84%", "2016-03-31": "0.36%", "2015-12-31": "-0.38%", "2015-09-30": "0.29%", "2015-06-30": "-1.26%", "2015-03-31": "-0.90%", "2014-12-31": "-1.74%", "2014-09-30": "-3.08%", "2014-06-30": "-4.49%", "2014-03-31": "-7.01%", "2013-12-31": "-7.26%", "2013-09-30": "-9.75%", "2013-06-30": "-10.44%", "2013-03-31": "-9.74%", "2012-12-31": "-9.64%", "2012-09-30": "-8.37%", "2012-06-30": "-4.71%", "2012-03-31": "-2.22%", "2011-12-31": "1.13%", "2011-09-30": "2.86%", "2011-06-30": "4.65%", "2011-03-31": "5.36%", "2010-12-31": "5.70%", "2010-09-30": "6.08%", "2010-06-30": "5.38%", "2010-03-31": "4.46%", "2009-12-31": "3.00%", "2009-09-30": "3.23%", "2009-06-30": "4.08%", "2009-03-31": "3.77%", "2008-12-31": "4.55%", "2008-09-30": "4.26%", "2008-06-30": "3.95%", "2008-03-31": "5.00%", "2007-12-31": "6.38%", "2007-09-30": "6.82%", "2007-06-30": "7.14%", "2007-03-31": "7.69%", "2006-12-31": "7.89%", "2006-09-30": "9.52%", "2006-06-30": "7.32%", "2006-03-31": "2.50%", "2005-12-31": "-12.50%"}, "ebitda margin": {"2020-09-30": "7.19%", "2020-06-30": "7.21%", "2020-03-31": "9.22%", "2019-12-31": "9.37%", "2019-09-30": "8.75%", "2019-06-30": "8.51%", "2019-03-31": "8.25%", "2018-12-31": "8.22%", "2018-09-30": "8.20%", "2018-06-30": "8.15%", "2018-03-31": "8.05%", "2017-12-31": "8.06%", "2017-09-30": "7.83%", "2017-06-30": "7.84%", "2017-03-31": "7.83%", "2016-12-31": "7.57%", "2016-09-30": "7.15%", "2016-06-30": "6.47%", "2016-03-31": "5.07%", "2015-12-31": "4.41%", "2015-09-30": "4.73%", "2015-06-30": "3.22%", "2015-03-31": "3.49%", "2014-12-31": "2.46%", "2014-09-30": "1.01%", "2014-06-30": "-0.46%", "2014-03-31": "-3.56%", "2013-12-31": "-4.42%", "2013-09-30": "-7.58%", "2013-06-30": "-9.51%", "2013-03-31": "-9.17%", "2012-12-31": "-9.29%", "2012-09-30": "-8.37%", "2012-06-30": "-4.19%", "2012-03-31": "-1.67%", "2011-12-31": "1.69%", "2011-09-30": "4.00%", "2011-06-30": "5.23%", "2011-03-31": "5.95%", "2010-12-31": "6.33%", "2010-09-30": "6.08%", "2010-06-30": "6.15%", "2010-03-31": "5.36%", "2009-12-31": "4.00%", "2009-09-30": "4.30%", "2009-06-30": "4.08%", "2009-03-31": "4.72%", "2008-12-31": "5.45%", "2008-09-30": "5.32%", "2008-06-30": "5.26%", "2008-03-31": "5.00%", "2007-12-31": "6.38%", "2007-09-30": "9.09%", "2007-06-30": "9.52%", "2007-03-31": "10.26%", "2006-12-31": "10.53%", "2006-09-30": "9.52%", "2006-06-30": "7.32%", "2006-03-31": "2.50%", "2005-12-31": "-10.00%"}, "pre tax profit margin": {"2020-09-30": "0.79%", "2020-06-30": "0.88%", "2020-03-31": "3.25%", "2019-12-31": "3.42%", "2019-09-30": "3.25%", "2019-06-30": "3.14%", "2019-03-31": "3.24%", "2018-12-31": "3.28%", "2018-09-30": "2.97%", "2018-06-30": "2.72%", "2018-03-31": "2.03%", "2017-12-31": "1.70%", "2017-09-30": "1.59%", "2017-06-30": "1.08%", "2017-03-31": "1.07%", "2016-12-31": "0.73%", "2016-09-30": "-0.42%", "2016-06-30": "-0.91%", "2016-03-31": "-2.76%", "2015-12-31": "-3.70%", "2015-09-30": "-3.15%", "2015-06-30": "-4.66%", "2015-03-31": "-3.13%", "2014-12-31": "-3.86%", "2014-09-30": "-5.27%", "2014-06-30": "-6.62%", "2014-03-31": "-10.11%", "2013-12-31": "-9.97%", "2013-09-30": "-12.64%", "2013-06-30": "-12.76%", "2013-03-31": "-11.75%", "2012-12-31": "-11.07%", "2012-09-30": "-8.84%", "2012-06-30": "-4.71%", "2012-03-31": "-2.22%", "2011-12-31": "1.13%", "2011-09-30": "2.86%", "2011-06-30": "4.65%", "2011-03-31": "5.36%", "2010-12-31": "5.06%", "2010-09-30": "5.41%", "2010-06-30": "4.62%", "2010-03-31": "3.57%", "2009-12-31": "3.00%", "2009-09-30": "3.23%", "2009-06-30": "4.08%", "2009-03-31": "3.77%", "2008-12-31": "4.55%", "2008-09-30": "4.26%", "2008-06-30": "3.95%", "2008-03-31": "5.00%", "2007-12-31": "6.38%", "2007-09-30": "6.82%", "2007-06-30": "7.14%", "2007-03-31": "7.69%", "2006-12-31": "7.89%", "2006-09-30": "9.52%", "2006-06-30": "4.88%", "2006-03-31": "0.00%", "2005-12-31": "-15.00%"}, "net profit margin": {"2020-09-30": "0.45%", "2020-06-30": "0.66%", "2020-03-31": "2.18%", "2019-12-31": "2.28%", "2019-09-30": "2.17%", "2019-06-30": "2.05%", "2019-03-31": "2.13%", "2018-12-31": "2.26%", "2018-09-30": "2.89%", "2018-06-30": "2.70%", "2018-03-31": "2.25%", "2017-12-31": "2.03%", "2017-09-30": "1.05%", "2017-06-30": "0.76%", "2017-03-31": "0.73%", "2016-12-31": "0.44%", "2016-09-30": "-0.20%", "2016-06-30": "-1.04%", "2016-03-31": "-2.42%", "2015-12-31": "-3.21%", "2015-09-30": "-4.60%", "2015-06-30": "-4.51%", "2015-03-31": "-3.38%", "2014-12-31": "-4.58%", "2014-09-30": "-3.76%", "2014-06-30": "-4.72%", "2014-03-31": "-7.47%", "2013-12-31": "-7.26%", "2013-09-30": "-9.03%", "2013-06-30": "-10.90%", "2013-03-31": "-10.03%", "2012-12-31": "-8.21%", "2012-09-30": "-6.98%", "2012-06-30": "-28.80%", "2012-03-31": "-26.67%", "2011-12-31": "-24.86%", "2011-09-30": "-23.43%", "2011-06-30": "2.91%", "2011-03-31": "3.57%", "2010-12-31": "3.80%", "2010-09-30": "4.05%", "2010-06-30": "3.85%", "2010-03-31": "2.68%", "2009-12-31": "2.00%", "2009-09-30": "2.15%", "2009-06-30": "2.04%", "2009-03-31": "2.83%", "2008-12-31": "3.64%", "2008-09-30": "3.19%", "2008-06-30": "2.63%", "2008-03-31": "3.33%", "2007-12-31": "2.13%", "2007-09-30": "6.82%", "2007-06-30": "9.52%", "2007-03-31": "10.26%", "2006-12-31": "13.16%", "2006-09-30": "9.52%", "2006-06-30": "4.88%", "2006-03-31": "0.00%", "2005-12-31": "-15.00%"}, "pe ratio": {"current": "65.52", "2021-02-05": "231.25", "2020-09-30": "166.00", "2020-06-30": "94.21", "2020-03-31": "14.09", "2019-12-31": "21.96", "2019-09-30": "21.56", "2019-06-30": "19.80", "2019-03-31": "19.47", "2018-12-31": "19.74", "2018-09-30": "30.94", "2018-06-30": "29.55", "2018-03-31": "37.16", "2017-12-31": "38.16", "2017-09-30": "56.48", "2017-06-30": "74.29", "2017-03-31": "57.01", "2016-12-31": "91.83", "2016-09-30": "0.00", "2016-06-30": "0.00", "2016-03-31": "0.00", "2015-12-31": "0.00", "2015-09-30": "0.00", "2015-06-30": "0.00", "2015-03-31": "0.00", "2014-12-31": "0.00", "2014-09-30": "0.00", "2014-06-30": "0.00", "2014-03-31": "0.00", "2013-12-31": "0.00", "2013-09-30": "0.00", "2013-06-30": "0.00", "2013-03-31": "0.00", "2012-12-31": "0.00", "2012-09-30": "0.00", "2012-06-30": "0.00", "2012-03-31": "0.00", "2011-12-31": "0.00", "2011-09-30": "0.00", "2011-06-30": "23.92", "2011-03-31": "14.13", "2010-12-31": "17.07", "2010-09-30": "12.53", "2010-06-30": "9.69", "2010-03-31": "16.22", "2009-12-31": "21.33", "2009-09-30": "15.83", "2009-06-30": "12.43", "2009-03-31": "10.63", "2008-12-31": "11.50", "2008-09-30": "12.30", "2008-06-30": "14.50", "2008-03-31": "13.00", "2007-12-31": "13.67", "2007-09-30": "9.54", "2007-06-30": "9.64", "2007-03-31": "9.43", "2006-12-31": "9.07"}, "price sales": {"2021-02-05": "0.75", "2020-09-30": "0.54", "2020-06-30": "0.50", "2020-03-31": "0.31", "2019-12-31": "0.51", "2019-09-30": "0.48", "2019-06-30": "0.41", "2019-03-31": "0.41", "2018-12-31": "0.44", "2018-09-30": "0.89", "2018-06-30": "0.79", "2018-03-31": "0.82", "2017-12-31": "0.75", "2017-09-30": "0.57", "2017-06-30": "0.54", "2017-03-31": "0.40", "2016-12-31": "0.35", "2016-09-30": "0.28", "2016-06-30": "0.21", "2016-03-31": "0.29", "2015-12-31": "0.33", "2015-09-30": "0.38", "2015-06-30": "0.89", "2015-03-31": "0.95", "2014-12-31": "0.90", "2014-09-30": "0.91", "2014-06-30": "0.77", "2014-03-31": "0.87", "2013-12-31": "0.79", "2013-09-30": "0.75", "2013-06-30": "0.73", "2013-03-31": "0.83", "2012-12-31": "0.93", "2012-09-30": "0.71", "2012-06-30": "0.89", "2012-03-31": "0.80", "2011-12-31": "0.59", "2011-09-30": "0.37", "2011-06-30": "0.61", "2011-03-31": "0.42", "2010-12-31": "0.53", "2010-09-30": "0.41", "2010-06-30": "0.31", "2010-03-31": "0.42", "2009-12-31": "0.41", "2009-09-30": "0.33", "2009-06-30": "0.28", "2009-03-31": "0.26", "2008-12-31": "0.33", "2008-09-30": "0.41", "2008-06-30": "0.46", "2008-03-31": "0.55", "2007-12-31": "0.71", "2007-09-30": "0.76", "2007-06-30": "0.87", "2007-03-31": "0.90", "2006-12-31": "0.90"}, "price book": {"current": "3.93", "2021-02-05": "3.85", "2020-09-30": "2.77", "2020-06-30": "2.67", "2020-03-31": "1.63", "2019-12-31": "2.53", "2019-09-30": "2.22", "2019-06-30": "1.83", "2019-03-31": "1.76", "2018-12-31": "1.67", "2018-09-30": "3.16", "2018-06-30": "2.92", "2018-03-31": "2.99", "2017-12-31": "2.74", "2017-09-30": "2.19", "2017-06-30": "2.24", "2017-03-31": "1.73", "2016-12-31": "1.58", "2016-09-30": "1.32", "2016-06-30": "0.94", "2016-03-31": "1.09", "2015-12-31": "0.98", "2015-09-30": "0.82", "2015-06-30": "1.53", "2015-03-31": "2.16", "2014-12-31": "1.91", "2014-09-30": "1.47", "2014-06-30": "1.58", "2014-03-31": "1.60", "2013-12-31": "1.76", "2013-09-30": "1.42", "2013-06-30": "1.52", "2013-03-31": "1.31", "2012-12-31": "1.27", "2012-09-30": "0.86", "2012-06-30": "1.24", "2012-03-31": "1.22", "2011-12-31": "0.95", "2011-09-30": "0.58", "2011-06-30": "2.78", "2011-03-31": "1.94", "2010-12-31": "2.45", "2010-09-30": "1.85", "2010-06-30": "1.31", "2010-03-31": "1.60", "2009-12-31": "1.44", "2009-09-30": "1.10", "2009-06-30": "1.04", "2009-03-31": "1.02", "2008-12-31": "1.39", "2008-09-30": "1.52", "2008-06-30": "1.50", "2008-03-31": "1.56", "2007-12-31": "1.81", "2007-09-30": "1.87", "2007-06-30": "2.12", "2007-03-31": "2.20", "2006-12-31": "2.18", "2006-09-30": "2.40", "2006-06-30": "2.55", "2006-03-31": "2.16"}, "price fcf": {"2021-02-05": "", "2020-09-30": "$6.54", "2020-06-30": "$6.42", "2020-03-31": "$6.52", "2019-12-31": "$4.17", "2019-09-30": "$5.74", "2019-06-30": "$4.95", "2019-03-31": "$4.85", "2018-12-31": "$5.14", "2018-09-30": "$3.23", "2018-06-30": "$3.38", "2018-03-31": "$2.68", "2017-12-31": "$3.12", "2017-09-30": "$1.98", "2017-06-30": "$1.09", "2017-03-31": "$1.82", "2016-12-31": "$1.69", "2016-09-30": "$0.48", "2016-06-30": "$0.08", "2016-03-31": "$-2.33", "2015-12-31": "$-1.06", "2015-09-30": "$-0.96", "2015-06-30": "$-1.03", "2015-03-31": "$-0.47", "2014-12-31": "$-1.23", "2014-09-30": "$-1.24", "2014-06-30": "$-1.19", "2014-03-31": "$-2.11", "2013-12-31": "$-3.42", "2013-09-30": "$-3.62", "2013-06-30": "$-4.19", "2013-03-31": "$-3.23", "2012-12-31": "$-1.99", "2012-09-30": "$-0.82", "2012-06-30": "$-0.40", "2012-03-31": "$0.11", "2011-12-31": "$0.71", "2011-09-30": "$0.56", "2011-06-30": "$0.48", "2011-03-31": "$0.17", "2010-12-31": "$0.17", "2010-09-30": "$0.05", "2010-06-30": "$0.05", "2010-03-31": "$0.21", "2009-12-31": "$-0.03", "2009-09-30": "$0.57", "2009-06-30": "$0.71", "2009-03-31": "$0.67", "2008-12-31": "$0.75", "2008-09-30": "$0.18", "2008-06-30": "$0.32", "2008-03-31": "$0.43", "2007-12-31": "$0.54", "2007-09-30": "$0.58", "2007-06-30": "$0.55", "2007-03-31": "$0.39", "2006-12-31": "$0.40"}, "net worth": {"value": "$10.78B"}, "current ratio": {"current": "1.39", "2020-09-30": "1.39", "2020-06-30": "1.51", "2020-03-31": "1.18", "2019-12-31": "1.03", "2019-09-30": "1.07", "2019-06-30": "1.03", "2019-03-31": "1.07", "2018-12-31": "1.11", "2018-09-30": "1.28", "2018-06-30": "1.26", "2018-03-31": "1.26", "2017-12-31": "1.20", "2017-09-30": "1.23", "2017-06-30": "1.19", "2017-03-31": "1.19", "2016-12-31": "1.13", "2016-09-30": "1.18", "2016-06-30": "1.18", "2016-03-31": "1.12", "2015-12-31": "1.10", "2015-09-30": "1.66", "2015-06-30": "1.83", "2015-03-31": "3.93", "2014-12-31": "3.21", "2014-09-30": "3.48", "2014-06-30": "1.77", "2014-03-31": "1.70", "2013-12-31": "1.71", "2013-09-30": "2.40", "2013-06-30": "5.03", "2013-03-31": "6.34", "2012-12-31": "6.55", "2012-09-30": "12.06", "2012-06-30": "13.46", "2012-03-31": "12.94", "2011-12-31": "6.17", "2011-09-30": "6.51", "2011-06-30": "1.84", "2011-03-31": "1.75", "2010-12-31": "1.81", "2010-09-30": "1.82", "2010-06-30": "1.59", "2010-03-31": "1.49", "2009-12-31": "1.05", "2009-09-30": "1.15", "2009-06-30": "1.09", "2009-03-31": "1.64", "2008-12-31": "1.43", "2008-09-30": "1.84", "2008-06-30": "1.61", "2008-03-31": "1.68", "2007-12-31": "1.78", "2007-09-30": "2.47", "2007-06-30": "2.24", "2007-03-31": "2.41", "2006-12-31": "1.48", "2006-09-30": "2.29", "2006-06-30": "2.13", "2006-03-31": "1.70", "2005-12-31": "1.31", "2005-09-30": "1.08", "2005-06-30": "1.12", "2005-03-31": "1.30"}, "quick ratio": {"2020-09-30": "0.00", "2020-06-30": "0.00", "2020-03-31": "0.00", "2019-12-31": "0.00", "2019-09-30": "0.00", "2019-06-30": "0.00", "2019-03-31": "0.00", "2018-12-31": "0.00", "2018-09-30": "0.00", "2018-06-30": "0.00", "2018-03-31": "0.00", "2017-12-31": "0.00", "2017-09-30": "0.00", "2017-06-30": "0.00", "2017-03-31": "0.00", "2016-12-31": "0.00", "2016-09-30": "0.00", "2016-06-30": "0.00", "2016-03-31": "0.00", "2015-12-31": "0.00", "2015-09-30": "0.00", "2015-06-30": "0.00", "2015-03-31": "0.00", "2014-12-31": "0.00", "2014-09-30": "0.00", "2014-06-30": "0.00", "2014-03-31": "0.00", "2013-12-31": "0.00", "2013-09-30": "0.00", "2013-06-30": "0.00", "2013-03-31": "0.00", "2012-12-31": "0.00", "2012-09-30": "0.00", "2012-06-30": "0.00", "2012-03-31": "0.00", "2011-12-31": "0.00", "2011-09-30": "0.00", "2011-06-30": "0.00", "2011-03-31": "0.00", "2010-12-31": "0.00", "2010-09-30": "0.00", "2010-06-30": "0.00", "2010-03-31": "0.00", "2009-12-31": "0.00", "2009-09-30": "0.00", "2009-06-30": "0.00", "2009-03-31": "0.00", "2008-12-31": "0.00", "2008-09-30": "0.00", "2008-06-30": "0.00", "2008-03-31": "0.00", "2007-12-31": "0.00", "2007-09-30": "0.00", "2007-06-30": "0.00", "2007-03-31": "0.00", "2006-12-31": "0.00", "2006-09-30": "0.00", "2006-06-30": "0.00", "2006-03-31": "0.00", "2005-12-31": "0.00", "2005-09-30": "0.00", "2005-06-30": "0.00", "2005-03-31": "0.00"}, "debt equity ratio": {"current": "2.39", "2020-09-30": "4.65", "2020-06-30": "4.94", "2020-03-31": "4.34", "2019-12-31": "3.88", "2019-09-30": "3.69", "2019-06-30": "3.92", "2019-03-31": "4.01", "2018-12-31": "2.09", "2018-09-30": "1.76", "2018-06-30": "2.05", "2018-03-31": "2.16", "2017-12-31": "2.14", "2017-09-30": "2.34", "2017-06-30": "2.67", "2017-03-31": "2.79", "2016-12-31": "2.85", "2016-09-30": "3.04", "2016-06-30": "3.04", "2016-03-31": "3.09", "2015-12-31": "3.13", "2015-09-30": "1.88", "2015-06-30": "2.44", "2015-03-31": "0.87", "2014-12-31": "0.66", "2014-09-30": "0.66", "2014-06-30": "0.45", "2014-03-31": "0.48", "2013-12-31": "0.71", "2013-09-30": "0.53", "2013-06-30": "0.82", "2013-03-31": "0.72", "2012-12-31": "0.69", "2012-09-30": "0.53", "2012-06-30": "0.09", "2012-03-31": "0.09", "2011-12-31": "0.18", "2011-09-30": "0.18", "2011-06-30": "0.51", "2011-03-31": "0.55", "2010-12-31": "0.67", "2010-09-30": "0.75", "2010-06-30": "0.73", "2010-03-31": "0.70", "2009-12-31": "0.73", "2009-09-30": "0.60", "2009-06-30": "0.58", "2009-03-31": "0.57", "2008-12-31": "0.57", "2008-09-30": "0.85", "2008-06-30": "0.95", "2008-03-31": "0.82", "2007-12-31": "0.30", "2007-09-30": "0.22", "2007-06-30": "0.31", "2007-03-31": "0.36", "2006-12-31": "0.41", "2006-09-30": "0.39", "2006-06-30": "0.48", "2006-03-31": "0.53", "2005-12-31": "0.64", "2005-09-30": "0.67", "2005-06-30": "0.64", "2005-03-31": "0.44"}, "return on equity": {"2020-09-30": "2.54%", "2020-06-30": "3.67%", "2020-03-31": "12.42%", "2019-12-31": "13.06%", "2019-09-30": "11.55%", "2019-06-30": "9.79%", "2019-03-31": "9.43%", "2018-12-31": "9.28%", "2018-09-30": "11.71%", "2018-06-30": "11.28%", "2018-03-31": "9.56%", "2017-12-31": "8.91%", "2017-09-30": "4.77%", "2017-06-30": "3.60%", "2017-03-31": "3.49%", "2016-12-31": "2.09%", "2016-09-30": "-0.91%", "2016-06-30": "-4.37%", "2016-03-31": "-8.36%", "2015-12-31": "-9.16%", "2015-09-30": "-10.11%", "2015-06-30": "-7.89%", "2015-03-31": "-6.33%", "2014-12-31": "-8.27%", "2014-09-30": "-6.66%", "2014-06-30": "-8.77%", "2014-03-31": "-12.41%", "2013-12-31": "-14.97%", "2013-09-30": "-17.36%", "2013-06-30": "-19.83%", "2013-03-31": "-14.45%", "2012-12-31": "-9.40%", "2012-09-30": "-7.13%", "2012-06-30": "-31.52%", "2012-03-31": "-38.63%", "2011-12-31": "-60.69%", "2011-09-30": "-75.93%", "2011-06-30": "14.29%", "2011-03-31": "17.91%", "2010-12-31": "18.90%", "2010-09-30": "19.83%", "2010-06-30": "17.24%", "2010-03-31": "10.71%", "2009-12-31": "7.27%", "2009-09-30": "7.34%", "2009-06-30": "7.48%", "2009-03-31": "11.43%", "2008-12-31": "15.69%", "2008-09-30": "12.90%", "2008-06-30": "9.41%", "2008-03-31": "10.39%", "2007-12-31": "5.80%", "2007-09-30": "18.18%", "2007-06-30": "25.81%", "2007-03-31": "27.59%", "2006-12-31": "37.04%", "2006-09-30": "32.00%", "2006-06-30": "17.02%", "2006-03-31": "0.00%", "2005-12-31": "-51.06%"}, "return on assets": {"2020-09-30": "0.47%", "2020-06-30": "0.71%", "2020-03-31": "2.51%", "2019-12-31": "2.68%", "2019-09-30": "2.68%", "2019-06-30": "2.62%", "2019-03-31": "2.83%", "2018-12-31": "3.09%", "2018-09-30": "3.88%", "2018-06-30": "3.56%", "2018-03-31": "2.89%", "2017-12-31": "2.58%", "2017-09-30": "1.31%", "2017-06-30": "0.94%", "2017-03-31": "0.89%", "2016-12-31": "0.52%", "2016-09-30": "-0.22%", "2016-06-30": "-1.16%", "2016-03-31": "-2.30%", "2015-12-31": "-2.84%", "2015-09-30": "-3.82%", "2015-06-30": "-3.36%", "2015-03-31": "-3.76%", "2014-12-31": "-5.20%", "2014-09-30": "-4.23%", "2014-06-30": "-5.79%", "2014-03-31": "-7.88%", "2013-12-31": "-8.97%", "2013-09-30": "-10.49%", "2013-06-30": "-11.79%", "2013-03-31": "-9.58%", "2012-12-31": "-6.93%", "2012-09-30": "-5.76%", "2012-06-30": "-28.13%", "2012-03-31": "-33.28%", "2011-12-31": "-47.83%", "2011-09-30": "-55.22%", "2011-06-30": "8.81%", "2011-03-31": "10.67%", "2010-12-31": "10.96%", "2010-09-30": "11.37%", "2010-06-30": "10.15%", "2010-03-31": "6.49%", "2009-12-31": "4.52%", "2009-09-30": "4.71%", "2009-06-30": "4.60%", "2009-03-31": "6.67%", "2008-12-31": "8.84%", "2008-09-30": "7.36%", "2008-06-30": "5.88%", "2008-03-31": "7.27%", "2007-12-31": "4.49%", "2007-09-30": "13.79%", "2007-06-30": "18.82%", "2007-03-31": "19.51%", "2006-12-31": "25.64%", "2006-09-30": "21.62%", "2006-06-30": "10.96%", "2006-03-31": "0.00%", "2005-12-31": "-32.88%"}, "return on investments": {"2020-09-30": "4.12%", "2020-06-30": "4.34%", "2020-03-31": "9.42%", "2019-12-31": "10.13%", "2019-09-30": "9.25%", "2019-06-30": "8.87%", "2019-03-31": "8.37%", "2018-12-31": "8.35%", "2018-09-30": "8.21%", "2018-06-30": "7.92%", "2018-03-31": "7.42%", "2017-12-31": "7.15%", "2017-09-30": "6.51%", "2017-06-30": "6.38%", "2017-03-31": "6.24%", "2016-12-31": "5.62%", "2016-09-30": "4.32%", "2016-06-30": "3.00%", "2016-03-31": "0.51%", "2015-12-31": "-0.49%", "2015-09-30": "0.34%", "2015-06-30": "-1.29%", "2015-03-31": "-1.22%", "2014-12-31": "-2.48%", "2014-09-30": "-4.39%", "2014-06-30": "-7.10%", "2014-03-31": "-9.38%", "2013-12-31": "-10.85%", "2013-09-30": "-13.53%", "2013-06-30": "-13.11%", "2013-03-31": "-10.61%", "2012-12-31": "-9.14%", "2012-09-30": "-7.69%", "2012-06-30": "-5.14%", "2012-03-31": "-3.20%", "2011-12-31": "2.71%", "2011-09-30": "8.89%", "2011-06-30": "20.65%", "2011-03-31": "23.53%", "2010-12-31": "24.16%", "2010-09-30": "25.90%", "2010-06-30": "22.05%", "2010-03-31": "16.81%", "2009-12-31": "10.26%", "2009-09-30": "10.17%", "2009-06-30": "12.70%", "2009-03-31": "12.12%", "2008-12-31": "15.04%", "2008-09-30": "13.22%", "2008-06-30": "11.65%", "2008-03-31": "13.79%", "2007-12-31": "16.44%", "2007-09-30": "16.67%", "2007-06-30": "17.14%", "2007-03-31": "17.65%", "2006-12-31": "18.75%", "2006-09-30": "26.23%", "2006-06-30": "21.05%", "2006-03-31": "7.55%", "2005-12-31": "-39.22%"}, "return on tangible equity": {"2020-09-30": "-2.57%", "2020-06-30": "-3.86%", "2020-03-31": "-13.49%", "2019-12-31": "-14.18%", "2019-09-30": "-14.95%", "2019-06-30": "-16.52%", "2019-03-31": "-19.59%", "2018-12-31": "-23.66%", "2018-09-30": "-28.86%", "2018-06-30": "-22.69%", "2018-03-31": "-16.12%", "2017-12-31": "-12.82%", "2017-09-30": "-5.89%", "2017-06-30": "-3.88%", "2017-03-31": "-3.53%", "2016-12-31": "-2.00%", "2016-09-30": "0.84%", "2016-06-30": "4.66%", "2016-03-31": "10.02%", "2015-12-31": "15.50%", "2015-09-30": "37.44%", "2015-06-30": "91.26%", "2015-03-31": "-28.90%", "2014-12-31": "-38.99%", "2014-09-30": "-42.47%", "2014-06-30": "-95.38%", "2014-03-31": "-130.65%", "2013-12-31": "-126.71%", "2013-09-30": "-47.51%", "2013-06-30": "-29.33%", "2013-03-31": "-19.07%", "2012-12-31": "-11.29%", "2012-09-30": "-8.21%", "2012-06-30": "-36.97%", "2012-03-31": "-48.36%", "2011-12-31": "-92.63%", "2011-09-30": "-141.38%", "2011-06-30": "51.28%", "2011-03-31": "75.00%", "2010-12-31": "100.00%", "2010-09-30": "141.18%", "2010-06-30": "133.33%", "2010-03-31": "85.71%", "2009-12-31": "57.14%", "2009-09-30": "50.00%", "2009-06-30": "57.14%", "2009-03-31": "100.00%", "2008-12-31": "160.00%", "2008-09-30": "92.31%", "2008-06-30": "44.44%", "2008-03-31": "34.78%", "2007-12-31": "14.29%", "2007-09-30": "44.44%", "2007-06-30": "64.00%", "2007-03-31": "69.57%", "2006-12-31": "95.24%", "2006-09-30": "88.89%", "2006-06-30": "50.00%", "2006-03-31": "0.00%", "2005-12-31": "-133.33%"}, "dividend yield history": {"last payout": "$0.00", "last yield": "0.00%"}}