{"ticker": "XRX", "price": {"title": "Xerox Holdings Historical Annual Stock Price Data", "value": 23.58, "historical": {"2021": {"Average Stock Price": "22.5439", "Year Open": "22.4600", "Year High": "24.2400", "Year Low": "20.7500", "Year Close": "23.5800", "Annual % Change": "1.68%"}, "2020": {"Average Stock Price": "21.8628", "Year Open": "36.9300", "Year High": "38.2100", "Year Low": "14.6300", "Year Close": "23.1900", "Annual % Change": "-37.10%"}, "2019": {"Average Stock Price": "32.0115", "Year Open": "20.1300", "Year High": "39.3000", "Year Low": "19.6900", "Year Close": "36.8700", "Annual % Change": "86.59%"}, "2018": {"Average Stock Price": "27.7614", "Year Open": "29.3700", "Year High": "34.1300", "Year Low": "18.9200", "Year Close": "19.7600", "Annual % Change": "-32.21%"}, "2017": {"Average Stock Price": "29.7449", "Year Open": "27.5600", "Year High": "33.9500", "Year Low": "27.5200", "Year Close": "29.1500", "Annual % Change": "-16.52%"}, "2016": {"Average Stock Price": "39.0192", "Year Open": "41.2000", "Year High": "45.0000", "Year Low": "34.7600", "Year Close": "34.9200", "Annual % Change": "-17.87%"}, "2015": {"Average Stock Price": "45.7505", "Year Open": "55.0000", "Year High": "56.0000", "Year Low": "37.1600", "Year Close": "42.5200", "Annual % Change": "-23.30%"}, "2014": {"Average Stock Price": "49.8768", "Year Open": "47.6400", "Year High": "57.2800", "Year Low": "41.2000", "Year Close": "55.4400", "Annual % Change": "13.89%"}, "2013": {"Average Stock Price": "37.8756", "Year Open": "28.7600", "Year High": "48.9200", "Year Low": "28.4400", "Year Close": "48.6800", "Annual % Change": "78.45%"}, "2012": {"Average Stock Price": "29.9904", "Year Open": "32.8000", "Year High": "35.0400", "Year Low": "24.9200", "Year Close": "27.2800", "Annual % Change": "-14.32%"}, "2011": {"Average Stock Price": "37.4702", "Year Open": "46.8400", "Year High": "46.8400", "Year Low": "26.8800", "Year Close": "31.8400", "Annual % Change": "-30.90%"}, "2010": {"Average Stock Price": "39.7296", "Year Open": "34.5200", "Year High": "48.0400", "Year Low": "31.6400", "Year Close": "46.0800", "Annual % Change": "36.17%"}, "2009": {"Average Stock Price": "28.6194", "Year Open": "33.5200", "Year High": "38.2800", "Year Low": "16.6800", "Year Close": "33.8400", "Annual % Change": "6.15%"}, "2008": {"Average Stock Price": "49.8375", "Year Open": "63.2800", "Year High": "63.2800", "Year Low": "21.0000", "Year Close": "31.8800", "Annual % Change": "-50.77%"}, "2007": {"Average Stock Price": "69.8105", "Year Open": "67.6000", "Year High": "79.6000", "Year Low": "63.1600", "Year Close": "64.7600", "Annual % Change": "-4.48%"}, "2006": {"Average Stock Price": "60.0381", "Year Open": "59.6400", "Year High": "68.8800", "Year Low": "53.1200", "Year Close": "67.8000", "Annual % Change": "15.70%"}, "2005": {"Average Stock Price": "56.9233", "Year Open": "67.8800", "Year High": "67.8800", "Year Low": "49.6400", "Year Close": "58.6000", "Annual % Change": "-13.87%"}, "2004": {"Average Stock Price": "57.3129", "Year Open": "54.3600", "Year High": "68.4800", "Year Low": "50.6400", "Year Close": "68.0400", "Annual % Change": "23.26%"}, "2003": {"Average Stock Price": "40.9695", "Year Open": "32.6400", "Year High": "55.2000", "Year Low": "32.2000", "Year Close": "55.2000", "Annual % Change": "71.43%"}, "2002": {"Average Stock Price": "32.4930", "Year Open": "41.6800", "Year High": "45.8000", "Year Low": "17.2000", "Year Close": "32.2000", "Annual % Change": "-22.74%"}, "2001": {"Average Stock Price": "31.6671", "Year Open": "20.5000", "Year High": "45.4000", "Year Low": "19.8000", "Year Close": "41.6800", "Annual % Change": "125.30%"}, "2000": {"Average Stock Price": "73.0623", "Year Open": "96.7600", "Year High": "119.0000", "Year Low": "17.7520", "Year Close": "18.5000", "Annual % Change": "-79.62%"}, "1999": {"Average Stock Price": "190.6886", "Year Open": "235.6000", "Year High": "254.7600", "Year Low": "80.0000", "Year Close": "90.7600", "Annual % Change": "-61.54%"}, "1998": {"Average Stock Price": "196.4404", "Year Open": "149.7600", "Year High": "241.8000", "Year Low": "136.7600", "Year Close": "236.0000", "Annual % Change": "59.72%"}, "1997": {"Average Stock Price": "140.4047", "Year Open": "104.5000", "Year High": "174.7600", "Year Low": "104.5000", "Year Close": "147.7600", "Annual % Change": "40.40%"}, "1996": {"Average Stock Price": "98.2858", "Year Open": "91.0000", "Year High": "115.7600", "Year Low": "79.9200", "Year Close": "105.2400", "Annual % Change": "15.23%"}, "1995": {"Average Stock Price": "80.8952", "Year Open": "64.7533", "Year High": "95.5333", "Year Low": "64.7533", "Year Close": "91.3333", "Annual % Change": "38.20%"}, "1994": {"Average Stock Price": "66.9525", "Year Open": "58.7533", "Year High": "74.6000", "Year Low": "58.7533", "Year Close": "66.0867", "Annual % Change": "10.91%"}, "1993": {"Average Stock Price": "52.4466", "Year Open": "54.9200", "Year High": "59.6667", "Year Low": "46.9200", "Year Close": "59.5867", "Annual % Change": "12.78%"}, "1992": {"Average Stock Price": "49.9204", "Year Open": "45.1667", "Year High": "54.3333", "Year Low": "44.5000", "Year Close": "52.8333", "Annual % Change": "15.69%"}, "1991": {"Average Stock Price": "37.6971", "Year Open": "24.1667", "Year High": "45.8333", "Year Low": "23.8333", "Year Close": "45.6667", "Annual % Change": "92.96%"}, "1990": {"Average Stock Price": "30.0422", "Year Open": "38.5000", "Year High": "39.0000", "Year Low": "19.4200", "Year Close": "23.6667", "Annual % Change": "-37.99%"}, "1989": {"Average Stock Price": "41.8396", "Year Open": "38.1667", "Year High": "45.4133", "Year Low": "36.7533", "Year Close": "38.1667", "Annual % Change": "-1.94%"}, "1988": {"Average Stock Price": "36.9939", "Year Open": "39.4200", "Year High": "41.3333", "Year Low": "33.6667", "Year Close": "38.9200", "Annual % Change": "3.09%"}, "1987": {"Average Stock Price": "47.4452", "Year Open": "39.7533", "Year High": "56.5000", "Year Low": "33.4200", "Year Close": "37.7533", "Annual % Change": "-5.62%"}, "1986": {"Average Stock Price": "39.4844", "Year Open": "39.5000", "Year High": "47.6667", "Year Low": "32.6667", "Year Close": "40.0000", "Annual % Change": "0.42%"}, "1985": {"Average Stock Price": "32.9457", "Year Open": "25.2533", "Year High": "40.0867", "Year Low": "24.8333", "Year Close": "39.8333", "Annual % Change": "57.74%"}, "1984": {"Average Stock Price": "26.3272", "Year Open": "32.8333", "Year High": "34.0000", "Year Low": "22.5000", "Year Close": "25.2533", "Annual % Change": "-23.47%"}, "1983": {"Average Stock Price": "29.6127", "Year Open": "24.5000", "Year High": "34.5000", "Year Low": "23.5867", "Year Close": "33.0000", "Annual % Change": "32.42%"}, "1982": {"Average Stock Price": "23.5755", "Year Open": "27.5000", "Year High": "27.5867", "Year Low": "18.2467", "Year Close": "24.9200", "Annual % Change": "-7.70%"}, "1981": {"Average Stock Price": "33.7727", "Year Open": "40.0867", "Year High": "42.4200", "Year Low": "25.1667", "Year Close": "27.0000", "Annual % Change": "-32.36%"}, "1980": {"Average Stock Price": "39.8119", "Year Open": "40.3333", "Year High": "47.5800", "Year Low": "32.8333", "Year Close": "39.9200", "Annual % Change": "-3.62%"}, "1979": {"Average Stock Price": "40.3727", "Year Open": "36.0800", "Year High": "45.7467", "Year Low": "35.2533", "Year Close": "41.4200", "Annual % Change": "16.68%"}, "1978": {"Average Stock Price": "34.2143", "Year Open": "30.5000", "Year High": "42.3333", "Year Low": "27.3333", "Year Close": "35.5000", "Annual % Change": "13.90%"}}}, "market cap": {"value": "$4.75B"}, "income statement": {"Revenue": {"2020-12-31": "7022.00000", "2019-12-31": "9066.00000", "2018-12-31": "9662.00000", "2017-12-31": "9991.00000", "2016-12-31": "10771.00000", "2015-12-31": "11465.00000", "2014-12-31": "12679.00000", "2013-12-31": "20006.00000", "2012-12-31": "20421.00000", "2011-12-31": "21900.00000", "2010-12-31": "21633.00000", "2009-12-31": "15179.00000", "2008-12-31": "17608.00000", "2007-12-31": "17228.00000", "2006-12-31": "15895.00000", "2005-12-31": "15701.00000"}, "Cost Of Goods Sold": {"2020-12-31": "4396.00000", "2019-12-31": "5416.00000", "2018-12-31": "5793.00000", "2017-12-31": "5920.00000", "2016-12-31": "6466.00000", "2015-12-31": "6883.00000", "2014-12-31": "7569.00000", "2013-12-31": "13521.00000", "2012-12-31": "13634.00000", "2011-12-31": "14576.00000", "2010-12-31": "14182.00000", "2009-12-31": "9154.00000", "2008-12-31": "10753.00000", "2007-12-31": "10277.00000", "2006-12-31": "9436.00000", "2005-12-31": "9228.00000"}, "Gross Profit": {"2020-12-31": "2626.00000", "2019-12-31": "3650.00000", "2018-12-31": "3869.00000", "2017-12-31": "4071.00000", "2016-12-31": "4305.00000", "2015-12-31": "4582.00000", "2014-12-31": "5110.00000", "2013-12-31": "6485.00000", "2012-12-31": "6787.00000", "2011-12-31": "7324.00000", "2010-12-31": "7451.00000", "2009-12-31": "6025.00000", "2008-12-31": "6855.00000", "2007-12-31": "6951.00000", "2006-12-31": "6459.00000", "2005-12-31": "6473.00000"}, "Research And Development Expenses": {"2020-12-31": "311.00000", "2019-12-31": "373.00000", "2018-12-31": "397.00000", "2017-12-31": "424.00000", "2016-12-31": "463.00000", "2015-12-31": "511.00000", "2014-12-31": "531.00000", "2013-12-31": "603.00000", "2012-12-31": "655.00000", "2011-12-31": "719.00000", "2010-12-31": "781.00000", "2009-12-31": "840.00000", "2008-12-31": "884.00000", "2007-12-31": "912.00000", "2006-12-31": "922.00000", "2005-12-31": "943.00000"}, "SG&A Expenses": {"2020-12-31": "1851.00000", "2019-12-31": "2085.00000", "2018-12-31": "2379.00000", "2017-12-31": "2514.00000", "2016-12-31": "2636.00000", "2015-12-31": "2865.00000", "2014-12-31": "3133.00000", "2013-12-31": "4073.00000", "2012-12-31": "4141.00000", "2011-12-31": "4421.00000", "2010-12-31": "4594.00000", "2009-12-31": "4149.00000", "2008-12-31": "4534.00000", "2007-12-31": "4312.00000", "2006-12-31": "4008.00000", "2005-12-31": "4110.00000"}, "Other Operating Income Or Expenses": {"2020-12-31": "-18.00000", "2019-12-31": "-12.00000", "2018-12-31": "-68.00000", "2017-12-31": "-9.00000", "2016-12-31": "", "2015-12-31": "", "2014-12-31": "", "2013-12-31": "", "2012-12-31": "", "2011-12-31": "", "2010-12-31": "", "2009-12-31": "", "2008-12-31": "", "2007-12-31": "", "2006-12-31": "", "2005-12-31": ""}, "Operating Expenses": {"2020-12-31": "6576.00000", "2019-12-31": "7886.00000", "2018-12-31": "8637.00000", "2017-12-31": "8867.00000", "2016-12-31": "9565.00000", "2015-12-31": "10259.00000", "2014-12-31": "11233.00000", "2013-12-31": "18197.00000", "2012-12-31": "18430.00000", "2011-12-31": "19716.00000", "2010-12-31": "19557.00000", "2009-12-31": "14143.00000", "2008-12-31": "16171.00000", "2007-12-31": "15501.00000", "2006-12-31": "14366.00000", "2005-12-31": "14281.00000"}, "Operating Income": {"2020-12-31": "446.00000", "2019-12-31": "1180.00000", "2018-12-31": "1025.00000", "2017-12-31": "1124.00000", "2016-12-31": "1206.00000", "2015-12-31": "1206.00000", "2014-12-31": "1446.00000", "2013-12-31": "1809.00000", "2012-12-31": "1991.00000", "2011-12-31": "2184.00000", "2010-12-31": "2076.00000", "2009-12-31": "1036.00000", "2008-12-31": "1437.00000", "2007-12-31": "1727.00000", "2006-12-31": "1529.00000", "2005-12-31": "1420.00000"}, "Total Non-Operating Income/Expense": {"2020-12-31": "-194.00000", "2019-12-31": "-358.00000", "2018-12-31": "-476.00000", "2017-12-31": "-599.00000", "2016-12-31": "-638.00000", "2015-12-31": "-282.00000", "2014-12-31": "-356.00000", "2013-12-31": "-566.00000", "2012-12-31": "-707.00000", "2011-12-31": "-649.00000", "2010-12-31": "-1261.00000", "2009-12-31": "-409.00000", "2008-12-31": "-1516.00000", "2007-12-31": "-259.00000", "2006-12-31": "-721.00000", "2005-12-31": "-590.00000"}, "Pre-Tax Income": {"2020-12-31": "252.00000", "2019-12-31": "822.00000", "2018-12-31": "549.00000", "2017-12-31": "525.00000", "2016-12-31": "568.00000", "2015-12-31": "924.00000", "2014-12-31": "1090.00000", "2013-12-31": "1243.00000", "2012-12-31": "1284.00000", "2011-12-31": "1535.00000", "2010-12-31": "815.00000", "2009-12-31": "627.00000", "2008-12-31": "-79.00000", "2007-12-31": "1468.00000", "2006-12-31": "808.00000", "2005-12-31": "830.00000"}, "Income Taxes": {"2020-12-31": "64.00000", "2019-12-31": "179.00000", "2018-12-31": "247.00000", "2017-12-31": "468.00000", "2016-12-31": "62.00000", "2015-12-31": "193.00000", "2014-12-31": "198.00000", "2013-12-31": "253.00000", "2012-12-31": "256.00000", "2011-12-31": "377.00000", "2010-12-31": "256.00000", "2009-12-31": "152.00000", "2008-12-31": "-231.00000", "2007-12-31": "400.00000", "2006-12-31": "-288.00000", "2005-12-31": "-5.00000"}, "Income After Taxes": {"2020-12-31": "188.00000", "2019-12-31": "643.00000", "2018-12-31": "302.00000", "2017-12-31": "57.00000", "2016-12-31": "506.00000", "2015-12-31": "731.00000", "2014-12-31": "892.00000", "2013-12-31": "990.00000", "2012-12-31": "1028.00000", "2011-12-31": "1158.00000", "2010-12-31": "559.00000", "2009-12-31": "475.00000", "2008-12-31": "152.00000", "2007-12-31": "1068.00000", "2006-12-31": "1096.00000", "2005-12-31": "835.00000"}, "Other Income": {"2020-12-31": "", "2019-12-31": "", "2018-12-31": "", "2017-12-31": "", "2016-12-31": "", "2015-12-31": "", "2014-12-31": "", "2013-12-31": "", "2012-12-31": "", "2011-12-31": "", "2010-12-31": "", "2009-12-31": "", "2008-12-31": "", "2007-12-31": "", "2006-12-31": "", "2005-12-31": ""}, "Income From Continuous Operations": {"2020-12-31": "192.00000", "2019-12-31": "651.00000", "2018-12-31": "310.00000", "2017-12-31": "70.00000", "2016-12-31": "633.00000", "2015-12-31": "840.00000", "2014-12-31": "1052.00000", "2013-12-31": "1159.00000", "2012-12-31": "1180.00000", "2011-12-31": "1307.00000", "2010-12-31": "637.00000", "2009-12-31": "516.00000", "2008-12-31": "265.00000", "2007-12-31": "1165.00000", "2006-12-31": "1210.00000", "2005-12-31": "933.00000"}, "Income From Discontinued Operations": {"2020-12-31": "", "2019-12-31": "710.00000", "2018-12-31": "64.00000", "2017-12-31": "137.00000", "2016-12-31": "-1093.00000", "2015-12-31": "-374.00000", "2014-12-31": "-16.00000", "2013-12-31": "20.00000", "2012-12-31": "43.00000", "2011-12-31": "21.00000", "2010-12-31": "", "2009-12-31": "", "2008-12-31": "", "2007-12-31": "", "2006-12-31": "", "2005-12-31": "53.00000"}, "Net Income": {"2020-12-31": "192.00000", "2019-12-31": "1353.00000", "2018-12-31": "361.00000", "2017-12-31": "195.00000", "2016-12-31": "-471.00000", "2015-12-31": "448.00000", "2014-12-31": "1013.00000", "2013-12-31": "1159.00000", "2012-12-31": "1195.00000", "2011-12-31": "1271.00000", "2010-12-31": "585.00000", "2009-12-31": "485.00000", "2008-12-31": "230.00000", "2007-12-31": "1135.00000", "2006-12-31": "1210.00000", "2005-12-31": "978.00000"}, "EBITDA": {"2020-12-31": "814.00000", "2019-12-31": "1610.00000", "2018-12-31": "1551.00000", "2017-12-31": "1651.00000", "2016-12-31": "1769.00000", "2015-12-31": "1796.00000", "2014-12-31": "2085.00000", "2013-12-31": "3167.00000", "2012-12-31": "3292.00000", "2011-12-31": "3435.00000", "2010-12-31": "3173.00000", "2009-12-31": "1734.00000", "2008-12-31": "2106.00000", "2007-12-31": "2383.00000", "2006-12-31": "2165.00000", "2005-12-31": "2061.00000"}, "EBIT": {"2020-12-31": "446.00000", "2019-12-31": "1180.00000", "2018-12-31": "1025.00000", "2017-12-31": "1124.00000", "2016-12-31": "1206.00000", "2015-12-31": "1206.00000", "2014-12-31": "1446.00000", "2013-12-31": "1809.00000", "2012-12-31": "1991.00000", "2011-12-31": "2184.00000", "2010-12-31": "2076.00000", "2009-12-31": "1036.00000", "2008-12-31": "1437.00000", "2007-12-31": "1727.00000", "2006-12-31": "1529.00000", "2005-12-31": "1420.00000"}, "Basic Shares Outstanding": {"2020-12-31": "208.98300", "2019-12-31": "221.96900", "2018-12-31": "248.70700", "2017-12-31": "254.34100", "2016-12-31": "253.39100", "2015-12-31": "266.13100", "2014-12-31": "288.59120", "2013-12-31": "306.37150", "2012-12-31": "325.51320", "2011-12-31": "347.02400", "2010-12-31": "330.85780", "2009-12-31": "217.49480", "2008-12-31": "221.36780", "2007-12-31": "233.72580", "2006-12-31": "235.96300", "2005-12-31": "239.28720"}, "Shares Outstanding": {"2020-12-31": "208.98300", "2019-12-31": "221.96900", "2018-12-31": "248.70700", "2017-12-31": "254.34100", "2016-12-31": "253.39100", "2015-12-31": "266.13100", "2014-12-31": "288.59120", "2013-12-31": "306.37150", "2012-12-31": "325.51320", "2011-12-31": "347.02400", "2010-12-31": "330.85780", "2009-12-31": "217.49480", "2008-12-31": "221.36780", "2007-12-31": "233.72580", "2006-12-31": "235.96300", "2005-12-31": "239.28720"}, "Basic EPS": {"2020-12-31": "0.85000", "2019-12-31": "6.03000", "2018-12-31": "1.40000", "2017-12-31": "0.71000", "2016-12-31": "-1.95000", "2015-12-31": "1.59000", "2014-12-31": "3.44000", "2013-12-31": "3.72000", "2012-12-31": "3.60000", "2011-12-31": "3.68000", "2010-12-31": "1.76000", "2009-12-31": "2.24000", "2008-12-31": "1.04000", "2007-12-31": "4.84000", "2006-12-31": "5.00000", "2005-12-31": "3.84000"}, "EPS - Earnings Per Share": {"2020-12-31": "0.84000", "2019-12-31": "5.80000", "2018-12-31": "1.38000", "2017-12-31": "0.71000", "2016-12-31": "-1.93000", "2015-12-31": "1.58000", "2014-12-31": "3.36000", "2013-12-31": "3.64000", "2012-12-31": "3.52000", "2011-12-31": "3.60000", "2010-12-31": "1.72000", "2009-12-31": "2.20000", "2008-12-31": "1.04000", "2007-12-31": "4.76000", "2006-12-31": "4.88000", "2005-12-31": "3.76000"}}, "income statement, quarterly": {"Revenue": {"2020-12-31": "1930.00000", "2020-09-30": "1767.00000", "2020-06-30": "1465.00000", "2020-03-31": "1860.00000", "2019-12-31": "2444.00000", "2019-09-30": "2179.00000", "2019-06-30": "2263.00000", "2019-03-31": "2180.00000", "2018-12-31": "2365.00000", "2018-09-30": "2352.00000", "2018-06-30": "2510.00000", "2018-03-31": "2435.00000", "2017-12-31": "2473.00000", "2017-09-30": "2497.00000", "2017-06-30": "2567.00000", "2017-03-31": "2454.00000", "2016-12-31": "2734.00000", "2016-09-30": "2629.00000", "2016-06-30": "2793.00000", "2016-03-31": "2615.00000", "2015-12-31": "2946.00000", "2015-09-30": "4333.00000", "2015-06-30": "4590.00000", "2015-03-31": "4469.00000", "2014-12-31": "5033.00000", "2014-09-30": "4795.00000", "2014-06-30": "4941.00000", "2014-03-31": "4771.00000", "2013-12-31": "5207.00000", "2013-09-30": "5235.00000", "2013-06-30": "5391.00000", "2013-03-31": "5202.00000", "2012-12-31": "4275.00000", "2012-09-30": "5275.00000", "2012-06-30": "5368.00000", "2012-03-31": "5503.00000", "2011-12-31": "5238.00000", "2011-09-30": "5583.00000", "2011-06-30": "5614.00000", "2011-03-31": "5465.00000", "2010-12-31": "5976.00000", "2010-09-30": "5428.00000", "2010-06-30": "5508.00000", "2010-03-31": "4721.00000", "2009-12-31": "4219.00000", "2009-09-30": "3675.00000", "2009-06-30": "3731.00000", "2009-03-31": "3554.00000", "2008-12-31": "4370.00000", "2008-09-30": "4370.00000", "2008-06-30": "4533.00000", "2008-03-31": "4335.00000", "2007-12-31": "4882.00000", "2007-09-30": "4302.00000", "2007-06-30": "4208.00000", "2007-03-31": "3836.00000", "2006-12-31": "4379.00000", "2006-09-30": "3844.00000", "2006-06-30": "3977.00000", "2006-03-31": "3695.00000", "2005-12-31": "4250.00000", "2005-09-30": "3759.00000", "2005-06-30": "3921.00000", "2005-03-31": "3771.00000"}, "Cost Of Goods Sold": {"2020-12-31": "1231.00000", "2020-09-30": "1116.00000", "2020-06-30": "901.00000", "2020-03-31": "1148.00000", "2019-12-31": "1428.00000", "2019-09-30": "1307.00000", "2019-06-30": "1378.00000", "2019-03-31": "1303.00000", "2018-12-31": "1409.00000", "2018-09-30": "1410.00000", "2018-06-30": "1509.00000", "2018-03-31": "1465.00000", "2017-12-31": "1421.00000", "2017-09-30": "1496.00000", "2017-06-30": "1524.00000", "2017-03-31": "1479.00000", "2016-12-31": "1640.00000", "2016-09-30": "1592.00000", "2016-06-30": "1681.00000", "2016-03-31": "1597.00000", "2015-12-31": "1776.00000", "2015-09-30": "3346.00000", "2015-06-30": "3164.00000", "2015-03-31": "3075.00000", "2014-12-31": "3417.00000", "2014-09-30": "3253.00000", "2014-06-30": "3356.00000", "2014-03-31": "3268.00000", "2013-12-31": "3541.00000", "2013-09-30": "3585.00000", "2013-06-30": "3694.00000", "2013-03-31": "3616.00000", "2012-12-31": "2608.00000", "2012-09-30": "3614.00000", "2012-06-30": "3617.00000", "2012-03-31": "3795.00000", "2011-12-31": "3420.00000", "2011-09-30": "3755.00000", "2011-06-30": "3737.00000", "2011-03-31": "3664.00000", "2010-12-31": "3968.00000", "2010-09-30": "3605.00000", "2010-06-30": "3592.00000", "2010-03-31": "3017.00000", "2009-12-31": "2537.00000", "2009-09-30": "2211.00000", "2009-06-30": "2233.00000", "2009-03-31": "2173.00000", "2008-12-31": "2713.00000", "2008-09-30": "2656.00000", "2008-06-30": "2754.00000", "2008-03-31": "2630.00000", "2007-12-31": "2906.00000", "2007-09-30": "2578.00000", "2007-06-30": "2513.00000", "2007-03-31": "2280.00000", "2006-12-31": "2581.00000", "2006-09-30": "2300.00000", "2006-06-30": "2344.00000", "2006-03-31": "2211.00000", "2005-12-31": "2491.00000", "2005-09-30": "2206.00000", "2005-06-30": "2336.00000", "2005-03-31": "2195.00000"}, "Gross Profit": {"2020-12-31": "699.00000", "2020-09-30": "651.00000", "2020-06-30": "564.00000", "2020-03-31": "712.00000", "2019-12-31": "1016.00000", "2019-09-30": "872.00000", "2019-06-30": "885.00000", "2019-03-31": "877.00000", "2018-12-31": "956.00000", "2018-09-30": "942.00000", "2018-06-30": "1001.00000", "2018-03-31": "970.00000", "2017-12-31": "1052.00000", "2017-09-30": "1001.00000", "2017-06-30": "1043.00000", "2017-03-31": "975.00000", "2016-12-31": "1094.00000", "2016-09-30": "1037.00000", "2016-06-30": "1112.00000", "2016-03-31": "1018.00000", "2015-12-31": "1170.00000", "2015-09-30": "987.00000", "2015-06-30": "1426.00000", "2015-03-31": "1394.00000", "2014-12-31": "1616.00000", "2014-09-30": "1542.00000", "2014-06-30": "1585.00000", "2014-03-31": "1503.00000", "2013-12-31": "1666.00000", "2013-09-30": "1650.00000", "2013-06-30": "1697.00000", "2013-03-31": "1586.00000", "2012-12-31": "1667.00000", "2012-09-30": "1661.00000", "2012-06-30": "1751.00000", "2012-03-31": "1708.00000", "2011-12-31": "1818.00000", "2011-09-30": "1828.00000", "2011-06-30": "1877.00000", "2011-03-31": "1801.00000", "2010-12-31": "2008.00000", "2010-09-30": "1823.00000", "2010-06-30": "1916.00000", "2010-03-31": "1704.00000", "2009-12-31": "1682.00000", "2009-09-30": "1464.00000", "2009-06-30": "1498.00000", "2009-03-31": "1381.00000", "2008-12-31": "1657.00000", "2008-09-30": "1714.00000", "2008-06-30": "1779.00000", "2008-03-31": "1705.00000", "2007-12-31": "1976.00000", "2007-09-30": "1724.00000", "2007-06-30": "1695.00000", "2007-03-31": "1556.00000", "2006-12-31": "1798.00000", "2006-09-30": "1544.00000", "2006-06-30": "1633.00000", "2006-03-31": "1484.00000", "2005-12-31": "1759.00000", "2005-09-30": "1553.00000", "2005-06-30": "1585.00000", "2005-03-31": "1576.00000"}, "Research And Development Expenses": {"2020-12-31": "75.00000", "2020-09-30": "76.00000", "2020-06-30": "76.00000", "2020-03-31": "84.00000", "2019-12-31": "93.00000", "2019-09-30": "100.00000", "2019-06-30": "88.00000", "2019-03-31": "92.00000", "2018-12-31": "94.00000", "2018-09-30": "102.00000", "2018-06-30": "101.00000", "2018-03-31": "100.00000", "2017-12-31": "106.00000", "2017-09-30": "105.00000", "2017-06-30": "102.00000", "2017-03-31": "111.00000", "2016-12-31": "113.00000", "2016-09-30": "118.00000", "2016-06-30": "119.00000", "2016-03-31": "126.00000", "2015-12-31": "128.00000", "2015-09-30": "135.00000", "2015-06-30": "142.00000", "2015-03-31": "141.00000", "2014-12-31": "150.00000", "2014-09-30": "139.00000", "2014-06-30": "143.00000", "2014-03-31": "145.00000", "2013-12-31": "153.00000", "2013-09-30": "145.00000", "2013-06-30": "149.00000", "2013-03-31": "154.00000", "2012-12-31": "160.00000", "2012-09-30": "161.00000", "2012-06-30": "161.00000", "2012-03-31": "173.00000", "2011-12-31": "177.00000", "2011-09-30": "183.00000", "2011-06-30": "175.00000", "2011-03-31": "184.00000", "2010-12-31": "193.00000", "2010-09-30": "189.00000", "2010-06-30": "194.00000", "2010-03-31": "205.00000", "2009-12-31": "225.00000", "2009-09-30": "209.00000", "2009-06-30": "202.00000", "2009-03-31": "204.00000", "2008-12-31": "212.00000", "2008-09-30": "228.00000", "2008-06-30": "223.00000", "2008-03-31": "221.00000", "2007-12-31": "238.00000", "2007-09-30": "233.00000", "2007-06-30": "223.00000", "2007-03-31": "218.00000", "2006-12-31": "237.00000", "2006-09-30": "230.00000", "2006-06-30": "230.00000", "2006-03-31": "225.00000", "2005-12-31": "234.00000", "2005-09-30": "242.00000", "2005-06-30": "242.00000", "2005-03-31": "225.00000"}, "SG&A Expenses": {"2020-12-31": "440.00000", "2020-09-30": "444.00000", "2020-06-30": "426.00000", "2020-03-31": "541.00000", "2019-12-31": "512.00000", "2019-09-30": "510.00000", "2019-06-30": "517.00000", "2019-03-31": "546.00000", "2018-12-31": "544.00000", "2018-09-30": "583.00000", "2018-06-30": "624.00000", "2018-03-31": "628.00000", "2017-12-31": "624.00000", "2017-09-30": "630.00000", "2017-06-30": "626.00000", "2017-03-31": "634.00000", "2016-12-31": "639.00000", "2016-09-30": "664.00000", "2016-06-30": "691.00000", "2016-03-31": "701.00000", "2015-12-31": "715.00000", "2015-09-30": "855.00000", "2015-06-30": "906.00000", "2015-03-31": "915.00000", "2014-12-31": "942.00000", "2014-09-30": "942.00000", "2014-06-30": "959.00000", "2014-03-31": "945.00000", "2013-12-31": "1023.00000", "2013-09-30": "1015.00000", "2013-06-30": "1041.00000", "2013-03-31": "1040.00000", "2012-12-31": "984.00000", "2012-09-30": "1032.00000", "2012-06-30": "1057.00000", "2012-03-31": "1068.00000", "2011-12-31": "1074.00000", "2011-09-30": "1109.00000", "2011-06-30": "1119.00000", "2011-03-31": "1119.00000", "2010-12-31": "1196.00000", "2010-09-30": "1136.00000", "2010-06-30": "1163.00000", "2010-03-31": "1099.00000", "2009-12-31": "1125.00000", "2009-09-30": "1007.00000", "2009-06-30": "1013.00000", "2009-03-31": "1004.00000", "2008-12-31": "1102.00000", "2008-09-30": "1138.00000", "2008-06-30": "1170.00000", "2008-03-31": "1124.00000", "2007-12-31": "1186.00000", "2007-09-30": "1091.00000", "2007-06-30": "1081.00000", "2007-03-31": "954.00000", "2006-12-31": "1020.00000", "2006-09-30": "985.00000", "2006-06-30": "1020.00000", "2006-03-31": "983.00000", "2005-12-31": "1044.00000", "2005-09-30": "1011.00000", "2005-06-30": "1046.00000", "2005-03-31": "1009.00000"}, "Other Operating Income Or Expenses": {"2020-12-31": "", "2020-09-30": "6.00000", "2020-06-30": "-7.00000", "2020-03-31": "-17.00000", "2019-12-31": "-4.00000", "2019-09-30": "-4.00000", "2019-06-30": "-4.00000", "2019-03-31": "", "2018-12-31": "-5.00000", "2018-09-30": "33.00000", "2018-06-30": "-58.00000", "2018-03-31": "-38.00000", "2017-12-31": "", "2017-09-30": "", "2017-06-30": "", "2017-03-31": "", "2016-12-31": "", "2016-09-30": "", "2016-06-30": "", "2016-03-31": "", "2015-12-31": "", "2015-09-30": "", "2015-06-30": "", "2015-03-31": "", "2014-12-31": "", "2014-09-30": "", "2014-06-30": "", "2014-03-31": "", "2013-12-31": "", "2013-09-30": "", "2013-06-30": "", "2013-03-31": "", "2012-12-31": "", "2012-09-30": "", "2012-06-30": "", "2012-03-31": "", "2011-12-31": "", "2011-09-30": "", "2011-06-30": "", "2011-03-31": "", "2010-12-31": "", "2010-09-30": "", "2010-06-30": "", "2010-03-31": "", "2009-12-31": "", "2009-09-30": "", "2009-06-30": "", "2009-03-31": "", "2008-12-31": "", "2008-09-30": "", "2008-06-30": "", "2008-03-31": "", "2007-12-31": "", "2007-09-30": "", "2007-06-30": "", "2007-03-31": "", "2006-12-31": "", "2006-09-30": "", "2006-06-30": "", "2006-03-31": "", "2005-12-31": "", "2005-09-30": "", "2005-06-30": "", "2005-03-31": ""}, "Operating Expenses": {"2020-12-31": "1746.00000", "2020-09-30": "1630.00000", "2020-06-30": "1410.00000", "2020-03-31": "1790.00000", "2019-12-31": "2037.00000", "2019-09-30": "1921.00000", "2019-06-30": "1987.00000", "2019-03-31": "1941.00000", "2018-12-31": "2052.00000", "2018-09-30": "2062.00000", "2018-06-30": "2292.00000", "2018-03-31": "2231.00000", "2017-12-31": "2160.00000", "2017-09-30": "2231.00000", "2017-06-30": "2252.00000", "2017-03-31": "2224.00000", "2016-12-31": "2392.00000", "2016-09-30": "2374.00000", "2016-06-30": "2491.00000", "2016-03-31": "2424.00000", "2015-12-31": "2619.00000", "2015-09-30": "4336.00000", "2015-06-30": "4212.00000", "2015-03-31": "4131.00000", "2014-12-31": "4509.00000", "2014-09-30": "4334.00000", "2014-06-30": "4458.00000", "2014-03-31": "4358.00000", "2013-12-31": "4717.00000", "2013-09-30": "4745.00000", "2013-06-30": "4884.00000", "2013-03-31": "4810.00000", "2012-12-31": "3752.00000", "2012-09-30": "4807.00000", "2012-06-30": "4835.00000", "2012-03-31": "5036.00000", "2011-12-31": "4671.00000", "2011-09-30": "5047.00000", "2011-06-30": "5031.00000", "2011-03-31": "4967.00000", "2010-12-31": "5357.00000", "2010-09-30": "4930.00000", "2010-06-30": "4949.00000", "2010-03-31": "4321.00000", "2009-12-31": "3887.00000", "2009-09-30": "3427.00000", "2009-06-30": "3448.00000", "2009-03-31": "3381.00000", "2008-12-31": "4027.00000", "2008-09-30": "4022.00000", "2008-06-30": "4147.00000", "2008-03-31": "3975.00000", "2007-12-31": "4330.00000", "2007-09-30": "3902.00000", "2007-06-30": "3817.00000", "2007-03-31": "3452.00000", "2006-12-31": "3838.00000", "2006-09-30": "3515.00000", "2006-06-30": "3594.00000", "2006-03-31": "3419.00000", "2005-12-31": "3769.00000", "2005-09-30": "3459.00000", "2005-06-30": "3624.00000", "2005-03-31": "3429.00000"}, "Operating Income": {"2020-12-31": "184.00000", "2020-09-30": "137.00000", "2020-06-30": "55.00000", "2020-03-31": "70.00000", "2019-12-31": "407.00000", "2019-09-30": "258.00000", "2019-06-30": "276.00000", "2019-03-31": "239.00000", "2018-12-31": "313.00000", "2018-09-30": "290.00000", "2018-06-30": "218.00000", "2018-03-31": "204.00000", "2017-12-31": "313.00000", "2017-09-30": "266.00000", "2017-06-30": "315.00000", "2017-03-31": "230.00000", "2016-12-31": "342.00000", "2016-09-30": "255.00000", "2016-06-30": "302.00000", "2016-03-31": "191.00000", "2015-12-31": "327.00000", "2015-09-30": "-3.00000", "2015-06-30": "378.00000", "2015-03-31": "338.00000", "2014-12-31": "524.00000", "2014-09-30": "461.00000", "2014-06-30": "483.00000", "2014-03-31": "413.00000", "2013-12-31": "490.00000", "2013-09-30": "490.00000", "2013-06-30": "507.00000", "2013-03-31": "392.00000", "2012-12-31": "523.00000", "2012-09-30": "468.00000", "2012-06-30": "533.00000", "2012-03-31": "467.00000", "2011-12-31": "567.00000", "2011-09-30": "536.00000", "2011-06-30": "583.00000", "2011-03-31": "498.00000", "2010-12-31": "619.00000", "2010-09-30": "498.00000", "2010-06-30": "559.00000", "2010-03-31": "400.00000", "2009-12-31": "332.00000", "2009-09-30": "248.00000", "2009-06-30": "283.00000", "2009-03-31": "173.00000", "2008-12-31": "343.00000", "2008-09-30": "348.00000", "2008-06-30": "386.00000", "2008-03-31": "360.00000", "2007-12-31": "552.00000", "2007-09-30": "400.00000", "2007-06-30": "391.00000", "2007-03-31": "384.00000", "2006-12-31": "541.00000", "2006-09-30": "329.00000", "2006-06-30": "383.00000", "2006-03-31": "276.00000", "2005-12-31": "481.00000", "2005-09-30": "300.00000", "2005-06-30": "297.00000", "2005-03-31": "342.00000"}, "Total Non-Operating Income/Expense": {"2020-12-31": "-81.00000", "2020-09-30": "-18.00000", "2020-06-30": "-20.00000", "2020-03-31": "-75.00000", "2019-12-31": "-71.00000", "2019-09-30": "-35.00000", "2019-06-30": "-86.00000", "2019-03-31": "-166.00000", "2018-12-31": "-223.00000", "2018-09-30": "-98.00000", "2018-06-30": "-85.00000", "2018-03-31": "-70.00000", "2017-12-31": "-132.00000", "2017-09-30": "-99.00000", "2017-06-30": "-122.00000", "2017-03-31": "-246.00000", "2016-12-31": "-163.00000", "2016-09-30": "-89.00000", "2016-06-30": "-111.00000", "2016-03-31": "-159.00000", "2015-12-31": "-40.00000", "2015-09-30": "-170.00000", "2015-06-30": "-304.00000", "2015-03-31": "-137.00000", "2014-12-31": "-176.00000", "2014-09-30": "-175.00000", "2014-06-30": "-182.00000", "2014-03-31": "-142.00000", "2013-12-31": "-164.00000", "2013-09-30": "-156.00000", "2013-06-30": "-175.00000", "2013-03-31": "-92.00000", "2012-12-31": "-213.00000", "2012-09-30": "-154.00000", "2012-06-30": "-186.00000", "2012-03-31": "-154.00000", "2011-12-31": "-150.00000", "2011-09-30": "-169.00000", "2011-06-30": "-182.00000", "2011-03-31": "-148.00000", "2010-12-31": "-442.00000", "2010-09-30": "-170.00000", "2010-06-30": "-239.00000", "2010-03-31": "-410.00000", "2009-12-31": "-138.00000", "2009-09-30": "-90.00000", "2009-06-30": "-86.00000", "2009-03-31": "-95.00000", "2008-12-31": "-414.00000", "2008-09-30": "-101.00000", "2008-06-30": "-132.00000", "2008-03-31": "-869.00000", "2007-12-31": "-52.00000", "2007-09-30": "-76.00000", "2007-06-30": "-76.00000", "2007-03-31": "-55.00000", "2006-12-31": "-297.00000", "2006-09-30": "-238.00000", "2006-06-30": "-118.00000", "2006-03-31": "-68.00000", "2005-12-31": "-134.00000", "2005-09-30": "-223.00000", "2005-06-30": "-180.00000", "2005-03-31": "-53.00000"}, "Pre-Tax Income": {"2020-12-31": "103.00000", "2020-09-30": "119.00000", "2020-06-30": "35.00000", "2020-03-31": "-5.00000", "2019-12-31": "336.00000", "2019-09-30": "223.00000", "2019-06-30": "190.00000", "2019-03-31": "73.00000", "2018-12-31": "90.00000", "2018-09-30": "192.00000", "2018-06-30": "133.00000", "2018-03-31": "134.00000", "2017-12-31": "181.00000", "2017-09-30": "167.00000", "2017-06-30": "193.00000", "2017-03-31": "-16.00000", "2016-12-31": "179.00000", "2016-09-30": "166.00000", "2016-06-30": "191.00000", "2016-03-31": "32.00000", "2015-12-31": "287.00000", "2015-09-30": "-173.00000", "2015-06-30": "74.00000", "2015-03-31": "201.00000", "2014-12-31": "348.00000", "2014-09-30": "286.00000", "2014-06-30": "301.00000", "2014-03-31": "271.00000", "2013-12-31": "326.00000", "2013-09-30": "334.00000", "2013-06-30": "332.00000", "2013-03-31": "300.00000", "2012-12-31": "310.00000", "2012-09-30": "314.00000", "2012-06-30": "347.00000", "2012-03-31": "313.00000", "2011-12-31": "417.00000", "2011-09-30": "367.00000", "2011-06-30": "401.00000", "2011-03-31": "350.00000", "2010-12-31": "177.00000", "2010-09-30": "328.00000", "2010-06-30": "320.00000", "2010-03-31": "-10.00000", "2009-12-31": "194.00000", "2009-09-30": "158.00000", "2009-06-30": "197.00000", "2009-03-31": "78.00000", "2008-12-31": "-71.00000", "2008-09-30": "247.00000", "2008-06-30": "254.00000", "2008-03-31": "-509.00000", "2007-12-31": "500.00000", "2007-09-30": "324.00000", "2007-06-30": "315.00000", "2007-03-31": "329.00000", "2006-12-31": "244.00000", "2006-09-30": "91.00000", "2006-06-30": "265.00000", "2006-03-31": "208.00000", "2005-12-31": "347.00000", "2005-09-30": "77.00000", "2005-06-30": "117.00000", "2005-03-31": "289.00000"}, "Income Taxes": {"2020-12-31": "28.00000", "2020-09-30": "29.00000", "2020-06-30": "8.00000", "2020-03-31": "-1.00000", "2019-12-31": "73.00000", "2019-09-30": "66.00000", "2019-06-30": "50.00000", "2019-03-31": "-10.00000", "2018-12-31": "27.00000", "2018-09-30": "142.00000", "2018-06-30": "38.00000", "2018-03-31": "40.00000", "2017-12-31": "431.00000", "2017-09-30": "18.00000", "2017-06-30": "43.00000", "2017-03-31": "-24.00000", "2016-12-31": "18.00000", "2016-09-30": "28.00000", "2016-06-30": "18.00000", "2016-03-31": "-2.00000", "2015-12-31": "58.00000", "2015-09-30": "-105.00000", "2015-06-30": "-9.00000", "2015-03-31": "39.00000", "2014-12-31": "78.00000", "2014-09-30": "66.00000", "2014-06-30": "73.00000", "2014-03-31": "42.00000", "2013-12-31": "67.00000", "2013-09-30": "85.00000", "2013-06-30": "68.00000", "2013-03-31": "50.00000", "2012-12-31": "53.00000", "2012-09-30": "62.00000", "2012-06-30": "64.00000", "2012-03-31": "77.00000", "2011-12-31": "93.00000", "2011-09-30": "81.00000", "2011-06-30": "108.00000", "2011-03-31": "95.00000", "2010-12-31": "24.00000", "2010-09-30": "98.00000", "2010-06-30": "112.00000", "2010-03-31": "22.00000", "2009-12-31": "30.00000", "2009-09-30": "44.00000", "2009-06-30": "59.00000", "2009-03-31": "19.00000", "2008-12-31": "-59.00000", "2008-09-30": "15.00000", "2008-06-30": "59.00000", "2008-03-31": "-246.00000", "2007-12-31": "125.00000", "2007-09-30": "97.00000", "2007-06-30": "76.00000", "2007-03-31": "102.00000", "2006-12-31": "59.00000", "2006-09-30": "-416.00000", "2006-06-30": "22.00000", "2006-03-31": "47.00000", "2005-12-31": "83.00000", "2005-09-30": "29.00000", "2005-06-30": "-233.00000", "2005-03-31": "116.00000"}, "Income After Taxes": {"2020-12-31": "75.00000", "2020-09-30": "90.00000", "2020-06-30": "27.00000", "2020-03-31": "-4.00000", "2019-12-31": "263.00000", "2019-09-30": "157.00000", "2019-06-30": "140.00000", "2019-03-31": "83.00000", "2018-12-31": "63.00000", "2018-09-30": "50.00000", "2018-06-30": "95.00000", "2018-03-31": "94.00000", "2017-12-31": "-250.00000", "2017-09-30": "149.00000", "2017-06-30": "150.00000", "2017-03-31": "8.00000", "2016-12-31": "161.00000", "2016-09-30": "138.00000", "2016-06-30": "173.00000", "2016-03-31": "34.00000", "2015-12-31": "229.00000", "2015-09-30": "-68.00000", "2015-06-30": "83.00000", "2015-03-31": "162.00000", "2014-12-31": "270.00000", "2014-09-30": "220.00000", "2014-06-30": "228.00000", "2014-03-31": "229.00000", "2013-12-31": "259.00000", "2013-09-30": "249.00000", "2013-06-30": "264.00000", "2013-03-31": "250.00000", "2012-12-31": "257.00000", "2012-09-30": "252.00000", "2012-06-30": "283.00000", "2012-03-31": "236.00000", "2011-12-31": "324.00000", "2011-09-30": "286.00000", "2011-06-30": "293.00000", "2011-03-31": "255.00000", "2010-12-31": "153.00000", "2010-09-30": "230.00000", "2010-06-30": "208.00000", "2010-03-31": "-32.00000", "2009-12-31": "164.00000", "2009-09-30": "114.00000", "2009-06-30": "138.00000", "2009-03-31": "59.00000", "2008-12-31": "-12.00000", "2008-09-30": "232.00000", "2008-06-30": "195.00000", "2008-03-31": "-263.00000", "2007-12-31": "375.00000", "2007-09-30": "227.00000", "2007-06-30": "239.00000", "2007-03-31": "227.00000", "2006-12-31": "185.00000", "2006-09-30": "507.00000", "2006-06-30": "243.00000", "2006-03-31": "161.00000", "2005-12-31": "264.00000", "2005-09-30": "48.00000", "2005-06-30": "350.00000", "2005-03-31": "173.00000"}, "Other Income": {"2020-12-31": "", "2020-09-30": "", "2020-06-30": "", "2020-03-31": "", "2019-12-31": "", "2019-09-30": "", "2019-06-30": "", "2019-03-31": "", "2018-12-31": "", "2018-09-30": "", "2018-06-30": "", "2018-03-31": "", "2017-12-31": "", "2017-09-30": "", "2017-06-30": "", "2017-03-31": "", "2016-12-31": "", "2016-09-30": "", "2016-06-30": "", "2016-03-31": "", "2015-12-31": "", "2015-09-30": "", "2015-06-30": "", "2015-03-31": "", "2014-12-31": "", "2014-09-30": "", "2014-06-30": "", "2014-03-31": "", "2013-12-31": "", "2013-09-30": "", "2013-06-30": "", "2013-03-31": "", "2012-12-31": "", "2012-09-30": "", "2012-06-30": "", "2012-03-31": "", "2011-12-31": "", "2011-09-30": "", "2011-06-30": "", "2011-03-31": "", "2010-12-31": "", "2010-09-30": "", "2010-06-30": "", "2010-03-31": "0.00000", "2009-12-31": "", "2009-09-30": "0.00000", "2009-06-30": "0.00000", "2009-03-31": "0.00000", "2008-12-31": "", "2008-09-30": "0.00000", "2008-06-30": "0.00000", "2008-03-31": "0.00000", "2007-12-31": "", "2007-09-30": "0.00000", "2007-06-30": "0.00000", "2007-03-31": "0.00000", "2006-12-31": "", "2006-09-30": "0.00000", "2006-06-30": "0.00000", "2006-03-31": "0.00000", "2005-12-31": "", "2005-09-30": "0.00000", "2005-06-30": "0.00000", "2005-03-31": "0.00000"}, "Income From Continuous Operations": {"2020-12-31": "77.00000", "2020-09-30": "90.00000", "2020-06-30": "27.00000", "2020-03-31": "-2.00000", "2019-12-31": "266.00000", "2019-09-30": "158.00000", "2019-06-30": "142.00000", "2019-03-31": "85.00000", "2018-12-31": "77.00000", "2018-09-30": "93.00000", "2018-06-30": "114.00000", "2018-03-31": "26.00000", "2017-12-31": "-327.00000", "2017-09-30": "179.00000", "2017-06-30": "170.00000", "2017-03-31": "48.00000", "2016-12-31": "184.00000", "2016-09-30": "178.00000", "2016-06-30": "199.00000", "2016-03-31": "71.00000", "2015-12-31": "261.00000", "2015-09-30": "-28.00000", "2015-06-30": "112.00000", "2015-03-31": "196.00000", "2014-12-31": "311.00000", "2014-09-30": "264.00000", "2014-06-30": "261.00000", "2014-03-31": "271.00000", "2013-12-31": "302.00000", "2013-09-30": "292.00000", "2013-06-30": "300.00000", "2013-03-31": "297.00000", "2012-12-31": "304.00000", "2012-09-30": "286.00000", "2012-06-30": "314.00000", "2012-03-31": "276.00000", "2011-12-31": "362.00000", "2011-09-30": "329.00000", "2011-06-30": "327.00000", "2011-03-31": "289.00000", "2010-12-31": "179.00000", "2010-09-30": "256.00000", "2010-06-30": "236.00000", "2010-03-31": "-34.00000", "2009-12-31": "191.00000", "2009-09-30": "129.00000", "2009-06-30": "147.00000", "2009-03-31": "49.00000", "2008-12-31": "9.00000", "2008-09-30": "267.00000", "2008-06-30": "224.00000", "2008-03-31": "-235.00000", "2007-12-31": "412.00000", "2007-09-30": "254.00000", "2007-06-30": "266.00000", "2007-03-31": "233.00000", "2006-12-31": "214.00000", "2006-09-30": "536.00000", "2006-06-30": "260.00000", "2006-03-31": "200.00000", "2005-12-31": "282.00000", "2005-09-30": "71.00000", "2005-06-30": "370.00000", "2005-03-31": "210.00000"}, "Income From Discontinued Operations": {"2020-12-31": "", "2020-09-30": "", "2020-06-30": "", "2020-03-31": "", "2019-12-31": "553.00000", "2019-09-30": "64.00000", "2019-06-30": "42.00000", "2019-03-31": "51.00000", "2018-12-31": "", "2018-09-30": "", "2018-06-30": "", "2018-03-31": "", "2017-12-31": "140.00000", "2017-09-30": "3.00000", "2017-06-30": "", "2017-03-31": "-6.00000", "2016-12-31": "-1028.00000", "2016-09-30": "8.00000", "2016-06-30": "-38.00000", "2016-03-31": "-35.00000", "2015-12-31": "-310.00000", "2015-09-30": "-3.00000", "2015-06-30": "-95.00000", "2015-03-31": "34.00000", "2014-12-31": "-149.00000", "2014-09-30": "8.00000", "2014-06-30": "11.00000", "2014-03-31": "15.00000", "2013-12-31": "9.00000", "2013-09-30": "-1.00000", "2013-06-30": "-23.00000", "2013-03-31": "3.00000", "2012-12-31": "39.00000", "2012-09-30": "2.00000", "2012-06-30": "2.00000", "2012-03-31": "", "2011-12-31": "", "2011-09-30": "", "2011-06-30": "", "2011-03-31": "", "2010-12-31": "", "2010-09-30": "", "2010-06-30": "", "2010-03-31": "", "2009-12-31": "", "2009-09-30": "", "2009-06-30": "", "2009-03-31": "", "2008-12-31": "", "2008-09-30": "", "2008-06-30": "", "2008-03-31": "", "2007-12-31": "", "2007-09-30": "", "2007-06-30": "", "2007-03-31": "", "2006-12-31": "", "2006-09-30": "", "2006-06-30": "", "2006-03-31": "", "2005-12-31": "", "2005-09-30": "", "2005-06-30": "53.00000", "2005-03-31": ""}, "Net Income": {"2020-12-31": "77.00000", "2020-09-30": "86.00000", "2020-06-30": "24.00000", "2020-03-31": "-2.00000", "2019-12-31": "825.00000", "2019-09-30": "217.00000", "2019-06-30": "178.00000", "2019-03-31": "133.00000", "2018-12-31": "140.00000", "2018-09-30": "89.00000", "2018-06-30": "109.00000", "2018-03-31": "23.00000", "2017-12-31": "-190.00000", "2017-09-30": "179.00000", "2017-06-30": "166.00000", "2017-03-31": "40.00000", "2016-12-31": "175.00000", "2016-09-30": "183.00000", "2016-06-30": "158.00000", "2016-03-31": "34.00000", "2015-12-31": "250.00000", "2015-09-30": "-40.00000", "2015-06-30": "12.00000", "2015-03-31": "225.00000", "2014-12-31": "156.00000", "2014-09-30": "266.00000", "2014-06-30": "266.00000", "2014-03-31": "281.00000", "2013-12-31": "306.00000", "2013-09-30": "286.00000", "2013-06-30": "271.00000", "2013-03-31": "296.00000", "2012-12-31": "335.00000", "2012-09-30": "282.00000", "2012-06-30": "309.00000", "2012-03-31": "269.00000", "2011-12-31": "357.00000", "2011-09-30": "320.00000", "2011-06-30": "313.00000", "2011-03-31": "281.00000", "2010-12-31": "159.00000", "2010-09-30": "244.00000", "2010-06-30": "227.00000", "2010-03-31": "-45.00000", "2009-12-31": "180.00000", "2009-09-30": "123.00000", "2009-06-30": "140.00000", "2009-03-31": "42.00000", "2008-12-31": "1.00000", "2008-09-30": "258.00000", "2008-06-30": "215.00000", "2008-03-31": "-244.00000", "2007-12-31": "382.00000", "2007-09-30": "254.00000", "2007-06-30": "266.00000", "2007-03-31": "233.00000", "2006-12-31": "214.00000", "2006-09-30": "536.00000", "2006-06-30": "260.00000", "2006-03-31": "200.00000", "2005-12-31": "325.00000", "2005-09-30": "49.00000", "2005-06-30": "408.00000", "2005-03-31": "196.00000"}, "EBITDA": {"2020-12-31": "", "2020-09-30": "321.00000", "2020-06-30": "49.00000", "2020-03-31": "164.00000", "2019-12-31": "505.00000", "2019-09-30": "480.00000", "2019-06-30": "268.00000", "2019-03-31": "357.00000", "2018-12-31": "441.00000", "2018-09-30": "412.00000", "2018-06-30": "356.00000", "2018-03-31": "342.00000", "2017-12-31": "441.00000", "2017-09-30": "397.00000", "2017-06-30": "450.00000", "2017-03-31": "363.00000", "2016-12-31": "479.00000", "2016-09-30": "395.00000", "2016-06-30": "446.00000", "2016-03-31": "333.00000", "2015-12-31": "7.00000", "2015-09-30": "314.00000", "2015-06-30": "675.00000", "2015-03-31": "634.00000", "2014-12-31": "93.00000", "2014-09-30": "810.00000", "2014-06-30": "859.00000", "2014-03-31": "758.00000", "2013-12-31": "836.00000", "2013-09-30": "830.00000", "2013-06-30": "850.00000", "2013-03-31": "721.00000", "2012-12-31": "859.00000", "2012-09-30": "807.00000", "2012-06-30": "846.00000", "2012-03-31": "780.00000", "2011-12-31": "928.00000", "2011-09-30": "837.00000", "2011-06-30": "881.00000", "2011-03-31": "789.00000", "2010-12-31": "912.00000", "2010-09-30": "782.00000", "2010-06-30": "838.00000", "2010-03-31": "641.00000", "2009-12-31": "517.00000", "2009-09-30": "424.00000", "2009-06-30": "451.00000", "2009-03-31": "342.00000", "2008-12-31": "514.00000", "2008-09-30": "523.00000", "2008-06-30": "564.00000", "2008-03-31": "505.00000", "2007-12-31": "723.00000", "2007-09-30": "571.00000", "2007-06-30": "553.00000", "2007-03-31": "536.00000", "2006-12-31": "696.00000", "2006-09-30": "492.00000", "2006-06-30": "546.00000", "2006-03-31": "431.00000", "2005-12-31": "639.00000", "2005-09-30": "457.00000", "2005-06-30": "464.00000", "2005-03-31": "501.00000"}, "EBIT": {"2020-12-31": "184.00000", "2020-09-30": "137.00000", "2020-06-30": "55.00000", "2020-03-31": "70.00000", "2019-12-31": "407.00000", "2019-09-30": "258.00000", "2019-06-30": "276.00000", "2019-03-31": "239.00000", "2018-12-31": "313.00000", "2018-09-30": "290.00000", "2018-06-30": "218.00000", "2018-03-31": "204.00000", "2017-12-31": "313.00000", "2017-09-30": "266.00000", "2017-06-30": "315.00000", "2017-03-31": "230.00000", "2016-12-31": "342.00000", "2016-09-30": "255.00000", "2016-06-30": "302.00000", "2016-03-31": "191.00000", "2015-12-31": "327.00000", "2015-09-30": "-3.00000", "2015-06-30": "378.00000", "2015-03-31": "338.00000", "2014-12-31": "524.00000", "2014-09-30": "461.00000", "2014-06-30": "483.00000", "2014-03-31": "413.00000", "2013-12-31": "490.00000", "2013-09-30": "490.00000", "2013-06-30": "507.00000", "2013-03-31": "392.00000", "2012-12-31": "523.00000", "2012-09-30": "468.00000", "2012-06-30": "533.00000", "2012-03-31": "467.00000", "2011-12-31": "567.00000", "2011-09-30": "536.00000", "2011-06-30": "583.00000", "2011-03-31": "498.00000", "2010-12-31": "619.00000", "2010-09-30": "498.00000", "2010-06-30": "559.00000", "2010-03-31": "400.00000", "2009-12-31": "332.00000", "2009-09-30": "248.00000", "2009-06-30": "283.00000", "2009-03-31": "173.00000", "2008-12-31": "343.00000", "2008-09-30": "348.00000", "2008-06-30": "386.00000", "2008-03-31": "360.00000", "2007-12-31": "552.00000", "2007-09-30": "400.00000", "2007-06-30": "391.00000", "2007-03-31": "384.00000", "2006-12-31": "541.00000", "2006-09-30": "329.00000", "2006-06-30": "383.00000", "2006-03-31": "276.00000", "2005-12-31": "481.00000", "2005-09-30": "300.00000", "2005-06-30": "297.00000", "2005-03-31": "342.00000"}, "Basic Shares Outstanding": {"2020-12-31": "200.27800", "2020-09-30": "211.16900", "2020-06-30": "212.94900", "2020-03-31": "212.75000", "2019-12-31": "221.96900", "2019-09-30": "220.26900", "2019-06-30": "223.60600", "2019-03-31": "228.56700", "2018-12-31": "248.70700", "2018-09-30": "251.29000", "2018-06-30": "254.89500", "2018-03-31": "254.66000", "2017-12-31": "254.34100", "2017-09-30": "254.51000", "2017-06-30": "254.19300", "2017-03-31": "254.03800", "2016-12-31": "253.53830", "2016-09-30": "253.43000", "2016-06-30": "253.32100", "2016-03-31": "253.25830", "2015-12-31": "253.19700", "2015-09-30": "261.28270", "2015-06-30": "271.93000", "2015-03-31": "277.49980", "2014-12-31": "282.12550", "2014-09-30": "287.27830", "2014-06-30": "290.21050", "2014-03-31": "294.70700", "2013-12-31": "303.41750", "2013-09-30": "309.12120", "2013-06-30": "307.59520", "2013-03-31": "306.31770", "2012-12-31": "325.51320", "2012-09-30": "323.37820", "2012-06-30": "333.48550", "2012-03-31": "334.34920", "2011-12-31": "347.02400", "2011-09-30": "349.04400", "2011-06-30": "350.55150", "2011-03-31": "350.01930", "2010-12-31": "330.85780", "2010-09-30": "346.77750", "2010-06-30": "345.82070", "2010-03-31": "293.93300", "2009-12-31": "217.49480", "2009-09-30": "217.82600", "2009-06-30": "217.54030", "2009-03-31": "216.73600", "2008-12-31": "221.36780", "2008-09-30": "217.71220", "2008-06-30": "222.44780", "2008-03-31": "227.71550", "2007-12-31": "233.72580", "2007-09-30": "233.05420", "2007-06-30": "234.72900", "2007-03-31": "236.24020", "2006-12-31": "235.96300", "2006-09-30": "243.68420", "2006-06-30": "228.37570", "2006-03-31": "231.80920", "2005-12-31": "239.28720", "2005-09-30": "240.38820", "2005-06-30": "240.11250", "2005-03-31": "239.70430"}, "Shares Outstanding": {"2020-12-31": "200.27800", "2020-09-30": "212.70700", "2020-06-30": "212.94900", "2020-03-31": "212.75000", "2019-12-31": "221.96900", "2019-09-30": "231.06700", "2019-06-30": "223.60600", "2019-03-31": "228.56700", "2018-12-31": "248.70700", "2018-09-30": "251.29000", "2018-06-30": "254.89500", "2018-03-31": "254.66000", "2017-12-31": "254.34100", "2017-09-30": "263.38500", "2017-06-30": "263.21000", "2017-03-31": "254.03800", "2016-12-31": "253.53830", "2016-09-30": "253.43000", "2016-06-30": "253.32100", "2016-03-31": "253.25830", "2015-12-31": "253.19700", "2015-09-30": "261.28270", "2015-06-30": "276.31730", "2015-03-31": "277.49980", "2014-12-31": "282.12550", "2014-09-30": "287.27830", "2014-06-30": "290.21050", "2014-03-31": "294.70700", "2013-12-31": "303.41750", "2013-09-30": "309.12120", "2013-06-30": "307.59520", "2013-03-31": "306.31770", "2012-12-31": "325.51320", "2012-09-30": "323.37820", "2012-06-30": "333.48550", "2012-03-31": "334.34920", "2011-12-31": "347.02400", "2011-09-30": "349.04400", "2011-06-30": "350.55150", "2011-03-31": "350.01930", "2010-12-31": "330.85780", "2010-09-30": "346.77750", "2010-06-30": "345.82070", "2010-03-31": "293.93300", "2009-12-31": "217.49480", "2009-09-30": "217.82600", "2009-06-30": "217.54030", "2009-03-31": "216.73600", "2008-12-31": "221.36780", "2008-09-30": "217.71220", "2008-06-30": "222.44780", "2008-03-31": "227.71550", "2007-12-31": "233.72580", "2007-09-30": "233.05420", "2007-06-30": "234.72900", "2007-03-31": "236.24020", "2006-12-31": "235.96300", "2006-09-30": "243.68420", "2006-06-30": "228.37570", "2006-03-31": "231.80920", "2005-12-31": "239.28720", "2005-09-30": "240.38820", "2005-06-30": "240.11250", "2005-03-31": "239.70430"}, "Basic EPS": {"2020-12-31": "0.37000", "2020-09-30": "0.41000", "2020-06-30": "0.11000", "2020-03-31": "-0.03000", "2019-12-31": "3.68000", "2019-09-30": "0.99000", "2019-06-30": "0.79000", "2019-03-31": "0.57000", "2018-12-31": "0.56000", "2018-09-30": "0.34000", "2018-06-30": "0.42000", "2018-03-31": "0.08000", "2017-12-31": "-0.76000", "2017-09-30": "0.69000", "2017-06-30": "0.64000", "2017-03-31": "0.14000", "2016-12-31": "0.68000", "2016-09-30": "0.69000", "2016-06-30": "0.60000", "2016-03-31": "0.12000", "2015-12-31": "1.00000", "2015-09-30": "-0.16000", "2015-06-30": "0.04000", "2015-03-31": "0.80000", "2014-12-31": "0.52000", "2014-09-30": "0.92000", "2014-06-30": "0.88000", "2014-03-31": "0.92000", "2013-12-31": "1.00000", "2013-09-30": "0.92000", "2013-06-30": "0.88000", "2013-03-31": "0.92000", "2012-12-31": "1.04000", "2012-09-30": "0.84000", "2012-06-30": "0.92000", "2012-03-31": "0.80000", "2011-12-31": "1.08000", "2011-09-30": "0.92000", "2011-06-30": "0.88000", "2011-03-31": "0.80000", "2010-12-31": "0.56000", "2010-09-30": "0.72000", "2010-06-30": "0.64000", "2010-03-31": "-0.16000", "2009-12-31": "0.84000", "2009-09-30": "0.56000", "2009-06-30": "0.64000", "2009-03-31": "0.20000", "2008-12-31": "-0.04000", "2008-09-30": "1.20000", "2008-06-30": "0.96000", "2008-03-31": "-1.08000", "2007-12-31": "1.64000", "2007-09-30": "1.08000", "2007-06-30": "1.12000", "2007-03-31": "1.00000", "2006-12-31": "0.92000", "2006-09-30": "2.20000", "2006-06-30": "1.08000", "2006-03-31": "0.80000", "2005-12-31": "1.12000", "2005-09-30": "0.20000", "2005-06-30": "1.72000", "2005-03-31": "0.80000"}, "EPS - Earnings Per Share": {"2020-12-31": "0.36000", "2020-09-30": "0.41000", "2020-06-30": "0.11000", "2020-03-31": "-0.03000", "2019-12-31": "3.52000", "2019-09-30": "0.96000", "2019-06-30": "0.77000", "2019-03-31": "0.55000", "2018-12-31": "0.54000", "2018-09-30": "0.34000", "2018-06-30": "0.42000", "2018-03-31": "0.08000", "2017-12-31": "-0.74000", "2017-09-30": "0.68000", "2017-06-30": "0.63000", "2017-03-31": "0.14000", "2016-12-31": "0.68000", "2016-09-30": "0.69000", "2016-06-30": "0.60000", "2016-03-31": "0.12000", "2015-12-31": "0.96000", "2015-09-30": "-0.16000", "2015-06-30": "0.04000", "2015-03-31": "0.76000", "2014-12-31": "0.52000", "2014-09-30": "0.88000", "2014-06-30": "0.88000", "2014-03-31": "0.92000", "2013-12-31": "0.96000", "2013-09-30": "0.88000", "2013-06-30": "0.84000", "2013-03-31": "0.92000", "2012-12-31": "1.04000", "2012-09-30": "0.84000", "2012-06-30": "0.88000", "2012-03-31": "0.76000", "2011-12-31": "1.08000", "2011-09-30": "0.88000", "2011-06-30": "0.88000", "2011-03-31": "0.76000", "2010-12-31": "0.56000", "2010-09-30": "0.68000", "2010-06-30": "0.64000", "2010-03-31": "-0.16000", "2009-12-31": "0.80000", "2009-09-30": "0.56000", "2009-06-30": "0.64000", "2009-03-31": "0.20000", "2008-12-31": "0.00000", "2008-09-30": "1.16000", "2008-06-30": "0.96000", "2008-03-31": "-1.08000", "2007-12-31": "1.60000", "2007-09-30": "1.08000", "2007-06-30": "1.12000", "2007-03-31": "0.96000", "2006-12-31": "0.88000", "2006-09-30": "2.16000", "2006-06-30": "1.04000", "2006-03-31": "0.80000", "2005-12-31": "1.16000", "2005-09-30": "0.20000", "2005-06-30": "1.60000", "2005-03-31": "0.80000"}}, "balance sheet": {"Cash On Hand": {"2020-12-31": "2625.00000", "2019-12-31": "2740.00000", "2018-12-31": "1081.00000", "2017-12-31": "1293.00000", "2016-12-31": "2223.00000", "2015-12-31": "1228.00000", "2014-12-31": "1411.00000", "2013-12-31": "1764.00000", "2012-12-31": "1246.00000", "2011-12-31": "902.00000", "2010-12-31": "1211.00000", "2009-12-31": "3799.00000", "2008-12-31": "1229.00000", "2007-12-31": "1099.00000", "2006-12-31": "1536.00000", "2005-12-31": "1566.00000"}, "Receivables": {"2020-12-31": "2064.00000", "2019-12-31": "2505.00000", "2018-12-31": "2593.00000", "2017-12-31": "2786.00000", "2016-12-31": "2307.00000", "2015-12-31": "2480.00000", "2014-12-31": "4187.00000", "2013-12-31": "4542.00000", "2012-12-31": "4854.00000", "2011-12-31": "4931.00000", "2010-12-31": "5311.00000", "2009-12-31": "4324.00000", "2008-12-31": "4899.00000", "2007-12-31": "5454.00000", "2006-12-31": "5121.00000", "2005-12-31": "4937.00000"}, "Inventory": {"2020-12-31": "843.00000", "2019-12-31": "694.00000", "2018-12-31": "829.00000", "2017-12-31": "915.00000", "2016-12-31": "841.00000", "2015-12-31": "901.00000", "2014-12-31": "934.00000", "2013-12-31": "998.00000", "2012-12-31": "1011.00000", "2011-12-31": "1021.00000", "2010-12-31": "991.00000", "2009-12-31": "900.00000", "2008-12-31": "1232.00000", "2007-12-31": "1305.00000", "2006-12-31": "1163.00000", "2005-12-31": "1201.00000"}, "Pre-Paid Expenses": {"2020-12-31": "", "2019-12-31": "", "2018-12-31": "", "2017-12-31": "", "2016-12-31": "", "2015-12-31": "", "2014-12-31": "", "2013-12-31": "", "2012-12-31": "", "2011-12-31": "", "2010-12-31": "", "2009-12-31": "", "2008-12-31": "", "2007-12-31": "", "2006-12-31": "", "2005-12-31": ""}, "Other Current Assets": {"2020-12-31": "251.00000", "2019-12-31": "201.00000", "2018-12-31": "191.00000", "2017-12-31": "236.00000", "2016-12-31": "619.00000", "2015-12-31": "458.00000", "2014-12-31": "1082.00000", "2013-12-31": "1207.00000", "2012-12-31": "1162.00000", "2011-12-31": "1058.00000", "2010-12-31": "1126.00000", "2009-12-31": "708.00000", "2008-12-31": "790.00000", "2007-12-31": "682.00000", "2006-12-31": "934.00000", "2005-12-31": "1032.00000"}, "Total Current Assets": {"2020-12-31": "5783.00000", "2019-12-31": "6140.00000", "2018-12-31": "4713.00000", "2017-12-31": "5230.00000", "2016-12-31": "6992.00000", "2015-12-31": "6685.00000", "2014-12-31": "8874.00000", "2013-12-31": "8511.00000", "2012-12-31": "8273.00000", "2011-12-31": "7912.00000", "2010-12-31": "8639.00000", "2009-12-31": "9731.00000", "2008-12-31": "8150.00000", "2007-12-31": "8540.00000", "2006-12-31": "8754.00000", "2005-12-31": "8736.00000"}, "Property, Plant, And Equipment": {"2020-12-31": "407.00000", "2019-12-31": "426.00000", "2018-12-31": "498.00000", "2017-12-31": "629.00000", "2016-12-31": "660.00000", "2015-12-31": "717.00000", "2014-12-31": "1123.00000", "2013-12-31": "1466.00000", "2012-12-31": "1556.00000", "2011-12-31": "1612.00000", "2010-12-31": "1671.00000", "2009-12-31": "1309.00000", "2008-12-31": "1419.00000", "2007-12-31": "1587.00000", "2006-12-31": "1527.00000", "2005-12-31": "1627.00000"}, "Long-Term Investments": {"2020-12-31": "", "2019-12-31": "", "2018-12-31": "", "2017-12-31": "1404.00000", "2016-12-31": "1294.00000", "2015-12-31": "1382.00000", "2014-12-31": "1338.00000", "2013-12-31": "1285.00000", "2012-12-31": "1381.00000", "2011-12-31": "1395.00000", "2010-12-31": "1291.00000", "2009-12-31": "1056.00000", "2008-12-31": "1080.00000", "2007-12-31": "932.00000", "2006-12-31": "874.00000", "2005-12-31": "782.00000"}, "Goodwill And Intangible Assets": {"2020-12-31": "4308.00000", "2019-12-31": "4099.00000", "2018-12-31": "4078.00000", "2017-12-31": "4198.00000", "2016-12-31": "4077.00000", "2015-12-31": "4291.00000", "2014-12-31": "10836.00000", "2013-12-31": "11708.00000", "2012-12-31": "11845.00000", "2011-12-31": "11845.00000", "2010-12-31": "12020.00000", "2009-12-31": "4020.00000", "2008-12-31": "3792.00000", "2007-12-31": "4069.00000", "2006-12-31": "2310.00000", "2005-12-31": "1960.00000"}, "Other Long-Term Assets": {"2020-12-31": "1751.00000", "2019-12-31": "1702.00000", "2018-12-31": "1344.00000", "2017-12-31": "1136.00000", "2016-12-31": "1158.00000", "2015-12-31": "2705.00000", "2014-12-31": "2768.00000", "2013-12-31": "3149.00000", "2012-12-31": "2872.00000", "2011-12-31": "2649.00000", "2010-12-31": "2304.00000", "2009-12-31": "1871.00000", "2008-12-31": "1751.00000", "2007-12-31": "2015.00000", "2006-12-31": "1532.00000", "2005-12-31": "2352.00000"}, "Total Long-Term Assets": {"2020-12-31": "8958.00000", "2019-12-31": "8907.00000", "2018-12-31": "10161.00000", "2017-12-31": "10716.00000", "2016-12-31": "11059.00000", "2015-12-31": "18856.00000", "2014-12-31": "18784.00000", "2013-12-31": "20525.00000", "2012-12-31": "21742.00000", "2011-12-31": "22204.00000", "2010-12-31": "21961.00000", "2009-12-31": "14301.00000", "2008-12-31": "14297.00000", "2007-12-31": "15003.00000", "2006-12-31": "12955.00000", "2005-12-31": "13217.00000"}, "Total Assets": {"2020-12-31": "14741.00000", "2019-12-31": "15047.00000", "2018-12-31": "14874.00000", "2017-12-31": "15946.00000", "2016-12-31": "18051.00000", "2015-12-31": "25541.00000", "2014-12-31": "27658.00000", "2013-12-31": "29036.00000", "2012-12-31": "30015.00000", "2011-12-31": "30116.00000", "2010-12-31": "30600.00000", "2009-12-31": "24032.00000", "2008-12-31": "22447.00000", "2007-12-31": "23543.00000", "2006-12-31": "21709.00000", "2005-12-31": "21953.00000"}, "Total Current Liabilities": {"2020-12-31": "2478.00000", "2019-12-31": "3435.00000", "2018-12-31": "3251.00000", "2017-12-31": "2741.00000", "2016-12-31": "4654.00000", "2015-12-31": "5254.00000", "2014-12-31": "6076.00000", "2013-12-31": "5686.00000", "2012-12-31": "5910.00000", "2011-12-31": "6381.00000", "2010-12-31": "6417.00000", "2009-12-31": "4461.00000", "2008-12-31": "5450.00000", "2007-12-31": "4077.00000", "2006-12-31": "4698.00000", "2005-12-31": "4346.00000"}, "Long Term Debt": {"2020-12-31": "4050.00000", "2019-12-31": "3233.00000", "2018-12-31": "4269.00000", "2017-12-31": "5235.00000", "2016-12-31": "5305.00000", "2015-12-31": "6317.00000", "2014-12-31": "6314.00000", "2013-12-31": "6904.00000", "2012-12-31": "7447.00000", "2011-12-31": "7088.00000", "2010-12-31": "7237.00000", "2009-12-31": "8276.00000", "2008-12-31": "6774.00000", "2007-12-31": "6939.00000", "2006-12-31": "5660.00000", "2005-12-31": "6139.00000"}, "Other Non-Current Liabilities": {"2020-12-31": "497.00000", "2019-12-31": "512.00000", "2018-12-31": "269.00000", "2017-12-31": "206.00000", "2016-12-31": "193.00000", "2015-12-31": "238.00000", "2014-12-31": "454.00000", "2013-12-31": "757.00000", "2012-12-31": "778.00000", "2011-12-31": "861.00000", "2010-12-31": "797.00000", "2009-12-31": "572.00000", "2008-12-31": "574.00000", "2007-12-31": "796.00000", "2006-12-31": "821.00000", "2005-12-31": "1295.00000"}, "Total Long Term Liabilities": {"2020-12-31": "6453.00000", "2019-12-31": "5804.00000", "2018-12-31": "6370.00000", "2017-12-31": "7698.00000", "2016-12-31": "8436.00000", "2015-12-31": "10821.00000", "2014-12-31": "10480.00000", "2013-12-31": "10582.00000", "2012-12-31": "12092.00000", "2011-12-31": "11361.00000", "2010-12-31": "11675.00000", "2009-12-31": "12380.00000", "2008-12-31": "10639.00000", "2007-12-31": "10878.00000", "2006-12-31": "9931.00000", "2005-12-31": "10399.00000"}, "Total Liabilities": {"2020-12-31": "8931.00000", "2019-12-31": "9239.00000", "2018-12-31": "9621.00000", "2017-12-31": "10439.00000", "2016-12-31": "13090.00000", "2015-12-31": "16075.00000", "2014-12-31": "16556.00000", "2013-12-31": "16268.00000", "2012-12-31": "18002.00000", "2011-12-31": "17742.00000", "2010-12-31": "18092.00000", "2009-12-31": "16841.00000", "2008-12-31": "16089.00000", "2007-12-31": "14955.00000", "2006-12-31": "14629.00000", "2005-12-31": "14745.00000"}, "Common Stock Net": {"2020-12-31": "198.00000", "2019-12-31": "215.00000", "2018-12-31": "232.00000", "2017-12-31": "255.00000", "2016-12-31": "254.00000", "2015-12-31": "1013.00000", "2014-12-31": "1124.00000", "2013-12-31": "1210.00000", "2012-12-31": "1239.00000", "2011-12-31": "1353.00000", "2010-12-31": "1398.00000", "2009-12-31": "871.00000", "2008-12-31": "866.00000", "2007-12-31": "4096.00000", "2006-12-31": "4666.00000", "2005-12-31": "4741.00000"}, "Retained Earnings (Accumulated Deficit)": {"2020-12-31": "6281.00000", "2019-12-31": "6312.00000", "2018-12-31": "5072.00000", "2017-12-31": "4856.00000", "2016-12-31": "4934.00000", "2015-12-31": "9686.00000", "2014-12-31": "9535.00000", "2013-12-31": "8839.00000", "2012-12-31": "7991.00000", "2011-12-31": "7046.00000", "2010-12-31": "6016.00000", "2009-12-31": "5674.00000", "2008-12-31": "5341.00000", "2007-12-31": "5288.00000", "2006-12-31": "4202.00000", "2005-12-31": "3021.00000"}, "Comprehensive Income": {"2020-12-31": "-3332.00000", "2019-12-31": "-3646.00000", "2018-12-31": "-3565.00000", "2017-12-31": "-3748.00000", "2016-12-31": "-4337.00000", "2015-12-31": "-4642.00000", "2014-12-31": "-4159.00000", "2013-12-31": "-2779.00000", "2012-12-31": "-3227.00000", "2011-12-31": "-2716.00000", "2010-12-31": "-1988.00000", "2009-12-31": "-1988.00000", "2008-12-31": "-2416.00000", "2007-12-31": "-765.00000", "2006-12-31": "-1647.00000", "2005-12-31": "-1240.00000"}, "Other Share Holders Equity": {"2020-12-31": "", "2019-12-31": "", "2018-12-31": "", "2017-12-31": "", "2016-12-31": "", "2015-12-31": "", "2014-12-31": "", "2013-12-31": "", "2012-12-31": "", "2011-12-31": "", "2010-12-31": "", "2009-12-31": "", "2008-12-31": "", "2007-12-31": "", "2006-12-31": "", "2005-12-31": ""}, "Share Holder Equity": {"2020-12-31": "5810.00000", "2019-12-31": "5808.00000", "2018-12-31": "5253.00000", "2017-12-31": "5507.00000", "2016-12-31": "4961.00000", "2015-12-31": "9466.00000", "2014-12-31": "11102.00000", "2013-12-31": "12768.00000", "2012-12-31": "12013.00000", "2011-12-31": "12374.00000", "2010-12-31": "12508.00000", "2009-12-31": "7191.00000", "2008-12-31": "6358.00000", "2007-12-31": "8588.00000", "2006-12-31": "7080.00000", "2005-12-31": "7208.00000"}, "Total Liabilities And Share Holders Equity": {"2020-12-31": "14741.00000", "2019-12-31": "15047.00000", "2018-12-31": "14874.00000", "2017-12-31": "15946.00000", "2016-12-31": "18051.00000", "2015-12-31": "25541.00000", "2014-12-31": "27658.00000", "2013-12-31": "29036.00000", "2012-12-31": "30015.00000", "2011-12-31": "30116.00000", "2010-12-31": "30600.00000", "2009-12-31": "24032.00000", "2008-12-31": "22447.00000", "2007-12-31": "23543.00000", "2006-12-31": "21709.00000", "2005-12-31": "21953.00000"}}, "balance sheet, quarterly": {"Cash On Hand": {"2020-12-31": "2625.00000", "2020-09-30": "3242.00000", "2020-06-30": "2272.00000", "2020-03-31": "2622.00000", "2019-12-31": "2740.00000", "2019-09-30": "922.00000", "2019-06-30": "712.00000", "2019-03-31": "723.00000", "2018-12-31": "1081.00000", "2018-09-30": "1157.00000", "2018-06-30": "1263.00000", "2018-03-31": "1398.00000", "2017-12-31": "1293.00000", "2017-09-30": "1781.00000", "2017-06-30": "1246.00000", "2017-03-31": "1045.00000", "2016-12-31": "2223.00000", "2016-09-30": "1423.00000", "2016-06-30": "1203.00000", "2016-03-31": "1189.00000", "2015-12-31": "1228.00000", "2015-09-30": "804.00000", "2015-06-30": "1641.00000", "2015-03-31": "872.00000", "2014-12-31": "1411.00000", "2014-09-30": "1015.00000", "2014-06-30": "1007.00000", "2014-03-31": "1567.00000", "2013-12-31": "1764.00000", "2013-09-30": "948.00000", "2013-06-30": "929.00000", "2013-03-31": "993.00000", "2012-12-31": "1246.00000", "2012-09-30": "882.00000", "2012-06-30": "814.00000", "2012-03-31": "1514.00000", "2011-12-31": "902.00000", "2011-09-30": "785.00000", "2011-06-30": "1098.00000", "2011-03-31": "1000.00000", "2010-12-31": "1211.00000", "2010-09-30": "975.00000", "2010-06-30": "1082.00000", "2010-03-31": "1010.00000", "2009-12-31": "3799.00000", "2009-09-30": "1159.00000", "2009-06-30": "1221.00000", "2009-03-31": "549.00000", "2008-12-31": "1229.00000", "2008-09-30": "873.00000", "2008-06-30": "843.00000", "2008-03-31": "842.00000", "2007-12-31": "1099.00000", "2007-09-30": "848.00000", "2007-06-30": "870.00000", "2007-03-31": "1283.00000", "2006-12-31": "1536.00000", "2006-09-30": "1456.00000", "2006-06-30": "1181.00000", "2006-03-31": "1794.00000", "2005-12-31": "1566.00000", "2005-09-30": "1580.00000", "2005-06-30": "2102.00000", "2005-03-31": "3298.00000"}, "Receivables": {"2020-12-31": "2064.00000", "2020-09-30": "2072.00000", "2020-06-30": "1951.00000", "2020-03-31": "2272.00000", "2019-12-31": "2505.00000", "2019-09-30": "2439.00000", "2019-06-30": "2541.00000", "2019-03-31": "2527.00000", "2018-12-31": "2593.00000", "2018-09-30": "2623.00000", "2018-06-30": "2637.00000", "2018-03-31": "2733.00000", "2017-12-31": "2786.00000", "2017-09-30": "2407.00000", "2017-06-30": "2399.00000", "2017-03-31": "2346.00000", "2016-12-31": "2307.00000", "2016-09-30": "3844.00000", "2016-06-30": "3870.00000", "2016-03-31": "3863.00000", "2015-12-31": "2480.00000", "2015-09-30": "4041.00000", "2015-06-30": "4163.00000", "2015-03-31": "4151.00000", "2014-12-31": "4187.00000", "2014-09-30": "4579.00000", "2014-06-30": "4721.00000", "2014-03-31": "4667.00000", "2013-12-31": "4542.00000", "2013-09-30": "4711.00000", "2013-06-30": "4914.00000", "2013-03-31": "4956.00000", "2012-12-31": "4854.00000", "2012-09-30": "5254.00000", "2012-06-30": "4912.00000", "2012-03-31": "5203.00000", "2011-12-31": "4931.00000", "2011-09-30": "5349.00000", "2011-06-30": "5364.00000", "2011-03-31": "6073.00000", "2010-12-31": "5311.00000", "2010-09-30": "5635.00000", "2010-06-30": "5367.00000", "2010-03-31": "5730.00000", "2009-12-31": "4324.00000", "2009-09-30": "4505.00000", "2009-06-30": "4500.00000", "2009-03-31": "4513.00000", "2008-12-31": "4899.00000", "2008-09-30": "5330.00000", "2008-06-30": "5542.00000", "2008-03-31": "5521.00000", "2007-12-31": "5454.00000", "2007-09-30": "5523.00000", "2007-06-30": "5366.00000", "2007-03-31": "5088.00000", "2006-12-31": "5121.00000", "2006-09-30": "5088.00000", "2006-06-30": "5115.00000", "2006-03-31": "4939.00000", "2005-12-31": "4937.00000", "2005-09-30": "5003.00000", "2005-06-30": "5072.00000", "2005-03-31": "5103.00000"}, "Inventory": {"2020-12-31": "843.00000", "2020-09-30": "978.00000", "2020-06-30": "922.00000", "2020-03-31": "824.00000", "2019-12-31": "694.00000", "2019-09-30": "758.00000", "2019-06-30": "788.00000", "2019-03-31": "859.00000", "2018-12-31": "829.00000", "2018-09-30": "958.00000", "2018-06-30": "947.00000", "2018-03-31": "1001.00000", "2017-12-31": "915.00000", "2017-09-30": "1039.00000", "2017-06-30": "944.00000", "2017-03-31": "898.00000", "2016-12-31": "841.00000", "2016-09-30": "1019.00000", "2016-06-30": "1017.00000", "2016-03-31": "1034.00000", "2015-12-31": "901.00000", "2015-09-30": "1110.00000", "2015-06-30": "1072.00000", "2015-03-31": "1009.00000", "2014-12-31": "934.00000", "2014-09-30": "1069.00000", "2014-06-30": "1077.00000", "2014-03-31": "1044.00000", "2013-12-31": "998.00000", "2013-09-30": "1152.00000", "2013-06-30": "1109.00000", "2013-03-31": "1096.00000", "2012-12-31": "1011.00000", "2012-09-30": "1128.00000", "2012-06-30": "1073.00000", "2012-03-31": "1065.00000", "2011-12-31": "1021.00000", "2011-09-30": "1209.00000", "2011-06-30": "1129.00000", "2011-03-31": "1100.00000", "2010-12-31": "991.00000", "2010-09-30": "1177.00000", "2010-06-30": "1026.00000", "2010-03-31": "1018.00000", "2009-12-31": "900.00000", "2009-09-30": "1069.00000", "2009-06-30": "1141.00000", "2009-03-31": "1295.00000", "2008-12-31": "1232.00000", "2008-09-30": "1376.00000", "2008-06-30": "1436.00000", "2008-03-31": "1431.00000", "2007-12-31": "1305.00000", "2007-09-30": "1450.00000", "2007-06-30": "1416.00000", "2007-03-31": "1290.00000", "2006-12-31": "1163.00000", "2006-09-30": "1397.00000", "2006-06-30": "1332.00000", "2006-03-31": "1260.00000", "2005-12-31": "1201.00000", "2005-09-30": "1430.00000", "2005-06-30": "1217.00000", "2005-03-31": "1229.00000"}, "Pre-Paid Expenses": {"2020-12-31": "", "2020-09-30": "", "2020-06-30": "", "2020-03-31": "", "2019-12-31": "", "2019-09-30": "", "2019-06-30": "", "2019-03-31": "", "2018-12-31": "", "2018-09-30": "", "2018-06-30": "", "2018-03-31": "", "2017-12-31": "", "2017-09-30": "", "2017-06-30": "", "2017-03-31": "", "2016-12-31": "", "2016-09-30": "", "2016-06-30": "", "2016-03-31": "", "2015-12-31": "", "2015-09-30": "", "2015-06-30": "", "2015-03-31": "", "2014-12-31": "", "2014-09-30": "", "2014-06-30": "", "2014-03-31": "", "2013-12-31": "", "2013-09-30": "", "2013-06-30": "", "2013-03-31": "", "2012-12-31": "", "2012-09-30": "", "2012-06-30": "", "2012-03-31": "", "2011-12-31": "", "2011-09-30": "", "2011-06-30": "", "2011-03-31": "", "2010-12-31": "", "2010-09-30": "", "2010-06-30": "", "2010-03-31": "", "2009-12-31": "", "2009-09-30": "", "2009-06-30": "", "2009-03-31": "", "2008-12-31": "", "2008-09-30": "", "2008-06-30": "", "2008-03-31": "", "2007-12-31": "", "2007-09-30": "", "2007-06-30": "", "2007-03-31": "", "2006-12-31": "", "2006-09-30": "", "2006-06-30": "", "2006-03-31": "", "2005-12-31": "", "2005-09-30": "", "2005-06-30": "", "2005-03-31": ""}, "Other Current Assets": {"2020-12-31": "251.00000", "2020-09-30": "249.00000", "2020-06-30": "246.00000", "2020-03-31": "259.00000", "2019-12-31": "201.00000", "2019-09-30": "221.00000", "2019-06-30": "196.00000", "2019-03-31": "204.00000", "2018-12-31": "191.00000", "2018-09-30": "232.00000", "2018-06-30": "233.00000", "2018-03-31": "254.00000", "2017-12-31": "236.00000", "2017-09-30": "402.00000", "2017-06-30": "389.00000", "2017-03-31": "426.00000", "2016-12-31": "619.00000", "2016-09-30": "721.00000", "2016-06-30": "761.00000", "2016-03-31": "722.00000", "2015-12-31": "458.00000", "2015-09-30": "1044.00000", "2015-06-30": "956.00000", "2015-03-31": "1002.00000", "2014-12-31": "1082.00000", "2014-09-30": "1219.00000", "2014-06-30": "1174.00000", "2014-03-31": "1184.00000", "2013-12-31": "1207.00000", "2013-09-30": "1259.00000", "2013-06-30": "1260.00000", "2013-03-31": "1215.00000", "2012-12-31": "1162.00000", "2012-09-30": "1122.00000", "2012-06-30": "1213.00000", "2012-03-31": "1100.00000", "2011-12-31": "1058.00000", "2011-09-30": "1138.00000", "2011-06-30": "1104.00000", "2011-03-31": "1046.00000", "2010-12-31": "1126.00000", "2010-09-30": "1110.00000", "2010-06-30": "1023.00000", "2010-03-31": "1022.00000", "2009-12-31": "708.00000", "2009-09-30": "707.00000", "2009-06-30": "776.00000", "2009-03-31": "725.00000", "2008-12-31": "790.00000", "2008-09-30": "1170.00000", "2008-06-30": "967.00000", "2008-03-31": "877.00000", "2007-12-31": "682.00000", "2007-09-30": "955.00000", "2007-06-30": "941.00000", "2007-03-31": "915.00000", "2006-12-31": "934.00000", "2006-09-30": "1094.00000", "2006-06-30": "1098.00000", "2006-03-31": "1130.00000", "2005-12-31": "1032.00000", "2005-09-30": "1088.00000", "2005-06-30": "1081.00000", "2005-03-31": "1038.00000"}, "Total Current Assets": {"2020-12-31": "5783.00000", "2020-09-30": "6541.00000", "2020-06-30": "5391.00000", "2020-03-31": "5977.00000", "2019-12-31": "6140.00000", "2019-09-30": "4340.00000", "2019-06-30": "4237.00000", "2019-03-31": "4313.00000", "2018-12-31": "4713.00000", "2018-09-30": "4970.00000", "2018-06-30": "5080.00000", "2018-03-31": "5386.00000", "2017-12-31": "5230.00000", "2017-09-30": "5629.00000", "2017-06-30": "4978.00000", "2017-03-31": "4715.00000", "2016-12-31": "6992.00000", "2016-09-30": "7007.00000", "2016-06-30": "6851.00000", "2016-03-31": "6808.00000", "2015-12-31": "6685.00000", "2015-09-30": "6999.00000", "2015-06-30": "7832.00000", "2015-03-31": "8358.00000", "2014-12-31": "8874.00000", "2014-09-30": "7882.00000", "2014-06-30": "7979.00000", "2014-03-31": "8462.00000", "2013-12-31": "8511.00000", "2013-09-30": "8070.00000", "2013-06-30": "8212.00000", "2013-03-31": "8260.00000", "2012-12-31": "8273.00000", "2012-09-30": "8386.00000", "2012-06-30": "8012.00000", "2012-03-31": "8882.00000", "2011-12-31": "7912.00000", "2011-09-30": "8481.00000", "2011-06-30": "8695.00000", "2011-03-31": "9219.00000", "2010-12-31": "8639.00000", "2010-09-30": "8897.00000", "2010-06-30": "8498.00000", "2010-03-31": "8780.00000", "2009-12-31": "9731.00000", "2009-09-30": "7440.00000", "2009-06-30": "7638.00000", "2009-03-31": "7082.00000", "2008-12-31": "8150.00000", "2008-09-30": "8749.00000", "2008-06-30": "8788.00000", "2008-03-31": "8671.00000", "2007-12-31": "8540.00000", "2007-09-30": "8776.00000", "2007-06-30": "8593.00000", "2007-03-31": "8576.00000", "2006-12-31": "8754.00000", "2006-09-30": "9035.00000", "2006-06-30": "8726.00000", "2006-03-31": "9123.00000", "2005-12-31": "8736.00000", "2005-09-30": "9101.00000", "2005-06-30": "9472.00000", "2005-03-31": "10668.00000"}, "Property, Plant, And Equipment": {"2020-12-31": "407.00000", "2020-09-30": "412.00000", "2020-06-30": "418.00000", "2020-03-31": "426.00000", "2019-12-31": "426.00000", "2019-09-30": "442.00000", "2019-06-30": "455.00000", "2019-03-31": "469.00000", "2018-12-31": "498.00000", "2018-09-30": "527.00000", "2018-06-30": "564.00000", "2018-03-31": "602.00000", "2017-12-31": "629.00000", "2017-09-30": "636.00000", "2017-06-30": "636.00000", "2017-03-31": "641.00000", "2016-12-31": "660.00000", "2016-09-30": "958.00000", "2016-06-30": "973.00000", "2016-03-31": "1000.00000", "2015-12-31": "717.00000", "2015-09-30": "1044.00000", "2015-06-30": "1078.00000", "2015-03-31": "1087.00000", "2014-12-31": "1123.00000", "2014-09-30": "1388.00000", "2014-06-30": "1433.00000", "2014-03-31": "1438.00000", "2013-12-31": "1466.00000", "2013-09-30": "1485.00000", "2013-06-30": "1499.00000", "2013-03-31": "1523.00000", "2012-12-31": "1556.00000", "2012-09-30": "1566.00000", "2012-06-30": "1553.00000", "2012-03-31": "1603.00000", "2011-12-31": "1612.00000", "2011-09-30": "1645.00000", "2011-06-30": "1687.00000", "2011-03-31": "1680.00000", "2010-12-31": "1671.00000", "2010-09-30": "1660.00000", "2010-06-30": "1622.00000", "2010-03-31": "1663.00000", "2009-12-31": "1309.00000", "2009-09-30": "1351.00000", "2009-06-30": "1373.00000", "2009-03-31": "1380.00000", "2008-12-31": "1419.00000", "2008-09-30": "1515.00000", "2008-06-30": "1597.00000", "2008-03-31": "1597.00000", "2007-12-31": "1587.00000", "2007-09-30": "1579.00000", "2007-06-30": "1562.00000", "2007-03-31": "1525.00000", "2006-12-31": "1527.00000", "2006-09-30": "1582.00000", "2006-06-30": "1600.00000", "2006-03-31": "1599.00000", "2005-12-31": "1627.00000", "2005-09-30": "1652.00000", "2005-06-30": "1658.00000", "2005-03-31": "1700.00000"}, "Long-Term Investments": {"2020-12-31": "", "2020-09-30": "", "2020-06-30": "", "2020-03-31": "", "2019-12-31": "", "2019-09-30": "1517.00000", "2019-06-30": "1472.00000", "2019-03-31": "1452.00000", "2018-12-31": "", "2018-09-30": "1362.00000", "2018-06-30": "1344.00000", "2018-03-31": "1378.00000", "2017-12-31": "1404.00000", "2017-09-30": "1441.00000", "2017-06-30": "1398.00000", "2017-03-31": "1477.00000", "2016-12-31": "1294.00000", "2016-09-30": "1524.00000", "2016-06-30": "1471.00000", "2016-03-31": "1432.00000", "2015-12-31": "1382.00000", "2015-09-30": "1387.00000", "2015-06-30": "1377.00000", "2015-03-31": "1383.00000", "2014-12-31": "1338.00000", "2014-09-30": "1365.00000", "2014-06-30": "1403.00000", "2014-03-31": "1384.00000", "2013-12-31": "1285.00000", "2013-09-30": "1329.00000", "2013-06-30": "1273.00000", "2013-03-31": "1332.00000", "2012-12-31": "1381.00000", "2012-09-30": "1442.00000", "2012-06-30": "1367.00000", "2012-03-31": "1338.00000", "2011-12-31": "1395.00000", "2011-09-30": "1388.00000", "2011-06-30": "1318.00000", "2011-03-31": "1297.00000", "2010-12-31": "1291.00000", "2010-09-30": "1256.00000", "2010-06-30": "1150.00000", "2010-03-31": "1111.00000", "2009-12-31": "1056.00000", "2009-09-30": "1051.00000", "2009-06-30": "979.00000", "2009-03-31": "947.00000", "2008-12-31": "1080.00000", "2008-09-30": "1017.00000", "2008-06-30": "994.00000", "2008-03-31": "1035.00000", "2007-12-31": "932.00000", "2007-09-30": "901.00000", "2007-06-30": "835.00000", "2007-03-31": "838.00000", "2006-12-31": "874.00000", "2006-09-30": "862.00000", "2006-06-30": "845.00000", "2006-03-31": "824.00000", "2005-12-31": "782.00000", "2005-09-30": "797.00000", "2005-06-30": "800.00000", "2005-03-31": "837.00000"}, "Goodwill And Intangible Assets": {"2020-12-31": "4308.00000", "2020-09-30": "4236.00000", "2020-06-30": "4189.00000", "2020-03-31": "4204.00000", "2019-12-31": "4099.00000", "2019-09-30": "4056.00000", "2019-06-30": "4099.00000", "2019-03-31": "4097.00000", "2018-12-31": "4078.00000", "2018-09-30": "4131.00000", "2018-06-30": "4141.00000", "2018-03-31": "4230.00000", "2017-12-31": "4198.00000", "2017-09-30": "4198.00000", "2017-06-30": "4179.00000", "2017-03-31": "4088.00000", "2016-12-31": "4077.00000", "2016-09-30": "10216.00000", "2016-06-30": "10331.00000", "2016-03-31": "10498.00000", "2015-12-31": "4291.00000", "2015-09-30": "10679.00000", "2015-06-30": "10700.00000", "2015-03-31": "10670.00000", "2014-12-31": "10836.00000", "2014-09-30": "11668.00000", "2014-06-30": "11819.00000", "2014-03-31": "11679.00000", "2013-12-31": "11708.00000", "2013-09-30": "11755.00000", "2013-06-30": "11720.00000", "2013-03-31": "11717.00000", "2012-12-31": "11845.00000", "2012-09-30": "11899.00000", "2012-06-30": "11752.00000", "2012-03-31": "11907.00000", "2011-12-31": "11845.00000", "2011-09-30": "11958.00000", "2011-06-30": "12075.00000", "2011-03-31": "12034.00000", "2010-12-31": "12020.00000", "2010-09-30": "12060.00000", "2010-06-30": "11941.00000", "2010-03-31": "12047.00000", "2009-12-31": "4020.00000", "2009-09-30": "4014.00000", "2009-06-30": "4066.00000", "2009-03-31": "3910.00000", "2008-12-31": "3792.00000", "2008-09-30": "4071.00000", "2008-06-30": "4215.00000", "2008-03-31": "4067.00000", "2007-12-31": "4069.00000", "2007-09-30": "4104.00000", "2007-06-30": "4065.00000", "2007-03-31": "2304.00000", "2006-12-31": "2310.00000", "2006-09-30": "2205.00000", "2006-06-30": "2018.00000", "2006-03-31": "1967.00000", "2005-12-31": "1960.00000", "2005-09-30": "1998.00000", "2005-06-30": "2030.00000", "2005-03-31": "2091.00000"}, "Other Long-Term Assets": {"2020-12-31": "1751.00000", "2020-09-30": "1691.00000", "2020-06-30": "1656.00000", "2020-03-31": "1644.00000", "2019-12-31": "1702.00000", "2019-09-30": "1580.00000", "2019-06-30": "1618.00000", "2019-03-31": "1635.00000", "2018-12-31": "1344.00000", "2018-09-30": "1405.00000", "2018-06-30": "1327.00000", "2018-03-31": "1359.00000", "2017-12-31": "1136.00000", "2017-09-30": "1140.00000", "2017-06-30": "1154.00000", "2017-03-31": "1161.00000", "2016-12-31": "1158.00000", "2016-09-30": "2480.00000", "2016-06-30": "2507.00000", "2016-03-31": "2554.00000", "2015-12-31": "2705.00000", "2015-09-30": "2267.00000", "2015-06-30": "2448.00000", "2015-03-31": "2601.00000", "2014-12-31": "2768.00000", "2014-09-30": "2866.00000", "2014-06-30": "3048.00000", "2014-03-31": "3061.00000", "2013-12-31": "3149.00000", "2013-09-30": "2777.00000", "2013-06-30": "2768.00000", "2013-03-31": "2823.00000", "2012-12-31": "2872.00000", "2012-09-30": "2901.00000", "2012-06-30": "2779.00000", "2012-03-31": "2807.00000", "2011-12-31": "2649.00000", "2011-09-30": "2648.00000", "2011-06-30": "2633.00000", "2011-03-31": "2408.00000", "2010-12-31": "2304.00000", "2010-09-30": "2310.00000", "2010-06-30": "2169.00000", "2010-03-31": "2086.00000", "2009-12-31": "1871.00000", "2009-09-30": "1843.00000", "2009-06-30": "1790.00000", "2009-03-31": "1675.00000", "2008-12-31": "1751.00000", "2008-09-30": "2093.00000", "2008-06-30": "2158.00000", "2008-03-31": "2090.00000", "2007-12-31": "2015.00000", "2007-09-30": "1668.00000", "2007-06-30": "1627.00000", "2007-03-31": "1537.00000", "2006-12-31": "1532.00000", "2006-09-30": "2345.00000", "2006-06-30": "2283.00000", "2006-03-31": "2256.00000", "2005-12-31": "2352.00000", "2005-09-30": "2344.00000", "2005-06-30": "2338.00000", "2005-03-31": "2423.00000"}, "Total Long-Term Assets": {"2020-12-31": "8958.00000", "2020-09-30": "8811.00000", "2020-06-30": "8734.00000", "2020-03-31": "8807.00000", "2019-12-31": "8907.00000", "2019-09-30": "10320.00000", "2019-06-30": "10447.00000", "2019-03-31": "10486.00000", "2018-12-31": "10161.00000", "2018-09-30": "10383.00000", "2018-06-30": "10476.00000", "2018-03-31": "10789.00000", "2017-12-31": "10716.00000", "2017-09-30": "11188.00000", "2017-06-30": "11189.00000", "2017-03-31": "11201.00000", "2016-12-31": "11059.00000", "2016-09-30": "17635.00000", "2016-06-30": "17790.00000", "2016-03-31": "18049.00000", "2015-12-31": "18856.00000", "2015-09-30": "17947.00000", "2015-06-30": "18184.00000", "2015-03-31": "18299.00000", "2014-12-31": "18784.00000", "2014-09-30": "19995.00000", "2014-06-30": "20529.00000", "2014-03-31": "20406.00000", "2013-12-31": "20525.00000", "2013-09-30": "20946.00000", "2013-06-30": "21115.00000", "2013-03-31": "21305.00000", "2012-12-31": "21742.00000", "2012-09-30": "21853.00000", "2012-06-30": "21829.00000", "2012-03-31": "22269.00000", "2011-12-31": "22204.00000", "2011-09-30": "22060.00000", "2011-06-30": "22400.00000", "2011-03-31": "21640.00000", "2010-12-31": "21961.00000", "2010-09-30": "21950.00000", "2010-06-30": "21516.00000", "2010-03-31": "21843.00000", "2009-12-31": "14301.00000", "2009-09-30": "14313.00000", "2009-06-30": "14418.00000", "2009-03-31": "13958.00000", "2008-12-31": "14297.00000", "2008-09-30": "14876.00000", "2008-06-30": "15524.00000", "2008-03-31": "15448.00000", "2007-12-31": "15003.00000", "2007-09-30": "14621.00000", "2007-06-30": "14413.00000", "2007-03-31": "12815.00000", "2006-12-31": "12955.00000", "2006-09-30": "13325.00000", "2006-06-30": "13155.00000", "2006-03-31": "13050.00000", "2005-12-31": "13217.00000", "2005-09-30": "13169.00000", "2005-06-30": "13233.00000", "2005-03-31": "13605.00000"}, "Total Assets": {"2020-12-31": "14741.00000", "2020-09-30": "15352.00000", "2020-06-30": "14125.00000", "2020-03-31": "14784.00000", "2019-12-31": "15047.00000", "2019-09-30": "14660.00000", "2019-06-30": "14684.00000", "2019-03-31": "14799.00000", "2018-12-31": "14874.00000", "2018-09-30": "15353.00000", "2018-06-30": "15556.00000", "2018-03-31": "16175.00000", "2017-12-31": "15946.00000", "2017-09-30": "16817.00000", "2017-06-30": "16167.00000", "2017-03-31": "15916.00000", "2016-12-31": "18051.00000", "2016-09-30": "24642.00000", "2016-06-30": "24641.00000", "2016-03-31": "24857.00000", "2015-12-31": "25541.00000", "2015-09-30": "24946.00000", "2015-06-30": "26016.00000", "2015-03-31": "26657.00000", "2014-12-31": "27658.00000", "2014-09-30": "27877.00000", "2014-06-30": "28508.00000", "2014-03-31": "28868.00000", "2013-12-31": "29036.00000", "2013-09-30": "29016.00000", "2013-06-30": "29327.00000", "2013-03-31": "29565.00000", "2012-12-31": "30015.00000", "2012-09-30": "30239.00000", "2012-06-30": "29841.00000", "2012-03-31": "31151.00000", "2011-12-31": "30116.00000", "2011-09-30": "30541.00000", "2011-06-30": "31095.00000", "2011-03-31": "30859.00000", "2010-12-31": "30600.00000", "2010-09-30": "30847.00000", "2010-06-30": "30014.00000", "2010-03-31": "30623.00000", "2009-12-31": "24032.00000", "2009-09-30": "21753.00000", "2009-06-30": "22056.00000", "2009-03-31": "21040.00000", "2008-12-31": "22447.00000", "2008-09-30": "23625.00000", "2008-06-30": "24312.00000", "2008-03-31": "24119.00000", "2007-12-31": "23543.00000", "2007-09-30": "23397.00000", "2007-06-30": "23006.00000", "2007-03-31": "21391.00000", "2006-12-31": "21709.00000", "2006-09-30": "22360.00000", "2006-06-30": "21881.00000", "2006-03-31": "22173.00000", "2005-12-31": "21953.00000", "2005-09-30": "22270.00000", "2005-06-30": "22705.00000", "2005-03-31": "24273.00000"}, "Total Current Liabilities": {"2020-12-31": "2478.00000", "2020-09-30": "3327.00000", "2020-06-30": "3791.00000", "2020-03-31": "3373.00000", "2019-12-31": "3435.00000", "2019-09-30": "3923.00000", "2019-06-30": "3176.00000", "2019-03-31": "2929.00000", "2018-12-31": "3251.00000", "2018-09-30": "2736.00000", "2018-06-30": "2754.00000", "2018-03-31": "3152.00000", "2017-12-31": "2741.00000", "2017-09-30": "3452.00000", "2017-06-30": "3414.00000", "2017-03-31": "2624.00000", "2016-12-31": "4654.00000", "2016-09-30": "5782.00000", "2016-06-30": "5895.00000", "2016-03-31": "6146.00000", "2015-12-31": "5254.00000", "2015-09-30": "5382.00000", "2015-06-30": "5730.00000", "2015-03-31": "5731.00000", "2014-12-31": "6076.00000", "2014-09-30": "5703.00000", "2014-06-30": "5690.00000", "2014-03-31": "6600.00000", "2013-12-31": "5686.00000", "2013-09-30": "5646.00000", "2013-06-30": "6305.00000", "2013-03-31": "5627.00000", "2012-12-31": "5910.00000", "2012-09-30": "6213.00000", "2012-06-30": "5382.00000", "2012-03-31": "5795.00000", "2011-12-31": "6381.00000", "2011-09-30": "6652.00000", "2011-06-30": "6638.00000", "2011-03-31": "6116.00000", "2010-12-31": "6417.00000", "2010-09-30": "6244.00000", "2010-06-30": "4692.00000", "2010-03-31": "5874.00000", "2009-12-31": "4461.00000", "2009-09-30": "4430.00000", "2009-06-30": "4617.00000", "2009-03-31": "3852.00000", "2008-12-31": "5450.00000", "2008-09-30": "5597.00000", "2008-06-30": "5566.00000", "2008-03-31": "5649.00000", "2007-12-31": "4077.00000", "2007-09-30": "4277.00000", "2007-06-30": "4359.00000", "2007-03-31": "4519.00000", "2006-12-31": "4698.00000", "2006-09-30": "4606.00000", "2006-06-30": "4230.00000", "2006-03-31": "4386.00000", "2005-12-31": "4346.00000", "2005-09-30": "4303.00000", "2005-06-30": "4506.00000", "2005-03-31": "5901.00000"}, "Long Term Debt": {"2020-12-31": "4050.00000", "2020-09-30": "3836.00000", "2020-06-30": "2185.00000", "2020-03-31": "3238.00000", "2019-12-31": "3233.00000", "2019-09-30": "3230.00000", "2019-06-30": "3962.00000", "2019-03-31": "4268.00000", "2018-12-31": "4269.00000", "2018-09-30": "4815.00000", "2018-06-30": "4813.00000", "2018-03-31": "4811.00000", "2017-12-31": "5235.00000", "2017-09-30": "5235.00000", "2017-06-30": "4236.00000", "2017-03-31": "4988.00000", "2016-12-31": "5305.00000", "2016-09-30": "5346.00000", "2016-06-30": "5355.00000", "2016-03-31": "5359.00000", "2015-12-31": "6317.00000", "2015-09-30": "6393.00000", "2015-06-30": "5998.00000", "2015-03-31": "6265.00000", "2014-12-31": "6314.00000", "2014-09-30": "6355.00000", "2014-06-30": "6354.00000", "2014-03-31": "5896.00000", "2013-12-31": "6904.00000", "2013-09-30": "6406.00000", "2013-06-30": "6366.00000", "2013-03-31": "7432.00000", "2012-12-31": "7447.00000", "2012-09-30": "7458.00000", "2012-06-30": "8061.00000", "2012-03-31": "8483.00000", "2011-12-31": "7088.00000", "2011-09-30": "7099.00000", "2011-06-30": "7113.00000", "2011-03-31": "7228.00000", "2010-12-31": "7237.00000", "2010-09-30": "7860.00000", "2010-06-30": "9259.00000", "2010-03-31": "8668.00000", "2009-12-31": "8276.00000", "2009-09-30": "6297.00000", "2009-06-30": "6695.00000", "2009-03-31": "7258.00000", "2008-12-31": "6774.00000", "2008-09-30": "6783.00000", "2008-06-30": "6730.00000", "2008-03-31": "6334.00000", "2007-12-31": "6939.00000", "2007-09-30": "7038.00000", "2007-06-30": "6733.00000", "2007-03-31": "5436.00000", "2006-12-31": "5660.00000", "2006-09-30": "5904.00000", "2006-06-30": "5846.00000", "2006-03-31": "6373.00000", "2005-12-31": "6139.00000", "2005-09-30": "6198.00000", "2005-06-30": "6624.00000", "2005-03-31": "6896.00000"}, "Other Non-Current Liabilities": {"2020-12-31": "497.00000", "2020-09-30": "512.00000", "2020-06-30": "521.00000", "2020-03-31": "530.00000", "2019-12-31": "512.00000", "2019-09-30": "473.00000", "2019-06-30": "490.00000", "2019-03-31": "496.00000", "2018-12-31": "269.00000", "2018-09-30": "231.00000", "2018-06-30": "215.00000", "2018-03-31": "229.00000", "2017-12-31": "206.00000", "2017-09-30": "178.00000", "2017-06-30": "188.00000", "2017-03-31": "191.00000", "2016-12-31": "193.00000", "2016-09-30": "389.00000", "2016-06-30": "394.00000", "2016-03-31": "431.00000", "2015-12-31": "238.00000", "2015-09-30": "403.00000", "2015-06-30": "418.00000", "2015-03-31": "419.00000", "2014-12-31": "454.00000", "2014-09-30": "553.00000", "2014-06-30": "593.00000", "2014-03-31": "611.00000", "2013-12-31": "757.00000", "2013-09-30": "755.00000", "2013-06-30": "743.00000", "2013-03-31": "741.00000", "2012-12-31": "778.00000", "2012-09-30": "768.00000", "2012-06-30": "793.00000", "2012-03-31": "834.00000", "2011-12-31": "861.00000", "2011-09-30": "888.00000", "2011-06-30": "838.00000", "2011-03-31": "815.00000", "2010-12-31": "797.00000", "2010-09-30": "768.00000", "2010-06-30": "737.00000", "2010-03-31": "728.00000", "2009-12-31": "572.00000", "2009-09-30": "603.00000", "2009-06-30": "612.00000", "2009-03-31": "587.00000", "2008-12-31": "574.00000", "2008-09-30": "752.00000", "2008-06-30": "846.00000", "2008-03-31": "789.00000", "2007-12-31": "796.00000", "2007-09-30": "756.00000", "2007-06-30": "803.00000", "2007-03-31": "794.00000", "2006-12-31": "821.00000", "2006-09-30": "958.00000", "2006-06-30": "1384.00000", "2006-03-31": "1321.00000", "2005-12-31": "1295.00000", "2005-09-30": "1320.00000", "2005-06-30": "1205.00000", "2005-03-31": "1399.00000"}, "Total Long Term Liabilities": {"2020-12-31": "6453.00000", "2020-09-30": "6359.00000", "2020-06-30": "4639.00000", "2020-03-31": "5797.00000", "2019-12-31": "5804.00000", "2019-09-30": "5637.00000", "2019-06-30": "6302.00000", "2019-03-31": "6593.00000", "2018-12-31": "6370.00000", "2018-09-30": "7181.00000", "2018-06-30": "7180.00000", "2018-03-31": "7227.00000", "2017-12-31": "7698.00000", "2017-09-30": "7761.00000", "2017-06-30": "7381.00000", "2017-03-31": "8112.00000", "2016-12-31": "8436.00000", "2016-09-30": "9217.00000", "2016-06-30": "9181.00000", "2016-03-31": "9199.00000", "2015-12-31": "10821.00000", "2015-09-30": "10058.00000", "2015-06-30": "9840.00000", "2015-03-31": "10331.00000", "2014-12-31": "10480.00000", "2014-09-30": "9917.00000", "2014-06-30": "10064.00000", "2014-03-31": "9583.00000", "2013-12-31": "10582.00000", "2013-09-30": "10841.00000", "2013-06-30": "10799.00000", "2013-03-31": "11943.00000", "2012-12-31": "12092.00000", "2012-09-30": "11311.00000", "2012-06-30": "11964.00000", "2012-03-31": "12616.00000", "2011-12-31": "11361.00000", "2011-09-30": "10620.00000", "2011-06-30": "10967.00000", "2011-03-31": "11730.00000", "2010-12-31": "11675.00000", "2010-09-30": "12198.00000", "2010-06-30": "13638.00000", "2010-03-31": "13057.00000", "2009-12-31": "12380.00000", "2009-09-30": "10292.00000", "2009-06-30": "10682.00000", "2009-03-31": "11119.00000", "2008-12-31": "10639.00000", "2008-09-30": "10526.00000", "2008-06-30": "10792.00000", "2008-03-31": "10315.00000", "2007-12-31": "10878.00000", "2007-09-30": "11262.00000", "2007-06-30": "11098.00000", "2007-03-31": "9732.00000", "2006-12-31": "9931.00000", "2006-09-30": "9793.00000", "2006-06-30": "10100.00000", "2006-03-31": "10491.00000", "2005-12-31": "10399.00000", "2005-09-30": "10511.00000", "2005-06-30": "10785.00000", "2005-03-31": "11193.00000"}, "Total Liabilities": {"2020-12-31": "8931.00000", "2020-09-30": "9686.00000", "2020-06-30": "8430.00000", "2020-03-31": "9170.00000", "2019-12-31": "9239.00000", "2019-09-30": "9560.00000", "2019-06-30": "9478.00000", "2019-03-31": "9522.00000", "2018-12-31": "9621.00000", "2018-09-30": "9917.00000", "2018-06-30": "9934.00000", "2018-03-31": "10379.00000", "2017-12-31": "10439.00000", "2017-09-30": "11213.00000", "2017-06-30": "10795.00000", "2017-03-31": "10736.00000", "2016-12-31": "13090.00000", "2016-09-30": "14999.00000", "2016-06-30": "15076.00000", "2016-03-31": "15345.00000", "2015-12-31": "16075.00000", "2015-09-30": "15440.00000", "2015-06-30": "15570.00000", "2015-03-31": "16062.00000", "2014-12-31": "16556.00000", "2014-09-30": "15620.00000", "2014-06-30": "15754.00000", "2014-03-31": "16183.00000", "2013-12-31": "16268.00000", "2013-09-30": "16487.00000", "2013-06-30": "17104.00000", "2013-03-31": "17570.00000", "2012-12-31": "18002.00000", "2012-09-30": "17524.00000", "2012-06-30": "17346.00000", "2012-03-31": "18411.00000", "2011-12-31": "17742.00000", "2011-09-30": "17272.00000", "2011-06-30": "17605.00000", "2011-03-31": "17846.00000", "2010-12-31": "18092.00000", "2010-09-30": "18442.00000", "2010-06-30": "18330.00000", "2010-03-31": "18931.00000", "2009-12-31": "16841.00000", "2009-09-30": "14722.00000", "2009-06-30": "15299.00000", "2009-03-31": "14971.00000", "2008-12-31": "16089.00000", "2008-09-30": "16123.00000", "2008-06-30": "16358.00000", "2008-03-31": "15964.00000", "2007-12-31": "14955.00000", "2007-09-30": "15539.00000", "2007-06-30": "15457.00000", "2007-03-31": "14251.00000", "2006-12-31": "14629.00000", "2006-09-30": "14399.00000", "2006-06-30": "14330.00000", "2006-03-31": "14877.00000", "2005-12-31": "14745.00000", "2005-09-30": "14814.00000", "2005-06-30": "15291.00000", "2005-03-31": "17094.00000"}, "Common Stock Net": {"2020-12-31": "198.00000", "2020-09-30": "214.00000", "2020-06-30": "213.00000", "2020-03-31": "213.00000", "2019-12-31": "215.00000", "2019-09-30": "221.00000", "2019-06-30": "225.00000", "2019-03-31": "230.00000", "2018-12-31": "232.00000", "2018-09-30": "256.00000", "2018-06-30": "255.00000", "2018-03-31": "255.00000", "2017-12-31": "255.00000", "2017-09-30": "255.00000", "2017-06-30": "254.00000", "2017-03-31": "1017.00000", "2016-12-31": "254.00000", "2016-09-30": "1014.00000", "2016-06-30": "1013.00000", "2016-03-31": "1013.00000", "2015-12-31": "1013.00000", "2015-09-30": "1078.00000", "2015-06-30": "1097.00000", "2015-03-31": "1113.00000", "2014-12-31": "1124.00000", "2014-09-30": "1160.00000", "2014-06-30": "1165.00000", "2014-03-31": "1186.00000", "2013-12-31": "1210.00000", "2013-09-30": "1247.00000", "2013-06-30": "1233.00000", "2013-03-31": "1228.00000", "2012-12-31": "1239.00000", "2012-09-30": "1322.00000", "2012-06-30": "1348.00000", "2012-03-31": "1348.00000", "2011-12-31": "1353.00000", "2011-09-30": "1425.00000", "2011-06-30": "1403.00000", "2011-03-31": "1401.00000", "2010-12-31": "1398.00000", "2010-09-30": "1388.00000", "2010-06-30": "1384.00000", "2010-03-31": "1380.00000", "2009-12-31": "871.00000", "2009-09-30": "870.00000", "2009-06-30": "870.00000", "2009-03-31": "3330.00000", "2008-12-31": "866.00000", "2008-09-30": "3393.00000", "2008-06-30": "3678.00000", "2008-03-31": "4029.00000", "2007-12-31": "4096.00000", "2007-09-30": "4375.00000", "2007-06-30": "4401.00000", "2007-03-31": "4576.00000", "2006-12-31": "4666.00000", "2006-09-30": "5069.00000", "2006-06-30": "920.00000", "2006-03-31": "935.00000", "2005-12-31": "4741.00000", "2005-09-30": "960.00000", "2005-06-30": "4930.00000", "2005-03-31": "4909.00000"}, "Retained Earnings (Accumulated Deficit)": {"2020-12-31": "6281.00000", "2020-09-30": "6258.00000", "2020-06-30": "6223.00000", "2020-03-31": "6252.00000", "2019-12-31": "6312.00000", "2019-09-30": "5552.00000", "2019-06-30": "5391.00000", "2019-03-31": "5270.00000", "2018-12-31": "5072.00000", "2018-09-30": "4997.00000", "2018-06-30": "4974.00000", "2018-03-31": "4927.00000", "2017-12-31": "4856.00000", "2017-09-30": "5116.00000", "2017-06-30": "5004.00000", "2017-03-31": "4987.00000", "2016-12-31": "4934.00000", "2016-09-30": "9801.00000", "2016-06-30": "9704.00000", "2016-03-31": "9635.00000", "2015-12-31": "9686.00000", "2015-09-30": "9493.00000", "2015-06-30": "9605.00000", "2015-03-31": "9631.00000", "2014-12-31": "9535.00000", "2014-09-30": "9412.00000", "2014-06-30": "9226.00000", "2014-03-31": "9039.00000", "2013-12-31": "8839.00000", "2013-09-30": "8608.00000", "2013-06-30": "8400.00000", "2013-03-31": "8208.00000", "2012-12-31": "7991.00000", "2012-09-30": "7716.00000", "2012-06-30": "7496.00000", "2012-03-31": "7250.00000", "2011-12-31": "7046.00000", "2011-09-30": "6736.00000", "2011-06-30": "6482.00000", "2011-03-31": "6230.00000", "2010-12-31": "6016.00000", "2010-09-30": "5912.00000", "2010-06-30": "5729.00000", "2010-03-31": "5568.00000", "2009-12-31": "5674.00000", "2009-09-30": "5532.00000", "2009-06-30": "5448.00000", "2009-03-31": "5345.00000", "2008-12-31": "5341.00000", "2008-09-30": "5378.00000", "2008-06-30": "5157.00000", "2008-03-31": "4990.00000", "2007-12-31": "5288.00000", "2007-09-30": "4953.00000", "2007-06-30": "4699.00000", "2007-03-31": "4433.00000", "2006-12-31": "4202.00000", "2006-09-30": "3988.00000", "2006-06-30": "3452.00000", "2006-03-31": "3207.00000", "2005-12-31": "3021.00000", "2005-09-30": "2754.00000", "2005-06-30": "2705.00000", "2005-03-31": "2297.00000"}, "Comprehensive Income": {"2020-12-31": "-3332.00000", "2020-09-30": "-3593.00000", "2020-06-30": "-3681.00000", "2020-03-31": "-3784.00000", "2019-12-31": "-3646.00000", "2019-09-30": "-3850.00000", "2019-06-30": "-3647.00000", "2019-03-31": "-3652.00000", "2018-12-31": "-3565.00000", "2018-09-30": "-3711.00000", "2018-06-30": "-3772.00000", "2018-03-31": "-3537.00000", "2017-12-31": "-3748.00000", "2017-09-30": "-3895.00000", "2017-06-30": "-4010.00000", "2017-03-31": "-4179.00000", "2016-12-31": "-4337.00000", "2016-09-30": "-4632.00000", "2016-06-30": "-4586.00000", "2016-03-31": "-4554.00000", "2015-12-31": "-4642.00000", "2015-09-30": "-4399.00000", "2015-06-30": "-4299.00000", "2015-03-31": "-4540.00000", "2014-12-31": "-4159.00000", "2014-09-30": "-3228.00000", "2014-06-30": "-2802.00000", "2014-03-31": "-2838.00000", "2013-12-31": "-2779.00000", "2013-09-30": "-3277.00000", "2013-06-30": "-3522.00000", "2013-03-31": "-3495.00000", "2012-12-31": "-3227.00000", "2012-09-30": "-2546.00000", "2012-06-30": "-2878.00000", "2012-03-31": "-2654.00000", "2011-12-31": "-2716.00000", "2011-09-30": "-1886.00000", "2011-06-30": "-1575.00000", "2011-03-31": "-1748.00000", "2010-12-31": "-1988.00000", "2010-09-30": "-1871.00000", "2010-06-30": "-2403.00000", "2010-03-31": "-2193.00000", "2009-12-31": "-1988.00000", "2009-09-30": "-1967.00000", "2009-06-30": "-2129.00000", "2009-03-31": "-2730.00000", "2008-12-31": "-2416.00000", "2008-09-30": "-1178.00000", "2008-06-30": "-568.00000", "2008-03-31": "-556.00000", "2007-12-31": "-765.00000", "2007-09-30": "-1258.00000", "2007-06-30": "-1487.00000", "2007-03-31": "-1651.00000", "2006-12-31": "-1647.00000", "2006-09-30": "-871.00000", "2006-06-30": "-930.00000", "2006-03-31": "-1138.00000", "2005-12-31": "-1240.00000", "2005-09-30": "-1135.00000", "2005-06-30": "-1110.00000", "2005-03-31": "-916.00000"}, "Other Share Holders Equity": {"2020-12-31": "", "2020-09-30": "", "2020-06-30": "", "2020-03-31": "", "2019-12-31": "", "2019-09-30": "", "2019-06-30": "", "2019-03-31": "", "2018-12-31": "", "2018-09-30": "", "2018-06-30": "", "2018-03-31": "", "2017-12-31": "", "2017-09-30": "", "2017-06-30": "", "2017-03-31": "", "2016-12-31": "", "2016-09-30": "", "2016-06-30": "", "2016-03-31": "", "2015-12-31": "", "2015-09-30": "", "2015-06-30": "", "2015-03-31": "", "2014-12-31": "", "2014-09-30": "", "2014-06-30": "", "2014-03-31": "", "2013-12-31": "", "2013-09-30": "", "2013-06-30": "", "2013-03-31": "", "2012-12-31": "", "2012-09-30": "", "2012-06-30": "", "2012-03-31": "", "2011-12-31": "", "2011-09-30": "", "2011-06-30": "", "2011-03-31": "", "2010-12-31": "", "2010-09-30": "", "2010-06-30": "", "2010-03-31": "", "2009-12-31": "", "2009-09-30": "", "2009-06-30": "", "2009-03-31": "", "2008-12-31": "", "2008-09-30": "", "2008-06-30": "", "2008-03-31": "", "2007-12-31": "", "2007-09-30": "", "2007-06-30": "", "2007-03-31": "", "2006-12-31": "", "2006-09-30": "", "2006-06-30": "", "2006-03-31": "", "2005-12-31": "", "2005-09-30": "", "2005-06-30": "", "2005-03-31": ""}, "Share Holder Equity": {"2020-12-31": "5810.00000", "2020-09-30": "5666.00000", "2020-06-30": "5695.00000", "2020-03-31": "5614.00000", "2019-12-31": "5808.00000", "2019-09-30": "5100.00000", "2019-06-30": "5206.00000", "2019-03-31": "5277.00000", "2018-12-31": "5253.00000", "2018-09-30": "5436.00000", "2018-06-30": "5622.00000", "2018-03-31": "5796.00000", "2017-12-31": "5507.00000", "2017-09-30": "5604.00000", "2017-06-30": "5372.00000", "2017-03-31": "5180.00000", "2016-12-31": "4961.00000", "2016-09-30": "9643.00000", "2016-06-30": "9565.00000", "2016-03-31": "9512.00000", "2015-12-31": "9466.00000", "2015-09-30": "9506.00000", "2015-06-30": "10446.00000", "2015-03-31": "10595.00000", "2014-12-31": "11102.00000", "2014-09-30": "12257.00000", "2014-06-30": "12754.00000", "2014-03-31": "12685.00000", "2013-12-31": "12768.00000", "2013-09-30": "12529.00000", "2013-06-30": "12223.00000", "2013-03-31": "11995.00000", "2012-12-31": "12013.00000", "2012-09-30": "12715.00000", "2012-06-30": "12495.00000", "2012-03-31": "12740.00000", "2011-12-31": "12374.00000", "2011-09-30": "13269.00000", "2011-06-30": "13490.00000", "2011-03-31": "13013.00000", "2010-12-31": "12508.00000", "2010-09-30": "12405.00000", "2010-06-30": "11684.00000", "2010-03-31": "11692.00000", "2009-12-31": "7191.00000", "2009-09-30": "7031.00000", "2009-06-30": "6757.00000", "2009-03-31": "6069.00000", "2008-12-31": "6358.00000", "2008-09-30": "7502.00000", "2008-06-30": "7954.00000", "2008-03-31": "8155.00000", "2007-12-31": "8588.00000", "2007-09-30": "7858.00000", "2007-06-30": "7549.00000", "2007-03-31": "7140.00000", "2006-12-31": "7080.00000", "2006-09-30": "7961.00000", "2006-06-30": "7551.00000", "2006-03-31": "7296.00000", "2005-12-31": "7208.00000", "2005-09-30": "7456.00000", "2005-06-30": "7414.00000", "2005-03-31": "7179.00000"}, "Total Liabilities And Share Holders Equity": {"2020-12-31": "14741.00000", "2020-09-30": "15352.00000", "2020-06-30": "14125.00000", "2020-03-31": "14784.00000", "2019-12-31": "15047.00000", "2019-09-30": "14660.00000", "2019-06-30": "14684.00000", "2019-03-31": "14799.00000", "2018-12-31": "14874.00000", "2018-09-30": "15353.00000", "2018-06-30": "15556.00000", "2018-03-31": "16175.00000", "2017-12-31": "15946.00000", "2017-09-30": "16817.00000", "2017-06-30": "16167.00000", "2017-03-31": "15916.00000", "2016-12-31": "18051.00000", "2016-09-30": "24642.00000", "2016-06-30": "24641.00000", "2016-03-31": "24857.00000", "2015-12-31": "25541.00000", "2015-09-30": "24946.00000", "2015-06-30": "26016.00000", "2015-03-31": "26657.00000", "2014-12-31": "27658.00000", "2014-09-30": "27877.00000", "2014-06-30": "28508.00000", "2014-03-31": "28868.00000", "2013-12-31": "29036.00000", "2013-09-30": "29016.00000", "2013-06-30": "29327.00000", "2013-03-31": "29565.00000", "2012-12-31": "30015.00000", "2012-09-30": "30239.00000", "2012-06-30": "29841.00000", "2012-03-31": "31151.00000", "2011-12-31": "30116.00000", "2011-09-30": "30541.00000", "2011-06-30": "31095.00000", "2011-03-31": "30859.00000", "2010-12-31": "30600.00000", "2010-09-30": "30847.00000", "2010-06-30": "30014.00000", "2010-03-31": "30623.00000", "2009-12-31": "24032.00000", "2009-09-30": "21753.00000", "2009-06-30": "22056.00000", "2009-03-31": "21040.00000", "2008-12-31": "22447.00000", "2008-09-30": "23625.00000", "2008-06-30": "24312.00000", "2008-03-31": "24119.00000", "2007-12-31": "23543.00000", "2007-09-30": "23397.00000", "2007-06-30": "23006.00000", "2007-03-31": "21391.00000", "2006-12-31": "21709.00000", "2006-09-30": "22360.00000", "2006-06-30": "21881.00000", "2006-03-31": "22173.00000", "2005-12-31": "21953.00000", "2005-09-30": "22270.00000", "2005-06-30": "22705.00000", "2005-03-31": "24273.00000"}}, "cash flow statement": {"Net Income/Loss": {"2020-12-31": "192.00000", "2019-12-31": "1361.00000", "2018-12-31": "374.00000", "2017-12-31": "207.00000", "2016-12-31": "-460.00000", "2015-12-31": "466.00000", "2014-12-31": "1036.00000", "2013-12-31": "1179.00000", "2012-12-31": "1223.00000", "2011-12-31": "1328.00000", "2010-12-31": "637.00000", "2009-12-31": "516.00000", "2008-12-31": "265.00000", "2007-12-31": "1165.00000", "2006-12-31": "1210.00000", "2005-12-31": "978.00000"}, "Total Depreciation And Amortization - Cash Flow": {"2020-12-31": "368.00000", "2019-12-31": "430.00000", "2018-12-31": "526.00000", "2017-12-31": "527.00000", "2016-12-31": "563.00000", "2015-12-31": "590.00000", "2014-12-31": "639.00000", "2013-12-31": "1358.00000", "2012-12-31": "1301.00000", "2011-12-31": "1251.00000", "2010-12-31": "1097.00000", "2009-12-31": "698.00000", "2008-12-31": "669.00000", "2007-12-31": "656.00000", "2006-12-31": "636.00000", "2005-12-31": "641.00000"}, "Other Non-Cash Items": {"2020-12-31": "84.00000", "2019-12-31": "-393.00000", "2018-12-31": "239.00000", "2017-12-31": "-311.00000", "2016-12-31": "1251.00000", "2015-12-31": "1351.00000", "2014-12-31": "1130.00000", "2013-12-31": "460.00000", "2012-12-31": "415.00000", "2011-12-31": "192.00000", "2010-12-31": "546.00000", "2009-12-31": "105.00000", "2008-12-31": "166.00000", "2007-12-31": "-96.00000", "2006-12-31": "-41.00000", "2005-12-31": "-295.00000"}, "Total Non-Cash Items": {"2020-12-31": "452.00000", "2019-12-31": "37.00000", "2018-12-31": "765.00000", "2017-12-31": "216.00000", "2016-12-31": "1814.00000", "2015-12-31": "1941.00000", "2014-12-31": "1769.00000", "2013-12-31": "1818.00000", "2012-12-31": "1716.00000", "2011-12-31": "1443.00000", "2010-12-31": "1643.00000", "2009-12-31": "803.00000", "2008-12-31": "835.00000", "2007-12-31": "560.00000", "2006-12-31": "595.00000", "2005-12-31": "346.00000"}, "Change In Accounts Receivable": {"2020-12-31": "369.00000", "2019-12-31": "10.00000", "2018-12-31": "31.00000", "2017-12-31": "-531.00000", "2016-12-31": "-151.00000", "2015-12-31": "-128.00000", "2014-12-31": "-392.00000", "2013-12-31": "-576.00000", "2012-12-31": "-776.00000", "2011-12-31": "-296.00000", "2010-12-31": "-118.00000", "2009-12-31": "467.00000", "2008-12-31": "57.00000", "2007-12-31": "-79.00000", "2006-12-31": "-30.00000", "2005-12-31": "-34.00000"}, "Change In Inventories": {"2020-12-31": "-134.00000", "2019-12-31": "109.00000", "2018-12-31": "17.00000", "2017-12-31": "-73.00000", "2016-12-31": "7.00000", "2015-12-31": "-101.00000", "2014-12-31": "-22.00000", "2013-12-31": "-38.00000", "2012-12-31": "", "2011-12-31": "-124.00000", "2010-12-31": "-151.00000", "2009-12-31": "319.00000", "2008-12-31": "-114.00000", "2007-12-31": "-43.00000", "2006-12-31": "11.00000", "2005-12-31": "-162.00000"}, "Change In Accounts Payable": {"2020-12-31": "", "2019-12-31": "", "2018-12-31": "", "2017-12-31": "", "2016-12-31": "", "2015-12-31": "", "2014-12-31": "", "2013-12-31": "", "2012-12-31": "", "2011-12-31": "", "2010-12-31": "", "2009-12-31": "", "2008-12-31": "", "2007-12-31": "", "2006-12-31": "", "2005-12-31": ""}, "Change In Assets/Liabilities": {"2020-12-31": "-91.00000", "2019-12-31": "-15.00000", "2018-12-31": "-15.00000", "2017-12-31": "-79.00000", "2016-12-31": "-173.00000", "2015-12-31": "-320.00000", "2014-12-31": "-340.00000", "2013-12-31": "169.00000", "2012-12-31": "346.00000", "2011-12-31": "-440.00000", "2010-12-31": "-181.00000", "2009-12-31": "-74.00000", "2008-12-31": "-119.00000", "2007-12-31": "-54.00000", "2006-12-31": "-76.00000", "2005-12-31": "211.00000"}, "Total Change In Assets/Liabilities": {"2020-12-31": "-136.00000", "2019-12-31": "-71.00000", "2018-12-31": "-36.00000", "2017-12-31": "-699.00000", "2016-12-31": "-743.00000", "2015-12-31": "-786.00000", "2014-12-31": "-669.00000", "2013-12-31": "-474.00000", "2012-12-31": "-277.00000", "2011-12-31": "-689.00000", "2010-12-31": "394.00000", "2009-12-31": "851.00000", "2008-12-31": "-57.00000", "2007-12-31": "182.00000", "2006-12-31": "-224.00000", "2005-12-31": "117.00000"}, "Cash Flow From Operating Activities": {"2020-12-31": "548.00000", "2019-12-31": "1333.00000", "2018-12-31": "1140.00000", "2017-12-31": "-267.00000", "2016-12-31": "798.00000", "2015-12-31": "1611.00000", "2014-12-31": "2063.00000", "2013-12-31": "2375.00000", "2012-12-31": "2580.00000", "2011-12-31": "1961.00000", "2010-12-31": "2726.00000", "2009-12-31": "2208.00000", "2008-12-31": "939.00000", "2007-12-31": "1871.00000", "2006-12-31": "1617.00000", "2005-12-31": "1420.00000"}, "Net Change In Property, Plant, And Equipment": {"2020-12-31": "-74.00000", "2019-12-31": "-65.00000", "2018-12-31": "-90.00000", "2017-12-31": "-105.00000", "2016-12-31": "-138.00000", "2015-12-31": "8.00000", "2014-12-31": "-66.00000", "2013-12-31": "-260.00000", "2012-12-31": "-379.00000", "2011-12-31": "-310.00000", "2010-12-31": "-303.00000", "2009-12-31": "-78.00000", "2008-12-31": "-168.00000", "2007-12-31": "-211.00000", "2006-12-31": "-133.00000", "2005-12-31": "-176.00000"}, "Net Change In Intangible Assets": {"2020-12-31": "", "2019-12-31": "", "2018-12-31": "", "2017-12-31": "", "2016-12-31": "", "2015-12-31": "", "2014-12-31": "", "2013-12-31": "", "2012-12-31": "", "2011-12-31": "", "2010-12-31": "", "2009-12-31": "", "2008-12-31": "", "2007-12-31": "", "2006-12-31": "", "2005-12-31": ""}, "Net Acquisitions/Divestitures": {"2020-12-31": "-173.00000", "2019-12-31": "-21.00000", "2018-12-31": "59.00000", "2017-12-31": "-64.00000", "2016-12-31": "-5.00000", "2015-12-31": "-13.00000", "2014-12-31": "-24.00000", "2013-12-31": "-129.00000", "2012-12-31": "-276.00000", "2011-12-31": "-212.00000", "2010-12-31": "-1734.00000", "2009-12-31": "-163.00000", "2008-12-31": "-155.00000", "2007-12-31": "-1615.00000", "2006-12-31": "-229.00000", "2005-12-31": "104.00000"}, "Net Change In Short-term Investments": {"2020-12-31": "", "2019-12-31": "", "2018-12-31": "", "2017-12-31": "", "2016-12-31": "", "2015-12-31": "", "2014-12-31": "", "2013-12-31": "", "2012-12-31": "", "2011-12-31": "", "2010-12-31": "", "2009-12-31": "", "2008-12-31": "", "2007-12-31": "", "2006-12-31": "", "2005-12-31": "-247.00000"}, "Net Change In Long-Term Investments": {"2020-12-31": "", "2019-12-31": "", "2018-12-31": "", "2017-12-31": "", "2016-12-31": "", "2015-12-31": "", "2014-12-31": "", "2013-12-31": "", "2012-12-31": "", "2011-12-31": "", "2010-12-31": "", "2009-12-31": "", "2008-12-31": "", "2007-12-31": "", "2006-12-31": "", "2005-12-31": ""}, "Net Change In Investments - Total": {"2020-12-31": "", "2019-12-31": "", "2018-12-31": "", "2017-12-31": "", "2016-12-31": "", "2015-12-31": "", "2014-12-31": "", "2013-12-31": "", "2012-12-31": "", "2011-12-31": "", "2010-12-31": "", "2009-12-31": "", "2008-12-31": "", "2007-12-31": "", "2006-12-31": "", "2005-12-31": "-247.00000"}, "Investing Activities - Other": {"2020-12-31": "1.00000", "2019-12-31": "2234.00000", "2018-12-31": "2.00000", "2017-12-31": "334.00000", "2016-12-31": "58.00000", "2015-12-31": "513.00000", "2014-12-31": "-613.00000", "2013-12-31": "-63.00000", "2012-12-31": "-106.00000", "2011-12-31": "-153.00000", "2010-12-31": "-141.00000", "2009-12-31": "-102.00000", "2008-12-31": "-118.00000", "2007-12-31": "214.00000", "2006-12-31": "219.00000", "2005-12-31": "24.00000"}, "Cash Flow From Investing Activities": {"2020-12-31": "-246.00000", "2019-12-31": "2148.00000", "2018-12-31": "-29.00000", "2017-12-31": "165.00000", "2016-12-31": "-85.00000", "2015-12-31": "508.00000", "2014-12-31": "-703.00000", "2013-12-31": "-452.00000", "2012-12-31": "-761.00000", "2011-12-31": "-675.00000", "2010-12-31": "-2178.00000", "2009-12-31": "-343.00000", "2008-12-31": "-441.00000", "2007-12-31": "-1612.00000", "2006-12-31": "-143.00000", "2005-12-31": "-295.00000"}, "Net Long-Term Debt": {"2020-12-31": "133.00000", "2019-12-31": "-950.00000", "2018-12-31": "-302.00000", "2017-12-31": "-824.00000", "2016-12-31": "-963.00000", "2015-12-31": "-223.00000", "2014-12-31": "-320.00000", "2013-12-31": "-439.00000", "2012-12-31": "-108.00000", "2011-12-31": "49.00000", "2010-12-31": "-3056.00000", "2009-12-31": "866.00000", "2008-12-31": "699.00000", "2007-12-31": "-55.00000", "2006-12-31": "-315.00000", "2005-12-31": "-2509.00000"}, "Net Current Debt": {"2020-12-31": "", "2019-12-31": "", "2018-12-31": "-5.00000", "2017-12-31": "2.00000", "2016-12-31": "1888.00000", "2015-12-31": "-147.00000", "2014-12-31": "145.00000", "2013-12-31": "5.00000", "2012-12-31": "", "2011-12-31": "", "2010-12-31": "", "2009-12-31": "", "2008-12-31": "", "2007-12-31": "", "2006-12-31": "", "2005-12-31": ""}, "Debt Issuance/Retirement Net - Total": {"2020-12-31": "133.00000", "2019-12-31": "-950.00000", "2018-12-31": "-307.00000", "2017-12-31": "-822.00000", "2016-12-31": "925.00000", "2015-12-31": "-370.00000", "2014-12-31": "-175.00000", "2013-12-31": "-434.00000", "2012-12-31": "-108.00000", "2011-12-31": "49.00000", "2010-12-31": "-3056.00000", "2009-12-31": "866.00000", "2008-12-31": "699.00000", "2007-12-31": "-55.00000", "2006-12-31": "-315.00000", "2005-12-31": "-2509.00000"}, "Net Common Equity Issued/Repurchased": {"2020-12-31": "-300.00000", "2019-12-31": "-600.00000", "2018-12-31": "-700.00000", "2017-12-31": "", "2016-12-31": "", "2015-12-31": "-1334.00000", "2014-12-31": "-1057.00000", "2013-12-31": "-629.00000", "2012-12-31": "-1050.00000", "2011-12-31": "-684.00000", "2010-12-31": "168.00000", "2009-12-31": "-11.00000", "2008-12-31": "-839.00000", "2007-12-31": "-567.00000", "2006-12-31": "-987.00000", "2005-12-31": "-393.00000"}, "Net Total Equity Issued/Repurchased": {"2020-12-31": "-300.00000", "2019-12-31": "-600.00000", "2018-12-31": "-700.00000", "2017-12-31": "", "2016-12-31": "", "2015-12-31": "-1334.00000", "2014-12-31": "-1057.00000", "2013-12-31": "-629.00000", "2012-12-31": "-1050.00000", "2011-12-31": "-684.00000", "2010-12-31": "168.00000", "2009-12-31": "-11.00000", "2008-12-31": "-839.00000", "2007-12-31": "-567.00000", "2006-12-31": "-987.00000", "2005-12-31": "-393.00000"}, "Total Common And Preferred Stock Dividends Paid": {"2020-12-31": "-230.00000", "2019-12-31": "-243.00000", "2018-12-31": "-269.00000", "2017-12-31": "-291.00000", "2016-12-31": "-331.00000", "2015-12-31": "-326.00000", "2014-12-31": "-313.00000", "2013-12-31": "-352.00000", "2012-12-31": "-255.00000", "2011-12-31": "-265.00000", "2010-12-31": "-230.00000", "2009-12-31": "-149.00000", "2008-12-31": "-154.00000", "2007-12-31": "", "2006-12-31": "-43.00000", "2005-12-31": "-58.00000"}, "Financial Activities - Other": {"2020-12-31": "-19.00000", "2019-12-31": "-41.00000", "2018-12-31": "-25.00000", "2017-12-31": "128.00000", "2016-12-31": "-10.00000", "2015-12-31": "-44.00000", "2014-12-31": "-79.00000", "2013-12-31": "13.00000", "2012-12-31": "-59.00000", "2011-12-31": "-686.00000", "2010-12-31": "2.00000", "2009-12-31": "-14.00000", "2008-12-31": "-17.00000", "2007-12-31": "3.00000", "2006-12-31": "-83.00000", "2005-12-31": "-2.00000"}, "Cash Flow From Financial Activities": {"2020-12-31": "-416.00000", "2019-12-31": "-1834.00000", "2018-12-31": "-1301.00000", "2017-12-31": "-985.00000", "2016-12-31": "584.00000", "2015-12-31": "-2074.00000", "2014-12-31": "-1624.00000", "2013-12-31": "-1402.00000", "2012-12-31": "-1472.00000", "2011-12-31": "-1586.00000", "2010-12-31": "-3116.00000", "2009-12-31": "692.00000", "2008-12-31": "-311.00000", "2007-12-31": "-619.00000", "2006-12-31": "-1428.00000", "2005-12-31": "-2962.00000"}, "Net Cash Flow": {"2020-12-31": "-104.00000", "2019-12-31": "1647.00000", "2018-12-31": "-220.00000", "2017-12-31": "-1034.00000", "2016-12-31": "1018.00000", "2015-12-31": "-24.00000", "2014-12-31": "-373.00000", "2013-12-31": "518.00000", "2012-12-31": "344.00000", "2011-12-31": "-309.00000", "2010-12-31": "-2588.00000", "2009-12-31": "2570.00000", "2008-12-31": "130.00000", "2007-12-31": "-300.00000", "2006-12-31": "77.00000", "2005-12-31": "-1896.00000"}, "Stock-Based Compensation": {"2020-12-31": "42.00000", "2019-12-31": "50.00000", "2018-12-31": "57.00000", "2017-12-31": "52.00000", "2016-12-31": "50.00000", "2015-12-31": "27.00000", "2014-12-31": "63.00000", "2013-12-31": "90.00000", "2012-12-31": "125.00000", "2011-12-31": "123.00000", "2010-12-31": "123.00000", "2009-12-31": "85.00000", "2008-12-31": "85.00000", "2007-12-31": "89.00000", "2006-12-31": "64.00000", "2005-12-31": "40.00000"}, "Common Stock Dividends Paid": {"2020-12-31": "-230.00000", "2019-12-31": "-243.00000", "2018-12-31": "-269.00000", "2017-12-31": "-291.00000", "2016-12-31": "-331.00000", "2015-12-31": "-302.00000", "2014-12-31": "-289.00000", "2013-12-31": "-328.00000", "2012-12-31": "-231.00000", "2011-12-31": "-241.00000", "2010-12-31": "-215.00000", "2009-12-31": "-149.00000", "2008-12-31": "-154.00000", "2007-12-31": "", "2006-12-31": "", "2005-12-31": ""}}, "cash flow statement, quarterly": {"Net Income/Loss": {"2020-12-31": 77, "2020-09-30": 88, "2020-06-30": 29, "2020-03-31": "-2.00000", "2019-12-31": 819, "2019-09-30": 358, "2019-06-30": 48, "2019-03-31": "136.00000", "2018-12-31": 141, "2018-09-30": 93, "2018-06-30": 114, "2018-03-31": "26.00000", "2017-12-31": -187, "2017-09-30": 182, "2017-06-30": 170, "2017-03-31": "42.00000", "2016-12-31": -840, "2016-09-30": 186, "2016-06-30": 158, "2016-03-31": "36.00000", "2015-12-31": 250, "2015-09-30": -31, "2015-06-30": 17, "2015-03-31": "230.00000", "2014-12-31": 206, "2014-09-30": 272, "2014-06-30": 272, "2014-03-31": "286.00000", "2013-12-31": 311, "2013-09-30": 291, "2013-06-30": 277, "2013-03-31": "300.00000", "2012-12-31": 343, "2012-09-30": 288, "2012-06-30": 316, "2012-03-31": "276.00000", "2011-12-31": 383, "2011-09-30": 329, "2011-06-30": 327, "2011-03-31": "289.00000", "2010-12-31": 179, "2010-09-30": 256, "2010-06-30": 236, "2010-03-31": "-34.00000", "2009-12-31": 191, "2009-09-30": 129, "2009-06-30": 147, "2009-03-31": "49.00000", "2008-12-31": 9, "2008-09-30": 267, "2008-06-30": 233, "2008-03-31": "-244.00000", "2007-12-31": 412, "2007-09-30": 254, "2007-06-30": 266, "2007-03-31": "233.00000", "2006-12-31": 214, "2006-09-30": 536, "2006-06-30": 260, "2006-03-31": "200.00000", "2005-12-31": 282, "2005-09-30": 63, "2005-06-30": 423, "2005-03-31": "210.00000"}, "Total Depreciation And Amortization - Cash Flow": {"2020-12-31": 96, "2020-09-30": 184, "2020-06-30": -6, "2020-03-31": "94.00000", "2019-12-31": 98, "2019-09-30": 222, "2019-06-30": -8, "2019-03-31": "118.00000", "2018-12-31": 128, "2018-09-30": 122, "2018-06-30": 138, "2018-03-31": "138.00000", "2017-12-31": 128, "2017-09-30": 131, "2017-06-30": 135, "2017-03-31": "133.00000", "2016-12-31": 137, "2016-09-30": 140, "2016-06-30": 144, "2016-03-31": "142.00000", "2015-12-31": -320, "2015-09-30": 317, "2015-06-30": 297, "2015-03-31": "296.00000", "2014-12-31": -431, "2014-09-30": 349, "2014-06-30": 376, "2014-03-31": "345.00000", "2013-12-31": 346, "2013-09-30": 340, "2013-06-30": 343, "2013-03-31": "329.00000", "2012-12-31": 336, "2012-09-30": 339, "2012-06-30": 313, "2012-03-31": "313.00000", "2011-12-31": 361, "2011-09-30": 301, "2011-06-30": 298, "2011-03-31": "291.00000", "2010-12-31": 293, "2010-09-30": 284, "2010-06-30": 279, "2010-03-31": "241.00000", "2009-12-31": 185, "2009-09-30": 176, "2009-06-30": 168, "2009-03-31": "169.00000", "2008-12-31": 171, "2008-09-30": 175, "2008-06-30": 178, "2008-03-31": "145.00000", "2007-12-31": 171, "2007-09-30": 171, "2007-06-30": 162, "2007-03-31": "152.00000", "2006-12-31": 155, "2006-09-30": 163, "2006-06-30": 163, "2006-03-31": "155.00000", "2005-12-31": 158, "2005-09-30": 157, "2005-06-30": 167, "2005-03-31": "159.00000"}, "Other Non-Cash Items": {"2020-12-31": 24, "2020-09-30": 63, "2020-06-30": -78, "2020-03-31": "75.00000", "2019-12-31": -355, "2019-09-30": -61, "2019-06-30": 11, "2019-03-31": "12.00000", "2018-12-31": 226, "2018-09-30": -25, "2018-06-30": -10, "2018-03-31": "48.00000", "2017-12-31": 330, "2017-09-30": -650, "2017-06-30": 3, "2017-03-31": "6.00000", "2016-12-31": 947, "2016-09-30": 178, "2016-06-30": 83, "2016-03-31": "43.00000", "2015-12-31": 990, "2015-09-30": 21, "2015-06-30": 282, "2015-03-31": "58.00000", "2014-12-31": 977, "2014-09-30": 6, "2014-06-30": 93, "2014-03-31": "54.00000", "2013-12-31": 211, "2013-09-30": 68, "2013-06-30": 138, "2013-03-31": "43.00000", "2012-12-31": 289, "2012-09-30": 40, "2012-06-30": 54, "2012-03-31": "32.00000", "2011-12-31": 311, "2011-09-30": -122, "2011-06-30": -5, "2011-03-31": "8.00000", "2010-12-31": 374, "2010-09-30": -76, "2010-06-30": 38, "2010-03-31": "210.00000", "2009-12-31": 182, "2009-09-30": -25, "2009-06-30": -18, "2009-03-31": "-34.00000", "2008-12-31": -503, "2008-09-30": -164, "2008-06-30": 75, "2008-03-31": "758.00000", "2007-12-31": 202, "2007-09-30": -212, "2007-06-30": -28, "2007-03-31": "-58.00000", "2006-12-31": 478, "2006-09-30": -181, "2006-06-30": -221, "2006-03-31": "-117.00000", "2005-12-31": 28, "2005-09-30": -117, "2005-06-30": -125, "2005-03-31": "-81.00000"}, "Total Non-Cash Items": {"2020-12-31": 120, "2020-09-30": 247, "2020-06-30": -84, "2020-03-31": "169.00000", "2019-12-31": -257, "2019-09-30": 161, "2019-06-30": 3, "2019-03-31": "130.00000", "2018-12-31": 354, "2018-09-30": 97, "2018-06-30": 128, "2018-03-31": "186.00000", "2017-12-31": 458, "2017-09-30": -519, "2017-06-30": 138, "2017-03-31": "139.00000", "2016-12-31": 1084, "2016-09-30": 318, "2016-06-30": 227, "2016-03-31": "185.00000", "2015-12-31": 670, "2015-09-30": 338, "2015-06-30": 579, "2015-03-31": "354.00000", "2014-12-31": 546, "2014-09-30": 355, "2014-06-30": 469, "2014-03-31": "399.00000", "2013-12-31": 557, "2013-09-30": 408, "2013-06-30": 481, "2013-03-31": "372.00000", "2012-12-31": 625, "2012-09-30": 379, "2012-06-30": 367, "2012-03-31": "345.00000", "2011-12-31": 672, "2011-09-30": 179, "2011-06-30": 293, "2011-03-31": "299.00000", "2010-12-31": 667, "2010-09-30": 208, "2010-06-30": 317, "2010-03-31": "451.00000", "2009-12-31": 367, "2009-09-30": 151, "2009-06-30": 150, "2009-03-31": "135.00000", "2008-12-31": -332, "2008-09-30": 11, "2008-06-30": 253, "2008-03-31": "903.00000", "2007-12-31": 373, "2007-09-30": -41, "2007-06-30": 134, "2007-03-31": "94.00000", "2006-12-31": 633, "2006-09-30": -18, "2006-06-30": -58, "2006-03-31": "38.00000", "2005-12-31": 186, "2005-09-30": 40, "2005-06-30": 42, "2005-03-31": "78.00000"}, "Change In Accounts Receivable": {"2020-12-31": -184, "2020-09-30": 291, "2020-06-30": 96, "2020-03-31": "166.00000", "2019-12-31": -174, "2019-09-30": 213, "2019-06-30": -67, "2019-03-31": "38.00000", "2018-12-31": -6, "2018-09-30": 1, "2018-06-30": -10, "2018-03-31": "46.00000", "2017-12-31": -357, "2017-09-30": -34, "2017-06-30": -63, "2017-03-31": "-77.00000", "2016-12-31": 22, "2016-09-30": -13, "2016-06-30": -111, "2016-03-31": "-49.00000", "2015-12-31": 2, "2015-09-30": 115, "2015-06-30": -6, "2015-03-31": "-239.00000", "2014-12-31": 93, "2014-09-30": -96, "2014-06-30": -150, "2014-03-31": "-239.00000", "2013-12-31": -19, "2013-09-30": -55, "2013-06-30": -139, "2013-03-31": "-363.00000", "2012-12-31": 245, "2012-09-30": -413, "2012-06-30": -156, "2012-03-31": "-452.00000", "2011-12-31": 252, "2011-09-30": -262, "2011-06-30": -15, "2011-03-31": "-271.00000", "2010-12-31": 200, "2010-09-30": -183, "2010-06-30": 62, "2010-03-31": "-197.00000", "2009-12-31": 157, "2009-09-30": 5, "2009-06-30": 138, "2009-03-31": "167.00000", "2008-12-31": -134, "2008-09-30": 259, "2008-06-30": -40, "2008-03-31": "-28.00000", "2007-12-31": 148, "2007-09-30": -331, "2007-06-30": 131, "2007-03-31": "-27.00000", "2006-12-31": -270, "2006-09-30": 352, "2006-06-30": -101, "2006-03-31": "-11.00000", "2005-12-31": 53, "2005-09-30": -38, "2005-06-30": -41, "2005-03-31": "-8.00000"}, "Change In Inventories": {"2020-12-31": 140, "2020-09-30": -175, "2020-06-30": 27, "2020-03-31": "-126.00000", "2019-12-31": 78, "2019-09-30": -33, "2019-06-30": 112, "2019-03-31": "-48.00000", "2018-12-31": 108, "2018-09-30": -20, "2018-06-30": 16, "2018-03-31": "-87.00000", "2017-12-31": 114, "2017-09-30": -99, "2017-06-30": -30, "2017-03-31": "-58.00000", "2016-12-31": 111, "2016-09-30": -12, "2016-06-30": 7, "2016-03-31": "-99.00000", "2015-12-31": 153, "2015-09-30": -61, "2015-06-30": -67, "2015-03-31": "-126.00000", "2014-12-31": 115, "2014-09-30": -34, "2014-06-30": -43, "2014-03-31": "-60.00000", "2013-12-31": 144, "2013-09-30": -41, "2013-06-30": -34, "2013-03-31": "-107.00000", "2012-12-31": 128, "2012-09-30": -44, "2012-06-30": -50, "2012-03-31": "-34.00000", "2011-12-31": 154, "2011-09-30": -141, "2011-06-30": -37, "2011-03-31": "-100.00000", "2010-12-31": 160, "2010-09-30": -113, "2010-06-30": -61, "2010-03-31": "-137.00000", "2009-12-31": 160, "2009-09-30": 77, "2009-06-30": 187, "2009-03-31": "-105.00000", "2008-12-31": 61, "2008-09-30": -10, "2008-06-30": -36, "2008-03-31": "-129.00000", "2007-12-31": 146, "2007-09-30": -29, "2007-06-30": -22, "2007-03-31": "-138.00000", "2006-12-31": 11, "2006-09-30": 152, "2006-06-30": -85, "2006-03-31": "-67.00000", "2005-12-31": 196, "2005-09-30": -221, "2005-06-30": -21, "2005-03-31": "-116.00000"}, "Change In Accounts Payable": {"2020-12-31": 0, "2020-09-30": 0, "2020-06-30": 0, "2020-03-31": "", "2019-12-31": 0, "2019-09-30": 0, "2019-06-30": 0, "2019-03-31": "", "2018-12-31": 0, "2018-09-30": 0, "2018-06-30": 0, "2018-03-31": "", "2017-12-31": 0, "2017-09-30": 0, "2017-06-30": 0, "2017-03-31": "", "2016-12-31": 0, "2016-09-30": 0, "2016-06-30": 0, "2016-03-31": "", "2015-12-31": 0, "2015-09-30": 0, "2015-06-30": 0, "2015-03-31": "", "2014-12-31": 0, "2014-09-30": 0, "2014-06-30": 0, "2014-03-31": "", "2013-12-31": 0, "2013-09-30": 0, "2013-06-30": 0, "2013-03-31": "", "2012-12-31": 0, "2012-09-30": 0, "2012-06-30": 0, "2012-03-31": "", "2011-12-31": 0, "2011-09-30": 0, "2011-06-30": 0, "2011-03-31": "", "2010-12-31": 0, "2010-09-30": 0, "2010-06-30": 0, "2010-03-31": "", "2009-12-31": 0, "2009-09-30": 0, "2009-06-30": 0, "2009-03-31": "", "2008-12-31": 0, "2008-09-30": 0, "2008-06-30": 0, "2008-03-31": "", "2007-12-31": 0, "2007-09-30": 0, "2007-06-30": 0, "2007-03-31": "", "2006-12-31": 0, "2006-09-30": 0, "2006-06-30": 0, "2006-03-31": "", "2005-12-31": 0, "2005-09-30": 0, "2005-06-30": 0, "2005-03-31": ""}, "Change In Assets/Liabilities": {"2020-12-31": 140, "2020-09-30": -204, "2020-06-30": -42, "2020-03-31": "15.00000", "2019-12-31": 63, "2019-09-30": -39, "2019-06-30": -143, "2019-03-31": "104.00000", "2018-12-31": -40, "2018-09-30": 8, "2018-06-30": 10, "2018-03-31": "7.00000", "2017-12-31": -214, "2017-09-30": 54, "2017-06-30": 71, "2017-03-31": "10.00000", "2016-12-31": -74, "2016-09-30": 85, "2016-06-30": -110, "2016-03-31": "-74.00000", "2015-12-31": -272, "2015-09-30": 127, "2015-06-30": -95, "2015-03-31": "-80.00000", "2014-12-31": 4, "2014-09-30": -70, "2014-06-30": -153, "2014-03-31": "-121.00000", "2013-12-31": 34, "2013-09-30": 389, "2013-06-30": -79, "2013-03-31": "-175.00000", "2012-12-31": 183, "2012-09-30": 356, "2012-06-30": -175, "2012-03-31": "-18.00000", "2011-12-31": -231, "2011-09-30": 34, "2011-06-30": -135, "2011-03-31": "-108.00000", "2010-12-31": -213, "2010-09-30": 10, "2010-06-30": -36, "2010-03-31": "58.00000", "2009-12-31": -122, "2009-09-30": 106, "2009-06-30": 20, "2009-03-31": "-78.00000", "2008-12-31": 228, "2008-09-30": -363, "2008-06-30": 3, "2008-03-31": "13.00000", "2007-12-31": -119, "2007-09-30": 207, "2007-06-30": -177, "2007-03-31": "35.00000", "2006-12-31": -9, "2006-09-30": -217, "2006-06-30": 102, "2006-03-31": "48.00000", "2005-12-31": -115, "2005-09-30": 122, "2005-06-30": 81, "2005-03-31": "123.00000"}, "Total Change In Assets/Liabilities": {"2020-12-31": 21, "2020-09-30": -75, "2020-06-30": -70, "2020-03-31": "-12.00000", "2019-12-31": -115, "2019-09-30": 62, "2019-06-30": 14, "2019-03-31": "-32.00000", "2018-12-31": -87, "2018-09-30": 86, "2018-06-30": -26, "2018-03-31": "-9.00000", "2017-12-31": -433, "2017-09-30": -83, "2017-06-30": -38, "2017-03-31": "-145.00000", "2016-12-31": 56, "2016-09-30": -175, "2016-06-30": -294, "2016-03-31": "-330.00000", "2015-12-31": -54, "2015-09-30": -57, "2015-06-30": -172, "2015-03-31": "-503.00000", "2014-12-31": 131, "2014-09-30": -18, "2014-06-30": -399, "2014-03-31": "-383.00000", "2013-12-31": 158, "2013-09-30": 288, "2013-06-30": -198, "2013-03-31": "-722.00000", "2012-12-31": 846, "2012-09-30": -62, "2012-06-30": -456, "2012-03-31": "-605.00000", "2011-12-31": 323, "2011-09-30": -136, "2011-06-30": -285, "2011-03-31": "-591.00000", "2010-12-31": 487, "2010-09-30": -76, "2010-06-30": 93, "2010-03-31": "-110.00000", "2009-12-31": 409, "2009-09-30": 352, "2009-06-30": 272, "2009-03-31": "-182.00000", "2008-12-31": 625, "2008-09-30": -35, "2008-06-30": -20, "2008-03-31": "-627.00000", "2007-12-31": 256, "2007-09-30": 54, "2007-06-30": -8, "2007-03-31": "-120.00000", "2006-12-31": -141, "2006-09-30": -1, "2006-06-30": 9, "2006-03-31": "-91.00000", "2005-12-31": 204, "2005-09-30": 11, "2005-06-30": -169, "2005-03-31": "71.00000"}, "Cash Flow From Operating Activities": {"2020-12-31": 235, "2020-09-30": 279, "2020-06-30": -139, "2020-03-31": "173.00000", "2019-12-31": 438, "2019-09-30": 582, "2019-06-30": 87, "2019-03-31": "226.00000", "2018-12-31": 415, "2018-09-30": 274, "2018-06-30": 235, "2018-03-31": "216.00000", "2017-12-31": -140, "2017-09-30": -445, "2017-06-30": 266, "2017-03-31": "52.00000", "2016-12-31": 276, "2016-09-30": 370, "2016-06-30": 177, "2016-03-31": "-25.00000", "2015-12-31": 878, "2015-09-30": 271, "2015-06-30": 349, "2015-03-31": "113.00000", "2014-12-31": 857, "2014-09-30": 595, "2014-06-30": 325, "2014-03-31": "286.00000", "2013-12-31": 968, "2013-09-30": 961, "2013-06-30": 533, "2013-03-31": "-87.00000", "2012-12-31": 1773, "2012-09-30": 594, "2012-06-30": 228, "2012-03-31": "-15.00000", "2011-12-31": 1278, "2011-09-30": 366, "2011-06-30": 347, "2011-03-31": "-30.00000", "2010-12-31": 1307, "2010-09-30": 366, "2010-06-30": 678, "2010-03-31": "375.00000", "2009-12-31": 967, "2009-09-30": 610, "2009-06-30": 609, "2009-03-31": "22.00000", "2008-12-31": 185, "2008-09-30": 260, "2008-06-30": 442, "2008-03-31": "52.00000", "2007-12-31": 1010, "2007-09-30": 286, "2007-06-30": 388, "2007-03-31": "187.00000", "2006-12-31": 720, "2006-09-30": 530, "2006-06-30": 220, "2006-03-31": "147.00000", "2005-12-31": 631, "2005-09-30": 162, "2005-06-30": 290, "2005-03-31": "337.00000"}, "Net Change In Property, Plant, And Equipment": {"2020-12-31": -14, "2020-09-30": -41, "2020-06-30": 4, "2020-03-31": "-23.00000", "2019-12-31": -17, "2019-09-30": -32, "2019-06-30": -1, "2019-03-31": "-15.00000", "2018-12-31": -17, "2018-09-30": -23, "2018-06-30": -48, "2018-03-31": "-2.00000", "2017-12-31": -37, "2017-09-30": -22, "2017-06-30": -30, "2017-03-31": "-16.00000", "2016-12-31": -96, "2016-09-30": -16, "2016-06-30": -26, "2016-03-31": "", "2015-12-31": 176, "2015-09-30": -32, "2015-06-30": -77, "2015-03-31": "-59.00000", "2014-12-31": 168, "2014-09-30": -83, "2014-06-30": -100, "2014-03-31": "-51.00000", "2013-12-31": -59, "2013-09-30": -43, "2013-06-30": -76, "2013-03-31": "-82.00000", "2012-12-31": -104, "2012-09-30": -109, "2012-06-30": -79, "2012-03-31": "-87.00000", "2011-12-31": -74, "2011-09-30": -75, "2011-06-30": -92, "2011-03-31": "-69.00000", "2010-12-31": -109, "2010-09-30": -85, "2010-06-30": -77, "2010-03-31": "-32.00000", "2009-12-31": -25, "2009-09-30": -14, "2009-06-30": -5, "2009-03-31": "-34.00000", "2008-12-31": -63, "2008-09-30": -42, "2008-06-30": -28, "2008-03-31": "-35.00000", "2007-12-31": -60, "2007-09-30": -49, "2007-06-30": -54, "2007-03-31": "-48.00000", "2006-12-31": -20, "2006-09-30": -39, "2006-06-30": -45, "2006-03-31": "-29.00000", "2005-12-31": -54, "2005-09-30": -48, "2005-06-30": -43, "2005-03-31": "-31.00000"}, "Net Change In Intangible Assets": {"2020-12-31": 0, "2020-09-30": 0, "2020-06-30": 0, "2020-03-31": "", "2019-12-31": 0, "2019-09-30": 0, "2019-06-30": 0, "2019-03-31": "", "2018-12-31": 0, "2018-09-30": 0, "2018-06-30": 0, "2018-03-31": "", "2017-12-31": 0, "2017-09-30": 0, "2017-06-30": 0, "2017-03-31": "", "2016-12-31": 0, "2016-09-30": 0, "2016-06-30": 0, "2016-03-31": "", "2015-12-31": 0, "2015-09-30": 0, "2015-06-30": 0, "2015-03-31": "", "2014-12-31": 0, "2014-09-30": 0, "2014-06-30": 0, "2014-03-31": "", "2013-12-31": 0, "2013-09-30": 0, "2013-06-30": 0, "2013-03-31": "", "2012-12-31": 0, "2012-09-30": 0, "2012-06-30": 0, "2012-03-31": "", "2011-12-31": 0, "2011-09-30": 0, "2011-06-30": 0, "2011-03-31": "", "2010-12-31": 0, "2010-09-30": 0, "2010-06-30": 0, "2010-03-31": "", "2009-12-31": 0, "2009-09-30": 0, "2009-06-30": 0, "2009-03-31": "", "2008-12-31": 0, "2008-09-30": 0, "2008-06-30": 0, "2008-03-31": "", "2007-12-31": 0, "2007-09-30": 0, "2007-06-30": 0, "2007-03-31": "", "2006-12-31": 0, "2006-09-30": 0, "2006-06-30": 0, "2006-03-31": "", "2005-12-31": 0, "2005-09-30": 0, "2005-06-30": 0, "2005-03-31": ""}, "Net Acquisitions/Divestitures": {"2020-12-31": -9, "2020-09-30": -164, "2020-06-30": 191, "2020-03-31": "-191.00000", "2019-12-31": 0, "2019-09-30": 17, "2019-06-30": -35, "2019-03-31": "-3.00000", "2018-12-31": 27, "2018-09-30": 0, "2018-06-30": 32, "2018-03-31": "", "2017-12-31": -8, "2017-09-30": 20, "2017-06-30": -65, "2017-03-31": "-11.00000", "2016-12-31": 12, "2016-09-30": 1, "2016-06-30": 0, "2016-03-31": "-18.00000", "2015-12-31": -751, "2015-09-30": -147, "2015-06-30": 910, "2015-03-31": "-25.00000", "2014-12-31": 266, "2014-09-30": -24, "2014-06-30": -212, "2014-03-31": "-54.00000", "2013-12-31": 15, "2013-09-30": -24, "2013-06-30": -67, "2013-03-31": "-53.00000", "2012-12-31": -33, "2012-09-30": -156, "2012-06-30": 0, "2012-03-31": "-87.00000", "2011-12-31": -24, "2011-09-30": -51, "2011-06-30": -94, "2011-03-31": "-43.00000", "2010-12-31": -60, "2010-09-30": -146, "2010-06-30": -4, "2010-03-31": "-1524.00000", "2009-12-31": -18, "2009-09-30": 0, "2009-06-30": 0, "2009-03-31": "-145.00000", "2008-12-31": -2, "2008-09-30": -11, "2008-06-30": -138, "2008-03-31": "-4.00000", "2007-12-31": -41, "2007-09-30": -44, "2007-06-30": -1530, "2007-03-31": "", "2006-12-31": -207, "2006-09-30": -172, "2006-06-30": 12, "2006-03-31": "138.00000", "2005-12-31": 0, "2005-09-30": -1, "2005-06-30": 0, "2005-03-31": "105.00000"}, "Net Change In Short-term Investments": {"2020-12-31": 0, "2020-09-30": 0, "2020-06-30": 0, "2020-03-31": "", "2019-12-31": 0, "2019-09-30": 0, "2019-06-30": 0, "2019-03-31": "", "2018-12-31": 0, "2018-09-30": 0, "2018-06-30": 0, "2018-03-31": "", "2017-12-31": 0, "2017-09-30": 0, "2017-06-30": 0, "2017-03-31": "", "2016-12-31": 0, "2016-09-30": 0, "2016-06-30": 0, "2016-03-31": "", "2015-12-31": 0, "2015-09-30": 0, "2015-06-30": 0, "2015-03-31": "", "2014-12-31": 0, "2014-09-30": 0, "2014-06-30": 0, "2014-03-31": "", "2013-12-31": 0, "2013-09-30": 0, "2013-06-30": 0, "2013-03-31": "", "2012-12-31": 0, "2012-09-30": 0, "2012-06-30": 0, "2012-03-31": "", "2011-12-31": 0, "2011-09-30": 0, "2011-06-30": 0, "2011-03-31": "", "2010-12-31": 0, "2010-09-30": 0, "2010-06-30": 0, "2010-03-31": "", "2009-12-31": 0, "2009-09-30": 0, "2009-06-30": 0, "2009-03-31": "", "2008-12-31": 0, "2008-09-30": 0, "2008-06-30": 0, "2008-03-31": "", "2007-12-31": 0, "2007-09-30": 0, "2007-06-30": -72, "2007-03-31": "72.00000", "2006-12-31": -124, "2006-09-30": 79, "2006-06-30": -3, "2006-03-31": "48.00000", "2005-12-31": -11, "2005-09-30": -46, "2005-06-30": -190, "2005-03-31": ""}, "Net Change In Long-Term Investments": {"2020-12-31": 0, "2020-09-30": 0, "2020-06-30": 0, "2020-03-31": "", "2019-12-31": 0, "2019-09-30": 0, "2019-06-30": 0, "2019-03-31": "", "2018-12-31": 0, "2018-09-30": 0, "2018-06-30": 0, "2018-03-31": "", "2017-12-31": 0, "2017-09-30": 0, "2017-06-30": 0, "2017-03-31": "", "2016-12-31": 0, "2016-09-30": 0, "2016-06-30": 0, "2016-03-31": "", "2015-12-31": 0, "2015-09-30": 0, "2015-06-30": 0, "2015-03-31": "", "2014-12-31": 0, "2014-09-30": 0, "2014-06-30": 0, "2014-03-31": "", "2013-12-31": 0, "2013-09-30": 0, "2013-06-30": 0, "2013-03-31": "", "2012-12-31": 0, "2012-09-30": 0, "2012-06-30": 0, "2012-03-31": "", "2011-12-31": 0, "2011-09-30": 0, "2011-06-30": 0, "2011-03-31": "", "2010-12-31": 0, "2010-09-30": 0, "2010-06-30": 0, "2010-03-31": "", "2009-12-31": 0, "2009-09-30": 0, "2009-06-30": 0, "2009-03-31": "", "2008-12-31": 0, "2008-09-30": 0, "2008-06-30": 0, "2008-03-31": "", "2007-12-31": 0, "2007-09-30": 0, "2007-06-30": 0, "2007-03-31": "", "2006-12-31": 0, "2006-09-30": 0, "2006-06-30": 0, "2006-03-31": "", "2005-12-31": 0, "2005-09-30": 0, "2005-06-30": 0, "2005-03-31": ""}, "Net Change In Investments - Total": {"2020-12-31": 0, "2020-09-30": 0, "2020-06-30": 0, "2020-03-31": "", "2019-12-31": 0, "2019-09-30": 0, "2019-06-30": 0, "2019-03-31": "", "2018-12-31": 0, "2018-09-30": 0, "2018-06-30": 0, "2018-03-31": "", "2017-12-31": 0, "2017-09-30": 0, "2017-06-30": 0, "2017-03-31": "", "2016-12-31": 0, "2016-09-30": 0, "2016-06-30": 0, "2016-03-31": "", "2015-12-31": 0, "2015-09-30": 0, "2015-06-30": 0, "2015-03-31": "", "2014-12-31": 0, "2014-09-30": 0, "2014-06-30": 0, "2014-03-31": "", "2013-12-31": 0, "2013-09-30": 0, "2013-06-30": 0, "2013-03-31": "", "2012-12-31": 0, "2012-09-30": 0, "2012-06-30": 0, "2012-03-31": "", "2011-12-31": 0, "2011-09-30": 0, "2011-06-30": 0, "2011-03-31": "", "2010-12-31": 0, "2010-09-30": 0, "2010-06-30": 0, "2010-03-31": "", "2009-12-31": 0, "2009-09-30": 0, "2009-06-30": 0, "2009-03-31": "", "2008-12-31": 0, "2008-09-30": 0, "2008-06-30": 0, "2008-03-31": "", "2007-12-31": 0, "2007-09-30": 0, "2007-06-30": -72, "2007-03-31": "72.00000", "2006-12-31": -124, "2006-09-30": 79, "2006-06-30": -3, "2006-03-31": "48.00000", "2005-12-31": -11, "2005-09-30": -46, "2005-06-30": -190, "2005-03-31": ""}, "Investing Activities - Other": {"2020-12-31": 0, "2020-09-30": 0, "2020-06-30": 1, "2020-03-31": "", "2019-12-31": 2233, "2019-09-30": 1, "2019-06-30": 0, "2019-03-31": "", "2018-12-31": 1, "2018-09-30": 0, "2018-06-30": 1, "2018-03-31": "", "2017-12-31": 191, "2017-09-30": 62, "2017-06-30": 65, "2017-03-31": "16.00000", "2016-12-31": 260, "2016-09-30": -54, "2016-06-30": -41, "2016-03-31": "-107.00000", "2015-12-31": 556, "2015-09-30": -27, "2015-06-30": -2, "2015-03-31": "-14.00000", "2014-12-31": -563, "2014-09-30": -21, "2014-06-30": -14, "2014-03-31": "-15.00000", "2013-12-31": -9, "2013-09-30": -15, "2013-06-30": -21, "2013-03-31": "-18.00000", "2012-12-31": -23, "2012-09-30": -24, "2012-06-30": -19, "2012-03-31": "-40.00000", "2011-12-31": -42, "2011-09-30": -41, "2011-06-30": -29, "2011-03-31": "-41.00000", "2010-12-31": -47, "2010-09-30": -35, "2010-06-30": -49, "2010-03-31": "-10.00000", "2009-12-31": -26, "2009-09-30": -17, "2009-06-30": -31, "2009-03-31": "-28.00000", "2008-12-31": 330, "2008-09-30": -303, "2008-06-30": -119, "2008-03-31": "-26.00000", "2007-12-31": 108, "2007-09-30": 2, "2007-06-30": 112, "2007-03-31": "-8.00000", "2006-12-31": 335, "2006-09-30": -63, "2006-06-30": 48, "2006-03-31": "-101.00000", "2005-12-31": -16, "2005-09-30": 25, "2005-06-30": -4, "2005-03-31": "19.00000"}, "Cash Flow From Investing Activities": {"2020-12-31": -23, "2020-09-30": -205, "2020-06-30": 196, "2020-03-31": "-214.00000", "2019-12-31": 2216, "2019-09-30": -14, "2019-06-30": -36, "2019-03-31": "-18.00000", "2018-12-31": 11, "2018-09-30": -23, "2018-06-30": -15, "2018-03-31": "-2.00000", "2017-12-31": 146, "2017-09-30": 60, "2017-06-30": -30, "2017-03-31": "-11.00000", "2016-12-31": 176, "2016-09-30": -69, "2016-06-30": -67, "2016-03-31": "-125.00000", "2015-12-31": -19, "2015-09-30": -206, "2015-06-30": 831, "2015-03-31": "-98.00000", "2014-12-31": -129, "2014-09-30": -128, "2014-06-30": -326, "2014-03-31": "-120.00000", "2013-12-31": -53, "2013-09-30": -82, "2013-06-30": -164, "2013-03-31": "-153.00000", "2012-12-31": -160, "2012-09-30": -289, "2012-06-30": -98, "2012-03-31": "-214.00000", "2011-12-31": -140, "2011-09-30": -167, "2011-06-30": -215, "2011-03-31": "-153.00000", "2010-12-31": -216, "2010-09-30": -266, "2010-06-30": -130, "2010-03-31": "-1566.00000", "2009-12-31": -69, "2009-09-30": -31, "2009-06-30": -36, "2009-03-31": "-207.00000", "2008-12-31": 265, "2008-09-30": -356, "2008-06-30": -285, "2008-03-31": "-65.00000", "2007-12-31": 7, "2007-09-30": -91, "2007-06-30": -1544, "2007-03-31": "16.00000", "2006-12-31": -16, "2006-09-30": -195, "2006-06-30": 12, "2006-03-31": "56.00000", "2005-12-31": -81, "2005-09-30": -70, "2005-06-30": -237, "2005-03-31": "93.00000"}, "Net Long-Term Debt": {"2020-12-31": -635, "2020-09-30": 1078, "2020-06-30": -312, "2020-03-31": "2.00000", "2019-12-31": -551, "2019-09-30": -402, "2019-06-30": 407, "2019-03-31": "-404.00000", "2018-12-31": 2, "2018-09-30": 1, "2018-06-30": -269, "2018-03-31": "-36.00000", "2017-12-31": -487, "2017-09-30": 988, "2017-06-30": 0, "2017-03-31": "-1325.00000", "2016-12-31": -4, "2016-09-30": -3, "2016-06-30": -252, "2016-03-31": "-704.00000", "2015-12-31": -1, "2015-09-30": -895, "2015-06-30": 1027, "2015-03-31": "-354.00000", "2014-12-31": 15, "2014-09-30": -40, "2014-06-30": -299, "2014-03-31": "4.00000", "2013-12-31": 492, "2013-09-30": -610, "2013-06-30": -378, "2013-03-31": "57.00000", "2012-12-31": -850, "2012-09-30": 199, "2012-06-30": -455, "2012-03-31": "998.00000", "2011-12-31": -553, "2011-09-30": -101, "2011-06-30": 690, "2011-03-31": "13.00000", "2010-12-31": -868, "2010-09-30": -150, "2010-06-30": -395, "2010-03-31": "-1643.00000", "2009-12-31": 1787, "2009-09-30": -615, "2009-06-30": 136, "2009-03-31": "-442.00000", "2008-12-31": -9, "2008-09-30": 284, "2008-06-30": 266, "2008-03-31": "158.00000", "2007-12-31": -655, "2007-09-30": -22, "2007-06-30": 831, "2007-03-31": "-209.00000", "2006-12-31": -310, "2006-09-30": 235, "2006-06-30": -627, "2006-03-31": "387.00000", "2005-12-31": -119, "2005-09-30": -653, "2005-06-30": -1404, "2005-03-31": "-333.00000"}, "Net Current Debt": {"2020-12-31": -1, "2020-09-30": 1, "2020-06-30": 0, "2020-03-31": "", "2019-12-31": 0, "2019-09-30": 2, "2019-06-30": -4, "2019-03-31": "2.00000", "2018-12-31": -3, "2018-09-30": -1, "2018-06-30": 0, "2018-03-31": "-1.00000", "2017-12-31": 1, "2017-09-30": 0, "2017-06-30": 0, "2017-03-31": "1.00000", "2016-12-31": 888, "2016-09-30": 2, "2016-06-30": 249, "2016-03-31": "749.00000", "2015-12-31": -198, "2015-09-30": 821, "2015-06-30": -974, "2015-03-31": "204.00000", "2014-12-31": 145, "2014-09-30": 0, "2014-06-30": 0, "2014-03-31": "", "2013-12-31": 5, "2013-09-30": 0, "2013-06-30": 0, "2013-03-31": "", "2012-12-31": 0, "2012-09-30": 0, "2012-06-30": 0, "2012-03-31": "", "2011-12-31": 0, "2011-09-30": 0, "2011-06-30": 0, "2011-03-31": "", "2010-12-31": 0, "2010-09-30": 0, "2010-06-30": 0, "2010-03-31": "", "2009-12-31": 0, "2009-09-30": 0, "2009-06-30": 0, "2009-03-31": "", "2008-12-31": 0, "2008-09-30": 0, "2008-06-30": 0, "2008-03-31": "", "2007-12-31": 0, "2007-09-30": 0, "2007-06-30": 0, "2007-03-31": "", "2006-12-31": 0, "2006-09-30": 0, "2006-06-30": 0, "2006-03-31": "", "2005-12-31": 0, "2005-09-30": 0, "2005-06-30": 0, "2005-03-31": ""}, "Debt Issuance/Retirement Net - Total": {"2020-12-31": -636, "2020-09-30": 1079, "2020-06-30": -312, "2020-03-31": "2.00000", "2019-12-31": -551, "2019-09-30": -400, "2019-06-30": 403, "2019-03-31": "-402.00000", "2018-12-31": -1, "2018-09-30": 0, "2018-06-30": -269, "2018-03-31": "-37.00000", "2017-12-31": -486, "2017-09-30": 988, "2017-06-30": 0, "2017-03-31": "-1324.00000", "2016-12-31": 884, "2016-09-30": -1, "2016-06-30": -3, "2016-03-31": "45.00000", "2015-12-31": -199, "2015-09-30": -74, "2015-06-30": 53, "2015-03-31": "-150.00000", "2014-12-31": 160, "2014-09-30": -40, "2014-06-30": -299, "2014-03-31": "4.00000", "2013-12-31": 497, "2013-09-30": -610, "2013-06-30": -378, "2013-03-31": "57.00000", "2012-12-31": -850, "2012-09-30": 199, "2012-06-30": -455, "2012-03-31": "998.00000", "2011-12-31": -553, "2011-09-30": -101, "2011-06-30": 690, "2011-03-31": "13.00000", "2010-12-31": -868, "2010-09-30": -150, "2010-06-30": -395, "2010-03-31": "-1643.00000", "2009-12-31": 1787, "2009-09-30": -615, "2009-06-30": 136, "2009-03-31": "-442.00000", "2008-12-31": -9, "2008-09-30": 284, "2008-06-30": 266, "2008-03-31": "158.00000", "2007-12-31": -655, "2007-09-30": -22, "2007-06-30": 831, "2007-03-31": "-209.00000", "2006-12-31": -310, "2006-09-30": 235, "2006-06-30": -627, "2006-03-31": "387.00000", "2005-12-31": -119, "2005-09-30": -653, "2005-06-30": -1404, "2005-03-31": "-333.00000"}, "Net Common Equity Issued/Repurchased": {"2020-12-31": -150, "2020-09-30": -150, "2020-06-30": 0, "2020-03-31": "", "2019-12-31": -232, "2019-09-30": -171, "2019-06-30": -94, "2019-03-31": "-103.00000", "2018-12-31": -416, "2018-09-30": -284, "2018-06-30": 0, "2018-03-31": "", "2017-12-31": 0, "2017-09-30": 0, "2017-06-30": 7, "2017-03-31": "-7.00000", "2016-12-31": -6, "2016-09-30": 3, "2016-06-30": 2, "2016-03-31": "1.00000", "2015-12-31": 1, "2015-09-30": -737, "2015-06-30": -391, "2015-03-31": "-207.00000", "2014-12-31": -336, "2014-09-30": -280, "2014-06-30": -185, "2014-03-31": "-256.00000", "2013-12-31": -499, "2013-09-30": -163, "2013-06-30": 31, "2013-03-31": "2.00000", "2012-12-31": -334, "2012-09-30": -368, "2012-06-30": -305, "2012-03-31": "-43.00000", "2011-12-31": -389, "2011-09-30": -320, "2011-06-30": 9, "2011-03-31": "16.00000", "2010-12-31": 62, "2010-09-30": -9, "2010-06-30": 0, "2010-03-31": "115.00000", "2009-12-31": -1, "2009-09-30": 1, "2009-06-30": -11, "2009-03-31": "", "2008-12-31": -2, "2008-09-30": -92, "2008-06-30": -378, "2008-03-31": "-367.00000", "2007-12-31": -125, "2007-09-30": -204, "2007-06-30": -45, "2007-03-31": "-193.00000", "2006-12-31": -347, "2006-09-30": -205, "2006-06-30": -219, "2006-03-31": "-216.00000", "2005-12-31": -425, "2005-09-30": 8, "2005-06-30": 10, "2005-03-31": "14.00000"}, "Net Total Equity Issued/Repurchased": {"2020-12-31": -150, "2020-09-30": -150, "2020-06-30": 0, "2020-03-31": "", "2019-12-31": -232, "2019-09-30": -171, "2019-06-30": -94, "2019-03-31": "-103.00000", "2018-12-31": -416, "2018-09-30": -284, "2018-06-30": 0, "2018-03-31": "", "2017-12-31": 0, "2017-09-30": 0, "2017-06-30": 7, "2017-03-31": "-7.00000", "2016-12-31": -6, "2016-09-30": 3, "2016-06-30": 2, "2016-03-31": "1.00000", "2015-12-31": 1, "2015-09-30": -737, "2015-06-30": -391, "2015-03-31": "-207.00000", "2014-12-31": -336, "2014-09-30": -280, "2014-06-30": -185, "2014-03-31": "-256.00000", "2013-12-31": -499, "2013-09-30": -163, "2013-06-30": 31, "2013-03-31": "2.00000", "2012-12-31": -334, "2012-09-30": -368, "2012-06-30": -305, "2012-03-31": "-43.00000", "2011-12-31": -389, "2011-09-30": -320, "2011-06-30": 9, "2011-03-31": "16.00000", "2010-12-31": 62, "2010-09-30": -9, "2010-06-30": 0, "2010-03-31": "115.00000", "2009-12-31": -1, "2009-09-30": 1, "2009-06-30": -11, "2009-03-31": "", "2008-12-31": -2, "2008-09-30": -92, "2008-06-30": -378, "2008-03-31": "-367.00000", "2007-12-31": -125, "2007-09-30": -204, "2007-06-30": -45, "2007-03-31": "-193.00000", "2006-12-31": -347, "2006-09-30": -205, "2006-06-30": -219, "2006-03-31": "-216.00000", "2005-12-31": -425, "2005-09-30": 8, "2005-06-30": 10, "2005-03-31": "14.00000"}, "Total Common And Preferred Stock Dividends Paid": {"2020-12-31": -54, "2020-09-30": -119, "2020-06-30": 1, "2020-03-31": "-58.00000", "2019-12-31": -60, "2019-09-30": -123, "2019-06-30": 2, "2019-03-31": "-62.00000", "2018-12-31": -65, "2018-09-30": -69, "2018-06-30": -68, "2018-03-31": "-67.00000", "2017-12-31": -68, "2017-09-30": -68, "2017-06-30": -68, "2017-03-31": "-87.00000", "2016-12-31": -85, "2016-09-30": -85, "2016-06-30": -84, "2016-03-31": "-77.00000", "2015-12-31": -77, "2015-09-30": -90, "2015-06-30": -83, "2015-03-31": "-76.00000", "2014-12-31": -77, "2014-09-30": -83, "2014-06-30": -79, "2014-03-31": "-74.00000", "2013-12-31": -133, "2013-09-30": -83, "2013-06-30": -78, "2013-03-31": "-58.00000", "2012-12-31": -60, "2012-09-30": -69, "2012-06-30": -63, "2012-03-31": "-63.00000", "2011-12-31": -65, "2011-09-30": -69, "2011-06-30": -65, "2011-03-31": "-66.00000", "2010-12-31": -65, "2010-09-30": -65, "2010-06-30": -63, "2010-03-31": "-37.00000", "2009-12-31": -37, "2009-09-30": -37, "2009-06-30": -38, "2009-03-31": "-37.00000", "2008-12-31": -38, "2008-09-30": -37, "2008-06-30": -39, "2008-03-31": "-40.00000", "2007-12-31": 0, "2007-09-30": 0, "2007-06-30": 0, "2007-03-31": "", "2006-12-31": 0, "2006-09-30": -14, "2006-06-30": -15, "2006-03-31": "-14.00000", "2005-12-31": -15, "2005-09-30": -14, "2005-06-30": -15, "2005-03-31": "-14.00000"}, "Financial Activities - Other": {"2020-12-31": 0, "2020-09-30": -14, "2020-06-30": -1, "2020-03-31": "-4.00000", "2019-12-31": -8, "2019-09-30": -12, "2019-06-30": -19, "2019-03-31": "-2.00000", "2018-12-31": -4, "2018-09-30": -6, "2018-06-30": -2, "2018-03-31": "-13.00000", "2017-12-31": -1, "2017-09-30": -12, "2017-06-30": -19, "2017-03-31": "160.00000", "2016-12-31": 4, "2016-09-30": -1, "2016-06-30": -2, "2016-03-31": "-11.00000", "2015-12-31": -3, "2015-09-30": 13, "2015-06-30": -2, "2015-03-31": "-52.00000", "2014-12-31": -44, "2014-09-30": -14, "2014-06-30": 2, "2014-03-31": "-23.00000", "2013-12-31": 35, "2013-09-30": -15, "2013-06-30": -5, "2013-03-31": "-2.00000", "2012-12-31": -6, "2012-09-30": 8, "2012-06-30": -4, "2012-03-31": "-57.00000", "2011-12-31": -6, "2011-09-30": -2, "2011-06-30": -673, "2011-03-31": "-5.00000", "2010-12-31": 8, "2010-09-30": -7, "2010-06-30": 1, "2010-03-31": "", "2009-12-31": -3, "2009-09-30": -3, "2009-06-30": -5, "2009-03-31": "-3.00000", "2008-12-31": -11, "2008-09-30": -2, "2008-06-30": -3, "2008-03-31": "-1.00000", "2007-12-31": 0, "2007-09-30": 0, "2007-06-30": -9, "2007-03-31": "12.00000", "2006-12-31": 7, "2006-09-30": 3, "2006-06-30": 2, "2006-03-31": "-95.00000", "2005-12-31": -9, "2005-09-30": -1, "2005-06-30": -1, "2005-03-31": "9.00000"}, "Cash Flow From Financial Activities": {"2020-12-31": -840, "2020-09-30": 796, "2020-06-30": -312, "2020-03-31": "-60.00000", "2019-12-31": -851, "2019-09-30": -706, "2019-06-30": 292, "2019-03-31": "-569.00000", "2018-12-31": -486, "2018-09-30": -359, "2018-06-30": -339, "2018-03-31": "-117.00000", "2017-12-31": -555, "2017-09-30": 908, "2017-06-30": -80, "2017-03-31": "-1258.00000", "2016-12-31": 797, "2016-09-30": -84, "2016-06-30": -87, "2016-03-31": "-42.00000", "2015-12-31": -278, "2015-09-30": -888, "2015-06-30": -423, "2015-03-31": "-485.00000", "2014-12-31": -297, "2014-09-30": -417, "2014-06-30": -561, "2014-03-31": "-349.00000", "2013-12-31": -100, "2013-09-30": -871, "2013-06-30": -430, "2013-03-31": "-1.00000", "2012-12-31": -1250, "2012-09-30": -230, "2012-06-30": -827, "2012-03-31": "835.00000", "2011-12-31": -1013, "2011-09-30": -492, "2011-06-30": -39, "2011-03-31": "-42.00000", "2010-12-31": -863, "2010-09-30": -231, "2010-06-30": -457, "2010-03-31": "-1565.00000", "2009-12-31": 1746, "2009-09-30": -654, "2009-06-30": 82, "2009-03-31": "-482.00000", "2008-12-31": -60, "2008-09-30": 153, "2008-06-30": -154, "2008-03-31": "-250.00000", "2007-12-31": -780, "2007-09-30": -226, "2007-06-30": 777, "2007-03-31": "-390.00000", "2006-12-31": -650, "2006-09-30": 19, "2006-06-30": -859, "2006-03-31": "62.00000", "2005-12-31": -568, "2005-09-30": -660, "2005-06-30": -1410, "2005-03-31": "-324.00000"}, "Net Cash Flow": {"2020-12-31": -606, "2020-09-30": 853, "2020-06-30": -221, "2020-03-31": "-130.00000", "2019-12-31": 1816, "2019-09-30": -159, "2019-06-30": 352, "2019-03-31": "-362.00000", "2018-12-31": -70, "2018-09-30": -109, "2018-06-30": -147, "2018-03-31": "106.00000", "2017-12-31": -551, "2017-09-30": 542, "2017-06-30": 183, "2017-03-31": "-1208.00000", "2016-12-31": 971, "2016-09-30": 232, "2016-06-30": -3, "2016-03-31": "-182.00000", "2015-12-31": 583, "2015-09-30": -837, "2015-06-30": 769, "2015-03-31": "-539.00000", "2014-12-31": 376, "2014-09-30": 8, "2014-06-30": -560, "2014-03-31": "-197.00000", "2013-12-31": 816, "2013-09-30": 19, "2013-06-30": -64, "2013-03-31": "-253.00000", "2012-12-31": 364, "2012-09-30": 68, "2012-06-30": -700, "2012-03-31": "612.00000", "2011-12-31": 117, "2011-09-30": -313, "2011-06-30": 98, "2011-03-31": "-211.00000", "2010-12-31": 236, "2010-09-30": -107, "2010-06-30": 72, "2010-03-31": "-2789.00000", "2009-12-31": 2640, "2009-09-30": -62, "2009-06-30": 672, "2009-03-31": "-680.00000", "2008-12-31": 356, "2008-09-30": 30, "2008-06-30": 1, "2008-03-31": "-257.00000", "2007-12-31": 251, "2007-09-30": -2, "2007-06-30": -368, "2007-03-31": "-181.00000", "2006-12-31": 63, "2006-09-30": 354, "2006-06-30": -616, "2006-03-31": "276.00000", "2005-12-31": -23, "2005-09-30": -567, "2005-06-30": -1386, "2005-03-31": "80.00000"}, "Stock-Based Compensation": {"2020-12-31": 10, "2020-09-30": 19, "2020-06-30": 2, "2020-03-31": "11.00000", "2019-12-31": 9, "2019-09-30": 26, "2019-06-30": 0, "2019-03-31": "15.00000", "2018-12-31": 13, "2018-09-30": 15, "2018-06-30": 13, "2018-03-31": "16.00000", "2017-12-31": 13, "2017-09-30": 14, "2017-06-30": 12, "2017-03-31": "13.00000", "2016-12-31": 19, "2016-09-30": 14, "2016-06-30": 7, "2016-03-31": "10.00000", "2015-12-31": -10, "2015-09-30": -8, "2015-06-30": 23, "2015-03-31": "22.00000", "2014-12-31": -13, "2014-09-30": 26, "2014-06-30": 24, "2014-03-31": "26.00000", "2013-12-31": 12, "2013-09-30": 19, "2013-06-30": 28, "2013-03-31": "31.00000", "2012-12-31": 33, "2012-09-30": 30, "2012-06-30": 31, "2012-03-31": "31.00000", "2011-12-31": 31, "2011-09-30": 29, "2011-06-30": 31, "2011-03-31": "32.00000", "2010-12-31": 37, "2010-09-30": 29, "2010-06-30": 30, "2010-03-31": "27.00000", "2009-12-31": 31, "2009-09-30": 23, "2009-06-30": 14, "2009-03-31": "17.00000", "2008-12-31": 19, "2008-09-30": 26, "2008-06-30": 20, "2008-03-31": "20.00000", "2007-12-31": 27, "2007-09-30": 27, "2007-06-30": 18, "2007-03-31": "17.00000", "2006-12-31": 19, "2006-09-30": 17, "2006-06-30": 17, "2006-03-31": "11.00000", "2005-12-31": 11, "2005-09-30": 9, "2005-06-30": 10, "2005-03-31": "10.00000"}, "Common Stock Dividends Paid": {"2020-12-31": -54, "2020-09-30": -119, "2020-06-30": 1, "2020-03-31": "-58.00000", "2019-12-31": -60, "2019-09-30": -123, "2019-06-30": 2, "2019-03-31": "-62.00000", "2018-12-31": -65, "2018-09-30": -69, "2018-06-30": -68, "2018-03-31": "-67.00000", "2017-12-31": -68, "2017-09-30": -68, "2017-06-30": -74, "2017-03-31": "-81.00000", "2016-12-31": -103, "2016-09-30": -79, "2016-06-30": -78, "2016-03-31": "-71.00000", "2015-12-31": -71, "2015-09-30": -84, "2015-06-30": -77, "2015-03-31": "-70.00000", "2014-12-31": -71, "2014-09-30": -77, "2014-06-30": -73, "2014-03-31": "-68.00000", "2013-12-31": -127, "2013-09-30": -77, "2013-06-30": -72, "2013-03-31": "-52.00000", "2012-12-31": -54, "2012-09-30": -63, "2012-06-30": -57, "2012-03-31": "-57.00000", "2011-12-31": -59, "2011-09-30": -63, "2011-06-30": -59, "2011-03-31": "-60.00000", "2010-12-31": -59, "2010-09-30": -59, "2010-06-30": -60, "2010-03-31": "-37.00000", "2009-12-31": -37, "2009-09-30": -37, "2009-06-30": -38, "2009-03-31": "-37.00000", "2008-12-31": -38, "2008-09-30": -37, "2008-06-30": -39, "2008-03-31": "-40.00000", "2007-12-31": 0, "2007-09-30": 0, "2007-06-30": 0, "2007-03-31": "", "2006-12-31": 0, "2006-09-30": 0, "2006-06-30": 0, "2006-03-31": "", "2005-12-31": 0, "2005-09-30": 0, "2005-06-30": 0, "2005-03-31": ""}}, "financial ratios": {"Current Ratio": {"2019-12-31": "1.78750", "2018-12-31": "1.44970", "2017-12-31": "1.90810", "2016-12-31": "1.50240", "2015-12-31": "1.27240", "2014-12-31": "1.46050", "2013-12-31": "1.49680", "2012-12-31": "1.39980", "2011-12-31": "1.23990", "2010-12-31": "1.34630", "2009-12-31": "2.18140", "2008-12-31": "1.49540", "2007-12-31": "2.09470", "2006-12-31": "1.86330", "2005-12-31": "2.01010"}, "Long-term Debt / Capital": {"2019-12-31": "0.35760", "2018-12-31": "0.44830", "2017-12-31": "0.48730", "2016-12-31": "0.51680", "2015-12-31": "0.40020", "2014-12-31": "0.36250", "2013-12-31": "0.35100", "2012-12-31": "0.38270", "2011-12-31": "0.36420", "2010-12-31": "0.36650", "2009-12-31": "0.53510", "2008-12-31": "0.51580", "2007-12-31": "0.44690", "2006-12-31": "0.44430", "2005-12-31": "0.46000"}, "Debt/Equity Ratio": {"2019-12-31": "0.73730", "2018-12-31": "0.99560", "2017-12-31": "1.00180", "2016-12-31": "1.27310", "2015-12-31": "0.76900", "2014-12-31": "0.69730", "2013-12-31": "0.62820", "2012-12-31": "0.70670", "2011-12-31": "0.69770", "2010-12-31": "0.68810", "2009-12-31": "1.28830", "2008-12-31": "1.31870", "2007-12-31": "0.86910", "2006-12-31": "1.00920", "2005-12-31": "1.00970"}, "Gross Margin": {"2019-12-31": "40.26030", "2018-12-31": "40.04350", "2017-12-31": "40.74670", "2016-12-31": "39.96840", "2015-12-31": "39.96510", "2014-12-31": "40.30290", "2013-12-31": "32.41530", "2012-12-31": "33.23540", "2011-12-31": "33.44290", "2010-12-31": "34.44280", "2009-12-31": "39.69300", "2008-12-31": "38.93120", "2007-12-31": "40.34710", "2006-12-31": "40.63540", "2005-12-31": "41.22670"}, "Operating Margin": {"2019-12-31": "13.01570", "2018-12-31": "10.60860", "2017-12-31": "11.25010", "2016-12-31": "11.19670", "2015-12-31": "10.51900", "2014-12-31": "11.40470", "2013-12-31": "9.04230", "2012-12-31": "9.74980", "2011-12-31": "9.97260", "2010-12-31": "9.59650", "2009-12-31": "6.82520", "2008-12-31": "8.16110", "2007-12-31": "10.02440", "2006-12-31": "9.61940", "2005-12-31": "9.04400"}, "EBIT Margin": {"2019-12-31": "13.01570", "2018-12-31": "10.60860", "2017-12-31": "11.25010", "2016-12-31": "11.19670", "2015-12-31": "10.51900", "2014-12-31": "11.40470", "2013-12-31": "9.04230", "2012-12-31": "9.74980", "2011-12-31": "9.97260", "2010-12-31": "9.59650", "2009-12-31": "6.82520", "2008-12-31": "8.16110", "2007-12-31": "10.02440", "2006-12-31": "9.61940", "2005-12-31": "9.04400"}, "EBITDA Margin": {"2019-12-31": "17.75870", "2018-12-31": "16.05260", "2017-12-31": "16.52490", "2016-12-31": "16.42370", "2015-12-31": "15.66510", "2014-12-31": "16.44450", "2013-12-31": "15.83030", "2012-12-31": "16.12070", "2011-12-31": "15.68490", "2010-12-31": "14.66740", "2009-12-31": "11.42370", "2008-12-31": "11.96050", "2007-12-31": "13.83210", "2006-12-31": "13.62060", "2005-12-31": "13.12660"}, "Pre-Tax Profit Margin": {"2019-12-31": "9.06680", "2018-12-31": "5.68210", "2017-12-31": "5.25470", "2016-12-31": "5.27340", "2015-12-31": "8.05930", "2014-12-31": "8.59690", "2013-12-31": "6.21310", "2012-12-31": "6.28760", "2011-12-31": "7.00910", "2010-12-31": "3.76740", "2009-12-31": "4.13070", "2008-12-31": "-0.44870", "2007-12-31": "8.52100", "2006-12-31": "5.08340", "2005-12-31": "5.28630"}, "Net Profit Margin": {"2019-12-31": "14.92390", "2018-12-31": "3.73630", "2017-12-31": "1.95180", "2016-12-31": "-4.37290", "2015-12-31": "3.90750", "2014-12-31": "7.98960", "2013-12-31": "5.79330", "2012-12-31": "5.85180", "2011-12-31": "5.80370", "2010-12-31": "2.70420", "2009-12-31": "3.19520", "2008-12-31": "1.30620", "2007-12-31": "6.58810", "2006-12-31": "7.61250", "2005-12-31": "6.22890"}, "Asset Turnover": {"2019-12-31": "0.60250", "2018-12-31": "0.64960", "2017-12-31": "0.62660", "2016-12-31": "0.59670", "2015-12-31": "0.44890", "2014-12-31": "0.45840", "2013-12-31": "0.68900", "2012-12-31": "0.68040", "2011-12-31": "0.72720", "2010-12-31": "0.70700", "2009-12-31": "0.63160", "2008-12-31": "0.78440", "2007-12-31": "0.73180", "2006-12-31": "0.73220", "2005-12-31": "0.71520"}, "Inventory Turnover Ratio": {"2019-12-31": "7.80400", "2018-12-31": "6.98790", "2017-12-31": "6.46990", "2016-12-31": "7.68850", "2015-12-31": "7.63930", "2014-12-31": "8.10390", "2013-12-31": "13.54810", "2012-12-31": "13.48570", "2011-12-31": "14.27620", "2010-12-31": "14.31080", "2009-12-31": "10.17110", "2008-12-31": "8.72810", "2007-12-31": "7.87510", "2006-12-31": "8.11350", "2005-12-31": "7.68360"}, "Receiveable Turnover": {"2019-12-31": "3.61920", "2018-12-31": "3.72620", "2017-12-31": "3.58610", "2016-12-31": "4.66880", "2015-12-31": "4.62300", "2014-12-31": "3.02820", "2013-12-31": "4.40470", "2012-12-31": "4.20700", "2011-12-31": "4.44130", "2010-12-31": "4.07320", "2009-12-31": "3.51040", "2008-12-31": "3.59420", "2007-12-31": "3.15880", "2006-12-31": "3.10390", "2005-12-31": "3.18030"}, "Days Sales In Receivables": {"2019-12-31": "100.85210", "2018-12-31": "97.95540", "2017-12-31": "101.78060", "2016-12-31": "78.17800", "2015-12-31": "78.95330", "2014-12-31": "120.53430", "2013-12-31": "82.86670", "2012-12-31": "86.75920", "2011-12-31": "82.18330", "2010-12-31": "89.60920", "2009-12-31": "103.97650", "2008-12-31": "101.55240", "2007-12-31": "115.55080", "2006-12-31": "117.59450", "2005-12-31": "114.77010"}, "ROE - Return On Equity": {"2019-12-31": "11.63750", "2018-12-31": "6.15200", "2017-12-31": "1.32250", "2016-12-31": "13.33470", "2015-12-31": "9.21360", "2014-12-31": "9.78330", "2013-12-31": "9.33250", "2012-12-31": "10.11660", "2011-12-31": "10.86900", "2010-12-31": "5.23890", "2009-12-31": "7.17560", "2008-12-31": "4.16800", "2007-12-31": "13.56540", "2006-12-31": "17.09040", "2005-12-31": "14.76500"}, "Return On Tangible Equity": {"2019-12-31": "38.09250", "2018-12-31": "26.38300", "2017-12-31": "5.34760", "2016-12-31": "71.60630", "2015-12-31": "16.23190", "2014-12-31": "395.48870", "2013-12-31": "109.33960", "2012-12-31": "702.38090", "2011-12-31": "247.07000", "2010-12-31": "130.53280", "2009-12-31": "16.27250", "2008-12-31": "10.32740", "2007-12-31": "25.78000", "2006-12-31": "25.36690", "2005-12-31": "17.77820"}, "ROA - Return On Assets": {"2019-12-31": "4.32640", "2018-12-31": "2.08420", "2017-12-31": "0.43900", "2016-12-31": "3.50670", "2015-12-31": "3.28880", "2014-12-31": "3.80360", "2013-12-31": "3.99160", "2012-12-31": "3.93140", "2011-12-31": "4.33990", "2010-12-31": "2.08170", "2009-12-31": "2.14710", "2008-12-31": "1.18060", "2007-12-31": "4.94840", "2006-12-31": "5.57370", "2005-12-31": "4.25000"}, "ROI - Return On Investment": {"2019-12-31": "7.20050", "2018-12-31": "3.25560", "2017-12-31": "0.65160", "2016-12-31": "6.16600", "2015-12-31": "5.32220", "2014-12-31": "6.04040", "2013-12-31": "5.89160", "2012-12-31": "6.06370", "2011-12-31": "6.71570", "2010-12-31": "3.22610", "2009-12-31": "3.33610", "2008-12-31": "2.01800", "2007-12-31": "7.50310", "2006-12-31": "9.49760", "2005-12-31": "6.99030"}, "Book Value Per Share": {"2019-12-31": "27.32020", "2018-12-31": "22.87660", "2017-12-31": "21.62890", "2016-12-31": "19.56280", "2015-12-31": "37.38410", "2014-12-31": "39.76560", "2013-12-31": "42.97830", "2012-12-31": "39.26550", "2011-12-31": "37.01080", "2010-12-31": "35.79910", "2009-12-31": "33.08560", "2008-12-31": "29.40870", "2007-12-31": "37.45410", "2006-12-31": "29.93010", "2005-12-31": "30.96260"}, "Operating Cash Flow Per Share": {"2019-12-31": 1.4216, "2018-12-31": 5.6335, "2017-12-31": -4.1991, "2016-12-31": -2.9041, "2015-12-31": -1.0951, "2014-12-31": -0.6035, "2013-12-31": -0.1739, "2012-12-31": 2.275, "2011-12-31": -2.5883, "2010-12-31": -1.9128, "2009-12-31": 5.9102, "2008-12-31": -3.7633, "2007-12-31": 1.1523, "2006-12-31": 0.9185, "2005-12-31": 5.9343}, "Free Cash Flow Per Share": {"2019-12-31": 1.4907, "2018-12-31": 5.6844, "2017-12-31": -4.0673, "2016-12-31": -3.4788, "2015-12-31": -0.8363, "2014-12-31": 0.0164, "2013-12-31": 0.1418, "2012-12-31": 2.004, "2011-12-31": -2.5658, "2010-12-31": -2.4699, "2009-12-31": 6.3104, "2008-12-31": -3.6194, "2007-12-31": 0.8132, "2006-12-31": 1.0903, "2005-12-31": 5.1988}}, "financial ratios, quarterly": {"Current Ratio": {"2020-09-30": "1.96600", "2020-06-30": "1.42210", "2020-03-31": "1.77200", "2019-12-31": "1.78750", "2019-09-30": "1.10630", "2019-06-30": "1.33410", "2019-03-31": "1.47250", "2018-12-31": "1.44970", "2018-09-30": "1.81650", "2018-06-30": "1.84460", "2018-03-31": "1.70880", "2017-12-31": "1.90810", "2017-09-30": "1.63060", "2017-06-30": "1.45810", "2017-03-31": "1.79690", "2016-12-31": "1.50240", "2016-09-30": "1.21190", "2016-06-30": "1.16220", "2016-03-31": "1.10770", "2015-12-31": "1.27240", "2015-09-30": "1.30040", "2015-06-30": "1.36680", "2015-03-31": "1.45840", "2014-12-31": "1.46050", "2014-09-30": "1.38210", "2014-06-30": "1.40230", "2014-03-31": "1.28210", "2013-12-31": "1.49680", "2013-09-30": "1.42930", "2013-06-30": "1.30250", "2013-03-31": "1.46790", "2012-12-31": "1.39980", "2012-09-30": "1.34980", "2012-06-30": "1.48870", "2012-03-31": "1.53270", "2011-12-31": "1.23990", "2011-09-30": "1.27500", "2011-06-30": "1.30990", "2011-03-31": "1.50740", "2010-12-31": "1.34630", "2010-09-30": "1.42490", "2010-06-30": "1.81120", "2010-03-31": "1.49470", "2009-12-31": "2.18140", "2009-09-30": "1.67950", "2009-06-30": "1.65430", "2009-03-31": "1.83850", "2008-12-31": "1.49540", "2008-09-30": "1.56320", "2008-06-30": "1.57890", "2008-03-31": "1.53500", "2007-12-31": "2.09470", "2007-09-30": "2.05190", "2007-06-30": "1.97130", "2007-03-31": "1.89780", "2006-12-31": "1.86330", "2006-09-30": "1.96160", "2006-06-30": "2.06290", "2006-03-31": "2.08000", "2005-12-31": "2.01010", "2005-09-30": "2.11500", "2005-06-30": "2.10210", "2005-03-31": "1.80780"}, "Long-term Debt / Capital": {"2020-09-30": "0.40370", "2020-06-30": "0.27730", "2020-03-31": "0.36580", "2019-12-31": "0.35760", "2019-09-30": "0.38780", "2019-06-30": "0.43220", "2019-03-31": "0.44710", "2018-12-31": "0.44830", "2018-09-30": "0.46970", "2018-06-30": "0.46120", "2018-03-31": "0.45360", "2017-12-31": "0.48730", "2017-09-30": "0.48300", "2017-06-30": "0.44090", "2017-03-31": "0.49060", "2016-12-31": "0.51680", "2016-09-30": "0.35670", "2016-06-30": "0.35890", "2016-03-31": "0.36040", "2015-12-31": "0.40020", "2015-09-30": "0.40210", "2015-06-30": "0.36480", "2015-03-31": "0.37160", "2014-12-31": "0.36250", "2014-09-30": "0.34140", "2014-06-30": "0.33250", "2014-03-31": "0.31730", "2013-12-31": "0.35100", "2013-09-30": "0.33830", "2013-06-30": "0.34250", "2013-03-31": "0.38260", "2012-12-31": "0.38270", "2012-09-30": "0.36970", "2012-06-30": "0.39210", "2012-03-31": "0.39970", "2011-12-31": "0.36420", "2011-09-30": "0.34850", "2011-06-30": "0.34520", "2011-03-31": "0.35710", "2010-12-31": "0.36650", "2010-09-30": "0.38790", "2010-06-30": "0.44210", "2010-03-31": "0.42570", "2009-12-31": "0.53510", "2009-09-30": "0.47250", "2009-06-30": "0.49770", "2009-03-31": "0.54460", "2008-12-31": "0.51580", "2008-09-30": "0.47480", "2008-06-30": "0.45830", "2008-03-31": "0.43720", "2007-12-31": "0.44690", "2007-09-30": "0.47250", "2007-06-30": "0.47140", "2007-03-31": "0.43230", "2006-12-31": "0.44430", "2006-09-30": "0.42580", "2006-06-30": "0.43640", "2006-03-31": "0.46620", "2005-12-31": "0.46000", "2005-09-30": "0.45390", "2005-06-30": "0.47190", "2005-03-31": "0.48990"}, "Debt/Equity Ratio": {"2020-09-30": "0.89200", "2020-06-30": "0.69850", "2020-03-31": "0.76380", "2019-12-31": "0.73730", "2019-09-30": "0.94750", "2019-06-30": "0.92740", "2019-03-31": "0.91400", "2018-12-31": "0.99560", "2018-09-30": "0.96120", "2018-06-30": "0.92940", "2018-03-31": "0.94700", "2017-12-31": "1.00180", "2017-09-30": "1.07030", "2017-06-30": "0.93090", "2017-03-31": "0.96540", "2016-12-31": "1.27310", "2016-09-30": "0.76520", "2016-06-30": "0.77200", "2016-03-31": "0.77670", "2015-12-31": "0.76900", "2015-09-30": "0.79700", "2015-06-30": "0.73200", "2015-03-31": "0.71710", "2014-12-31": "0.69730", "2014-09-30": "0.62490", "2014-06-30": "0.60440", "2014-03-31": "0.63110", "2013-12-31": "0.62820", "2013-09-30": "0.60190", "2013-06-30": "0.66670", "2013-03-31": "0.71190", "2012-12-31": "0.70670", "2012-09-30": "0.73540", "2012-06-30": "0.73310", "2012-03-31": "0.75570", "2011-12-31": "0.69770", "2011-09-30": "0.69300", "2011-06-30": "0.69010", "2011-03-31": "0.66160", "2010-12-31": "0.68810", "2010-09-30": "0.76550", "2010-06-30": "0.82310", "2010-03-31": "0.85220", "2009-12-31": "1.28830", "2009-09-30": "1.05900", "2009-06-30": "1.18940", "2009-03-31": "1.30150", "2008-12-31": "1.31870", "2008-09-30": "1.09840", "2008-06-30": "0.99920", "2008-03-31": "0.94270", "2007-12-31": "0.86910", "2007-09-30": "1.02560", "2007-06-30": "1.05860", "2007-03-31": "0.97390", "2006-12-31": "1.00920", "2006-09-30": "0.92990", "2006-06-30": "0.94280", "2006-03-31": "1.05290", "2005-12-31": "1.00970", "2005-09-30": "0.99930", "2005-06-30": "1.09970", "2005-03-31": "1.34040"}, "Gross Margin": {"2020-09-30": "36.84210", "2020-06-30": "38.49830", "2020-03-31": "38.27960", "2019-12-31": "41.57120", "2019-09-30": "40.01840", "2019-06-30": "39.10740", "2019-03-31": "40.22940", "2018-12-31": "40.42280", "2018-09-30": "40.05100", "2018-06-30": "39.88050", "2018-03-31": "39.83570", "2017-12-31": "42.53940", "2017-09-30": "40.08810", "2017-06-30": "40.63110", "2017-03-31": "39.73110", "2016-12-31": "40.01460", "2016-09-30": "39.44470", "2016-06-30": "39.81380", "2016-03-31": "38.92930", "2015-12-31": "39.71490", "2015-09-30": "22.77870", "2015-06-30": "31.06750", "2015-03-31": "31.19270", "2014-12-31": "32.10810", "2014-09-30": "32.15850", "2014-06-30": "32.07850", "2014-03-31": "31.50280", "2013-12-31": "31.99540", "2013-09-30": "31.51860", "2013-06-30": "31.47840", "2013-03-31": "30.48830", "2012-12-31": "38.99420", "2012-09-30": "31.48820", "2012-06-30": "32.61920", "2012-03-31": "31.03760", "2011-12-31": "34.70790", "2011-09-30": "32.74230", "2011-06-30": "33.43430", "2011-03-31": "32.95520", "2010-12-31": "33.60110", "2010-09-30": "33.58510", "2010-06-30": "34.78580", "2010-03-31": "36.09410", "2009-12-31": "39.86730", "2009-09-30": "39.83670", "2009-06-30": "40.15010", "2009-03-31": "38.85760", "2008-12-31": "37.91760", "2008-09-30": "39.22200", "2008-06-30": "39.24550", "2008-03-31": "39.33100", "2007-12-31": "40.47520", "2007-09-30": "40.07440", "2007-06-30": "40.28040", "2007-03-31": "40.56310", "2006-12-31": "41.05960", "2006-09-30": "40.16650", "2006-06-30": "41.06110", "2006-03-31": "40.16240", "2005-12-31": "41.38820", "2005-09-30": "41.31420", "2005-06-30": "40.42340", "2005-03-31": "41.79260"}, "Operating Margin": {"2020-09-30": "7.75330", "2020-06-30": "3.75430", "2020-03-31": "3.76340", "2019-12-31": "16.65300", "2019-09-30": "11.84030", "2019-06-30": "12.19620", "2019-03-31": "10.96330", "2018-12-31": "13.23470", "2018-09-30": "12.32990", "2018-06-30": "8.68530", "2018-03-31": "8.37780", "2017-12-31": "12.65670", "2017-09-30": "10.65280", "2017-06-30": "12.27110", "2017-03-31": "9.37250", "2016-12-31": "12.50910", "2016-09-30": "9.69950", "2016-06-30": "10.81280", "2016-03-31": "7.30400", "2015-12-31": "11.09980", "2015-09-30": "-0.06920", "2015-06-30": "8.23530", "2015-03-31": "7.56320", "2014-12-31": "10.41130", "2014-09-30": "9.61420", "2014-06-30": "9.77530", "2014-03-31": "8.65650", "2013-12-31": "9.41040", "2013-09-30": "9.36010", "2013-06-30": "9.40460", "2013-03-31": "7.53560", "2012-12-31": "12.23390", "2012-09-30": "8.87200", "2012-06-30": "9.92920", "2012-03-31": "8.48630", "2011-12-31": "10.82470", "2011-09-30": "9.60060", "2011-06-30": "10.38480", "2011-03-31": "9.11250", "2010-12-31": "10.35810", "2010-09-30": "9.17470", "2010-06-30": "10.14890", "2010-03-31": "8.47280", "2009-12-31": "7.86920", "2009-09-30": "6.74830", "2009-06-30": "7.58510", "2009-03-31": "4.86780", "2008-12-31": "7.84900", "2008-09-30": "7.96340", "2008-06-30": "8.51530", "2008-03-31": "8.30450", "2007-12-31": "11.30680", "2007-09-30": "9.29800", "2007-06-30": "9.29180", "2007-03-31": "10.01040", "2006-12-31": "12.35440", "2006-09-30": "8.55880", "2006-06-30": "9.63040", "2006-03-31": "7.46960", "2005-12-31": "11.31770", "2005-09-30": "7.98080", "2005-06-30": "7.57460", "2005-03-31": "9.06920"}, "EBIT Margin": {"2020-09-30": "7.75330", "2020-06-30": "3.75430", "2020-03-31": "3.76340", "2019-12-31": "16.65300", "2019-09-30": "11.84030", "2019-06-30": "12.19620", "2019-03-31": "10.96330", "2018-12-31": "13.23470", "2018-09-30": "12.32990", "2018-06-30": "8.68530", "2018-03-31": "8.37780", "2017-12-31": "12.65670", "2017-09-30": "10.65280", "2017-06-30": "12.27110", "2017-03-31": "9.37250", "2016-12-31": "12.50910", "2016-09-30": "9.69950", "2016-06-30": "10.81280", "2016-03-31": "7.30400", "2015-12-31": "11.09980", "2015-09-30": "-0.06920", "2015-06-30": "8.23530", "2015-03-31": "7.56320", "2014-12-31": "10.41130", "2014-09-30": "9.61420", "2014-06-30": "9.77530", "2014-03-31": "8.65650", "2013-12-31": "9.41040", "2013-09-30": "9.36010", "2013-06-30": "9.40460", "2013-03-31": "7.53560", "2012-12-31": "12.23390", "2012-09-30": "8.87200", "2012-06-30": "9.92920", "2012-03-31": "8.48630", "2011-12-31": "10.82470", "2011-09-30": "9.60060", "2011-06-30": "10.38480", "2011-03-31": "9.11250", "2010-12-31": "10.35810", "2010-09-30": "9.17470", "2010-06-30": "10.14890", "2010-03-31": "8.47280", "2009-12-31": "7.86920", "2009-09-30": "6.74830", "2009-06-30": "7.58510", "2009-03-31": "4.86780", "2008-12-31": "7.84900", "2008-09-30": "7.96340", "2008-06-30": "8.51530", "2008-03-31": "8.30450", "2007-12-31": "11.30680", "2007-09-30": "9.29800", "2007-06-30": "9.29180", "2007-03-31": "10.01040", "2006-12-31": "12.35440", "2006-09-30": "8.55880", "2006-06-30": "9.63040", "2006-03-31": "7.46960", "2005-12-31": "11.31770", "2005-09-30": "7.98080", "2005-06-30": "7.57460", "2005-03-31": "9.06920"}, "EBITDA Margin": {"2020-09-30": "", "2020-06-30": "", "2020-03-31": "", "2019-12-31": "", "2019-09-30": "", "2019-06-30": "", "2019-03-31": "", "2018-12-31": "", "2018-09-30": "", "2018-06-30": "", "2018-03-31": "", "2017-12-31": "", "2017-09-30": "", "2017-06-30": "", "2017-03-31": "", "2016-12-31": "", "2016-09-30": "", "2016-06-30": "", "2016-03-31": "", "2015-12-31": "", "2015-09-30": "", "2015-06-30": "", "2015-03-31": "", "2014-12-31": "", "2014-09-30": "", "2014-06-30": "", "2014-03-31": "", "2013-12-31": "", "2013-09-30": "", "2013-06-30": "", "2013-03-31": "", "2012-12-31": "", "2012-09-30": "", "2012-06-30": "", "2012-03-31": "", "2011-12-31": "", "2011-09-30": "", "2011-06-30": "", "2011-03-31": "", "2010-12-31": "", "2010-09-30": "", "2010-06-30": "", "2010-03-31": "", "2009-12-31": "", "2009-09-30": "", "2009-06-30": "", "2009-03-31": "", "2008-12-31": "", "2008-09-30": "", "2008-06-30": "", "2008-03-31": "", "2007-12-31": "", "2007-09-30": "", "2007-06-30": "", "2007-03-31": "", "2006-12-31": "", "2006-09-30": "", "2006-06-30": "", "2006-03-31": "", "2005-12-31": "", "2005-09-30": "", "2005-06-30": "", "2005-03-31": ""}, "Pre-Tax Profit Margin": {"2020-09-30": "6.73460", "2020-06-30": "2.38910", "2020-03-31": "-0.26880", "2019-12-31": "13.74800", "2019-09-30": "10.23410", "2019-06-30": "8.39590", "2019-03-31": "3.34860", "2018-12-31": "3.80550", "2018-09-30": "8.16330", "2018-06-30": "5.29880", "2018-03-31": "5.50310", "2017-12-31": "7.31900", "2017-09-30": "6.68800", "2017-06-30": "7.51850", "2017-03-31": "-0.65200", "2016-12-31": "6.54720", "2016-09-30": "6.31420", "2016-06-30": "6.83850", "2016-03-31": "1.22370", "2015-12-31": "9.74200", "2015-09-30": "-3.99260", "2015-06-30": "1.61220", "2015-03-31": "4.49770", "2014-12-31": "6.91440", "2014-09-30": "5.96450", "2014-06-30": "6.09190", "2014-03-31": "5.68020", "2013-12-31": "6.26080", "2013-09-30": "6.38010", "2013-06-30": "6.15840", "2013-03-31": "5.76700", "2012-12-31": "7.25150", "2012-09-30": "5.95260", "2012-06-30": "6.46420", "2012-03-31": "5.68780", "2011-12-31": "7.96110", "2011-09-30": "6.57350", "2011-06-30": "7.14290", "2011-03-31": "6.40440", "2010-12-31": "2.96180", "2010-09-30": "6.04270", "2010-06-30": "5.80970", "2010-03-31": "-0.21180", "2009-12-31": "4.59820", "2009-09-30": "4.29930", "2009-06-30": "5.28010", "2009-03-31": "2.19470", "2008-12-31": "-1.62470", "2008-09-30": "5.65220", "2008-06-30": "5.60340", "2008-03-31": "-11.74160", "2007-12-31": "10.24170", "2007-09-30": "7.53140", "2007-06-30": "7.48570", "2007-03-31": "8.57660", "2006-12-31": "5.57200", "2006-09-30": "2.36730", "2006-06-30": "6.66330", "2006-03-31": "5.62920", "2005-12-31": "8.16470", "2005-09-30": "2.04840", "2005-06-30": "2.98390", "2005-03-31": "7.66380"}, "Net Profit Margin": {"2020-09-30": "4.86700", "2020-06-30": "1.63820", "2020-03-31": "-0.10750", "2019-12-31": "33.75610", "2019-09-30": "9.95870", "2019-06-30": "7.86570", "2019-03-31": "6.10090", "2018-12-31": "5.91970", "2018-09-30": "3.78400", "2018-06-30": "4.34260", "2018-03-31": "0.94460", "2017-12-31": "-7.68300", "2017-09-30": "7.16860", "2017-06-30": "6.46670", "2017-03-31": "1.63000", "2016-12-31": "6.40090", "2016-09-30": "6.96080", "2016-06-30": "5.65700", "2016-03-31": "1.30020", "2015-12-31": "8.48610", "2015-09-30": "-0.92310", "2015-06-30": "0.26140", "2015-03-31": "5.03470", "2014-12-31": "3.09950", "2014-09-30": "5.54740", "2014-06-30": "5.38350", "2014-03-31": "5.88980", "2013-12-31": "5.87670", "2013-09-30": "5.46320", "2013-06-30": "5.02690", "2013-03-31": "5.69010", "2012-12-31": "7.83630", "2012-09-30": "5.34600", "2012-06-30": "5.75630", "2012-03-31": "4.88820", "2011-12-31": "6.81560", "2011-09-30": "5.73170", "2011-06-30": "5.57530", "2011-03-31": "5.14180", "2010-12-31": "2.66060", "2010-09-30": "4.49520", "2010-06-30": "4.12130", "2010-03-31": "-0.95320", "2009-12-31": "4.26640", "2009-09-30": "3.34690", "2009-06-30": "3.75230", "2009-03-31": "1.18180", "2008-12-31": "0.02290", "2008-09-30": "5.90390", "2008-06-30": "4.74300", "2008-03-31": "-5.62860", "2007-12-31": "7.82470", "2007-09-30": "5.90420", "2007-06-30": "6.32130", "2007-03-31": "6.07400", "2006-12-31": "4.88700", "2006-09-30": "13.94380", "2006-06-30": "6.53760", "2006-03-31": "5.41270", "2005-12-31": "7.64710", "2005-09-30": "1.30350", "2005-06-30": "10.40550", "2005-03-31": "5.19760"}, "Asset Turnover": {"2020-09-30": "0.11510", "2020-06-30": "0.10370", "2020-03-31": "0.12580", "2019-12-31": "0.16240", "2019-09-30": "0.14860", "2019-06-30": "0.15410", "2019-03-31": "0.14730", "2018-12-31": "0.15900", "2018-09-30": "0.15320", "2018-06-30": "0.16140", "2018-03-31": "0.15050", "2017-12-31": "0.15510", "2017-09-30": "0.14850", "2017-06-30": "0.15880", "2017-03-31": "0.15420", "2016-12-31": "0.15150", "2016-09-30": "0.10670", "2016-06-30": "0.11330", "2016-03-31": "0.10520", "2015-12-31": "0.11530", "2015-09-30": "0.17370", "2015-06-30": "0.17640", "2015-03-31": "0.16760", "2014-12-31": "0.18200", "2014-09-30": "0.17200", "2014-06-30": "0.17330", "2014-03-31": "0.16530", "2013-12-31": "0.17930", "2013-09-30": "0.18040", "2013-06-30": "0.18380", "2013-03-31": "0.17600", "2012-12-31": "0.14240", "2012-09-30": "0.17440", "2012-06-30": "0.17990", "2012-03-31": "0.17670", "2011-12-31": "0.17390", "2011-09-30": "0.18280", "2011-06-30": "0.18050", "2011-03-31": "0.17710", "2010-12-31": "0.19530", "2010-09-30": "0.17600", "2010-06-30": "0.18350", "2010-03-31": "0.15420", "2009-12-31": "0.17560", "2009-09-30": "0.16890", "2009-06-30": "0.16920", "2009-03-31": "0.16890", "2008-12-31": "0.19470", "2008-09-30": "0.18500", "2008-06-30": "0.18650", "2008-03-31": "0.17970", "2007-12-31": "0.20740", "2007-09-30": "0.18390", "2007-06-30": "0.18290", "2007-03-31": "0.17930", "2006-12-31": "0.20170", "2006-09-30": "0.17190", "2006-06-30": "0.18180", "2006-03-31": "0.16660", "2005-12-31": "0.19360", "2005-09-30": "0.16880", "2005-06-30": "0.17270", "2005-03-31": "0.15540"}, "Inventory Turnover Ratio": {"2020-09-30": "1.14110", "2020-06-30": "0.97720", "2020-03-31": "1.39320", "2019-12-31": "2.05760", "2019-09-30": "1.72430", "2019-06-30": "1.74870", "2019-03-31": "1.51690", "2018-12-31": "1.69960", "2018-09-30": "1.47180", "2018-06-30": "1.59350", "2018-03-31": "1.46350", "2017-12-31": "1.55300", "2017-09-30": "1.43980", "2017-06-30": "1.61440", "2017-03-31": "1.64700", "2016-12-31": "1.95010", "2016-09-30": "1.56230", "2016-06-30": "1.65290", "2016-03-31": "1.54450", "2015-12-31": "1.97110", "2015-09-30": "3.01440", "2015-06-30": "2.95150", "2015-03-31": "3.04760", "2014-12-31": "3.65850", "2014-09-30": "3.04300", "2014-06-30": "3.11610", "2014-03-31": "3.13030", "2013-12-31": "3.54810", "2013-09-30": "3.11200", "2013-06-30": "3.33090", "2013-03-31": "3.29930", "2012-12-31": "2.57960", "2012-09-30": "3.20390", "2012-06-30": "3.37090", "2012-03-31": "3.56340", "2011-12-31": "3.34970", "2011-09-30": "3.10590", "2011-06-30": "3.31000", "2011-03-31": "3.33090", "2010-12-31": "4.00400", "2010-09-30": "3.06290", "2010-06-30": "3.50100", "2010-03-31": "2.96370", "2009-12-31": "2.81890", "2009-09-30": "2.06830", "2009-06-30": "1.95710", "2009-03-31": "1.67800", "2008-12-31": "2.20210", "2008-09-30": "1.93020", "2008-06-30": "1.91780", "2008-03-31": "1.83790", "2007-12-31": "2.22680", "2007-09-30": "1.77790", "2007-06-30": "1.77470", "2007-03-31": "1.76740", "2006-12-31": "2.21930", "2006-09-30": "1.64640", "2006-06-30": "1.75980", "2006-03-31": "1.75480", "2005-12-31": "2.07410", "2005-09-30": "1.54270", "2005-06-30": "1.91950", "2005-03-31": "1.78600"}, "Receiveable Turnover": {"2020-09-30": "0.85280", "2020-06-30": "0.75090", "2020-03-31": "0.81870", "2019-12-31": "0.97560", "2019-09-30": "0.89340", "2019-06-30": "0.89060", "2019-03-31": "0.86270", "2018-12-31": "0.91210", "2018-09-30": "0.89670", "2018-06-30": "0.95180", "2018-03-31": "0.89100", "2017-12-31": "0.88770", "2017-09-30": "1.03740", "2017-06-30": "1.07000", "2017-03-31": "1.04600", "2016-12-31": "1.18510", "2016-09-30": "0.68390", "2016-06-30": "0.72170", "2016-03-31": "0.67690", "2015-12-31": "1.18790", "2015-09-30": "1.07230", "2015-06-30": "1.10260", "2015-03-31": "1.07660", "2014-12-31": "1.20210", "2014-09-30": "1.04720", "2014-06-30": "1.04660", "2014-03-31": "1.02230", "2013-12-31": "1.14640", "2013-09-30": "1.11120", "2013-06-30": "1.09710", "2013-03-31": "1.04960", "2012-12-31": "0.88070", "2012-09-30": "1.00400", "2012-06-30": "1.09280", "2012-03-31": "1.05770", "2011-12-31": "1.06230", "2011-09-30": "1.04370", "2011-06-30": "1.04660", "2011-03-31": "0.89990", "2010-12-31": "1.12520", "2010-09-30": "0.96330", "2010-06-30": "1.02630", "2010-03-31": "0.82390", "2009-12-31": "0.97570", "2009-09-30": "0.81580", "2009-06-30": "0.82910", "2009-03-31": "0.78750", "2008-12-31": "0.89200", "2008-09-30": "0.81990", "2008-06-30": "0.81790", "2008-03-31": "0.78520", "2007-12-31": "0.89510", "2007-09-30": "0.77890", "2007-06-30": "0.78420", "2007-03-31": "0.75390", "2006-12-31": "0.85510", "2006-09-30": "0.75550", "2006-06-30": "0.77750", "2006-03-31": "0.74810", "2005-12-31": "0.86080", "2005-09-30": "0.75130", "2005-06-30": "0.77310", "2005-03-31": "0.73900"}, "Days Sales In Receivables": {"2020-09-30": "105.53480", "2020-06-30": "119.85670", "2020-03-31": "109.93550", "2019-12-31": "92.24630", "2019-09-30": "100.73890", "2019-06-30": "101.05610", "2019-03-31": "104.32570", "2018-12-31": "98.67650", "2018-09-30": "100.36990", "2018-06-30": "94.55380", "2018-03-31": "101.01440", "2017-12-31": "101.39100", "2017-09-30": "86.75610", "2017-06-30": "84.10990", "2017-03-31": "86.03910", "2016-12-31": "75.94370", "2016-09-30": "131.59380", "2016-06-30": "124.70460", "2016-03-31": "132.95220", "2015-12-31": "75.76370", "2015-09-30": "83.93490", "2015-06-30": "81.62750", "2015-03-31": "83.59590", "2014-12-31": "74.87180", "2014-09-30": "85.94580", "2014-06-30": "85.99270", "2014-03-31": "88.03820", "2013-12-31": "78.50590", "2013-09-30": "80.99140", "2013-06-30": "82.03670", "2013-03-31": "85.74390", "2012-12-31": "102.18950", "2012-09-30": "89.64170", "2012-06-30": "82.35470", "2012-03-31": "85.09360", "2011-12-31": "84.72510", "2011-09-30": "86.22780", "2011-06-30": "85.99220", "2011-03-31": "100.01280", "2010-12-31": "79.98490", "2010-09-30": "93.43220", "2010-06-30": "87.69610", "2010-03-31": "109.23530", "2009-12-31": "92.23990", "2009-09-30": "110.32650", "2009-06-30": "108.55000", "2009-03-31": "114.28530", "2008-12-31": "100.89470", "2008-09-30": "109.77120", "2008-06-30": "110.03310", "2008-03-31": "114.62280", "2007-12-31": "100.54490", "2007-09-30": "115.54390", "2007-06-30": "114.76710", "2007-03-31": "119.37440", "2006-12-31": "105.25010", "2006-09-30": "119.12590", "2006-06-30": "115.75310", "2006-03-31": "120.30040", "2005-12-31": "104.54820", "2005-09-30": "119.78450", "2005-06-30": "116.41930", "2005-03-31": "121.79000"}, "ROE - Return On Equity": {"2020-09-30": "1.65080", "2020-06-30": "0.49260", "2020-03-31": "-0.03700", "2019-12-31": "4.75510", "2019-09-30": "3.23370", "2019-06-30": "2.84460", "2019-03-31": "1.67880", "2018-12-31": "1.52810", "2018-09-30": "1.78090", "2018-06-30": "2.10800", "2018-03-31": "0.46580", "2017-12-31": "-6.17800", "2017-09-30": "3.32100", "2017-06-30": "3.29590", "2017-03-31": "0.96660", "2016-12-31": "3.87610", "2016-09-30": "1.91520", "2016-06-30": "2.15930", "2016-03-31": "0.77490", "2015-12-31": "2.86280", "2015-09-30": "-0.30580", "2015-06-30": "1.10920", "2015-03-31": "1.91290", "2014-12-31": "2.89220", "2014-09-30": "2.21700", "2014-06-30": "2.10400", "2014-03-31": "2.19680", "2013-12-31": "2.43180", "2013-09-30": "2.39740", "2013-06-30": "2.52650", "2013-03-31": "2.55020", "2012-12-31": "2.60630", "2012-09-30": "2.31280", "2012-06-30": "2.58520", "2012-03-31": "2.22740", "2011-12-31": "3.01040", "2011-09-30": "2.54640", "2011-06-30": "2.48840", "2011-03-31": "2.28210", "2010-12-31": "1.47220", "2010-09-30": "2.12340", "2010-06-30": "2.08200", "2010-03-31": "-0.29970", "2009-12-31": "2.65610", "2009-09-30": "1.83470", "2009-06-30": "2.17550", "2009-03-31": "0.80740", "2008-12-31": "0.14160", "2008-09-30": "3.55910", "2008-06-30": "2.81620", "2008-03-31": "-2.88170", "2007-12-31": "4.79740", "2007-09-30": "3.23240", "2007-06-30": "3.52360", "2007-03-31": "3.26330", "2006-12-31": "3.02260", "2006-09-30": "6.73280", "2006-06-30": "3.90270", "2006-03-31": "3.12160", "2005-12-31": "4.46270", "2005-09-30": "1.08120", "2005-06-30": "5.67050", "2005-03-31": "3.33860"}, "Return On Tangible Equity": {"2020-09-30": "6.29370", "2020-06-30": "1.79280", "2020-03-31": "-0.14180", "2019-12-31": "15.56470", "2019-09-30": "15.13410", "2019-06-30": "12.82750", "2019-03-31": "7.20340", "2018-12-31": "6.55320", "2018-09-30": "7.12640", "2018-06-30": "7.69750", "2018-03-31": "1.66030", "2017-12-31": "-24.98090", "2017-09-30": "12.73120", "2017-06-30": "14.24980", "2017-03-31": "4.39560", "2016-12-31": "20.81450", "2016-09-30": "-31.06460", "2016-06-30": "-25.97910", "2016-03-31": "-7.20080", "2015-12-31": "5.04350", "2015-09-30": "2.38700", "2015-06-30": "-44.09450", "2015-03-31": "-261.33330", "2014-12-31": "116.91730", "2014-09-30": "44.82170", "2014-06-30": "27.91440", "2014-03-31": "26.93840", "2013-12-31": "28.49060", "2013-09-30": "37.72610", "2013-06-30": "59.64220", "2013-03-31": "106.83450", "2012-12-31": "180.95240", "2012-09-30": "35.04900", "2012-06-30": "42.26110", "2012-03-31": "33.13330", "2011-12-31": "68.43100", "2011-09-30": "25.09540", "2011-06-30": "23.10950", "2011-03-31": "29.51990", "2010-12-31": "36.68030", "2010-09-30": "74.20290", "2010-06-30": "-91.82880", "2010-03-31": "9.57750", "2009-12-31": "6.02330", "2009-09-30": "4.27580", "2009-06-30": "5.46270", "2009-03-31": "2.26960", "2008-12-31": "0.35070", "2008-09-30": "7.78200", "2008-06-30": "5.99090", "2008-03-31": "-5.74850", "2007-12-31": "9.11710", "2007-09-30": "6.76610", "2007-06-30": "7.63490", "2007-03-31": "4.81800", "2006-12-31": "4.48640", "2006-09-30": "9.31200", "2006-06-30": "4.69910", "2006-03-31": "3.75300", "2005-12-31": "5.37350", "2005-09-30": "1.30080", "2005-06-30": "6.87220", "2005-03-31": "4.12740"}, "ROA - Return On Assets": {"2020-09-30": "0.58620", "2020-06-30": "0.19120", "2020-03-31": "-0.01350", "2019-12-31": "1.76780", "2019-09-30": "1.07780", "2019-06-30": "0.96700", "2019-03-31": "0.57440", "2018-12-31": "0.51770", "2018-09-30": "0.60570", "2018-06-30": "0.73280", "2018-03-31": "0.16070", "2017-12-31": "-2.05070", "2017-09-30": "1.06440", "2017-06-30": "1.05150", "2017-03-31": "0.30160", "2016-12-31": "1.01930", "2016-09-30": "0.72230", "2016-06-30": "0.80760", "2016-03-31": "0.28560", "2015-12-31": "1.02190", "2015-09-30": "-0.11220", "2015-06-30": "0.43050", "2015-03-31": "0.73530", "2014-12-31": "1.12440", "2014-09-30": "0.94700", "2014-06-30": "0.91550", "2014-03-31": "0.93880", "2013-12-31": "1.04010", "2013-09-30": "1.00630", "2013-06-30": "1.02290", "2013-03-31": "1.00460", "2012-12-31": "1.01280", "2012-09-30": "0.94580", "2012-06-30": "1.05220", "2012-03-31": "0.88600", "2011-12-31": "1.20200", "2011-09-30": "1.07720", "2011-06-30": "1.05160", "2011-03-31": "0.93650", "2010-12-31": "0.58500", "2010-09-30": "0.82990", "2010-06-30": "0.78630", "2010-03-31": "-0.11100", "2009-12-31": "0.79480", "2009-09-30": "0.59300", "2009-06-30": "0.66650", "2009-03-31": "0.23290", "2008-12-31": "0.04010", "2008-09-30": "1.13020", "2008-06-30": "0.92140", "2008-03-31": "-0.97430", "2007-12-31": "1.75000", "2007-09-30": "1.08560", "2007-06-30": "1.15620", "2007-03-31": "1.08920", "2006-12-31": "0.98580", "2006-09-30": "2.39710", "2006-06-30": "1.18820", "2006-03-31": "0.90200", "2005-12-31": "1.28460", "2005-09-30": "0.31880", "2005-06-30": "1.62960", "2005-03-31": "0.86520"}, "ROI - Return On Investment": {"2020-09-30": "0.94720", "2020-06-30": "0.34260", "2020-03-31": "-0.02260", "2019-12-31": "2.94220", "2019-09-30": "1.89680", "2019-06-30": "1.54890", "2019-03-31": "0.89050", "2018-12-31": "0.80870", "2018-09-30": "0.90720", "2018-06-30": "1.09250", "2018-03-31": "0.24510", "2017-12-31": "-3.04410", "2017-09-30": "1.65140", "2017-06-30": "1.76940", "2017-03-31": "0.47210", "2016-12-31": "1.79230", "2016-09-30": "1.18750", "2016-06-30": "1.33380", "2016-03-31": "0.47740", "2015-12-31": "1.65370", "2015-09-30": "-0.17610", "2015-06-30": "0.68110", "2015-03-31": "1.16250", "2014-12-31": "1.78570", "2014-09-30": "1.41840", "2014-06-30": "1.36590", "2014-03-31": "1.45850", "2013-12-31": "1.53520", "2013-09-30": "1.54210", "2013-06-30": "1.61390", "2013-03-31": "1.52880", "2012-12-31": "1.56220", "2012-09-30": "1.41770", "2012-06-30": "1.52750", "2012-03-31": "1.30050", "2011-12-31": "1.86000", "2011-09-30": "1.61530", "2011-06-30": "1.58710", "2011-03-31": "1.42780", "2010-12-31": "0.90660", "2010-09-30": "1.26330", "2010-06-30": "1.12690", "2010-03-31": "-0.16700", "2009-12-31": "1.23490", "2009-09-30": "0.96790", "2009-06-30": "1.09280", "2009-03-31": "0.36770", "2008-12-31": "0.06850", "2008-09-30": "1.86910", "2008-06-30": "1.52550", "2008-03-31": "-1.62190", "2007-12-31": "2.65340", "2007-09-30": "1.70520", "2007-06-30": "1.86250", "2007-03-31": "1.85270", "2006-12-31": "1.67970", "2006-09-30": "3.86580", "2006-06-30": "1.94070", "2006-03-31": "1.46320", "2005-12-31": "2.11280", "2005-09-30": "0.52000", "2005-06-30": "2.63570", "2005-03-31": "1.49200"}, "Book Value Per Share": {"2020-09-30": "27.51060", "2020-06-30": "26.73530", "2020-03-31": "26.37770", "2019-12-31": "27.32020", "2019-09-30": "23.29160", "2019-06-30": "23.57930", "2019-03-31": "23.30720", "2018-12-31": "22.87660", "2018-09-30": "22.17310", "2018-06-30": "22.03820", "2018-03-31": "22.75810", "2017-12-31": "21.62890", "2017-09-30": "22.01220", "2017-06-30": "21.13550", "2017-03-31": "20.38200", "2016-12-31": "19.56280", "2016-09-30": "38.04780", "2016-06-30": "37.75770", "2016-03-31": "37.55970", "2015-12-31": "37.38410", "2015-09-30": "37.55820", "2015-06-30": "39.09450", "2015-03-31": "38.45150", "2014-12-31": "39.76560", "2014-09-30": "42.94840", "2014-06-30": "44.24040", "2014-03-31": "43.46710", "2013-12-31": "42.97830", "2013-09-30": "40.70790", "2013-06-30": "39.66790", "2013-03-31": "39.07480", "2012-12-31": "39.26550", "2012-09-30": "39.96710", "2012-06-30": "38.23430", "2012-03-31": "37.81120", "2011-12-31": "37.01080", "2011-09-30": "38.26530", "2011-06-30": "38.44750", "2011-03-31": "37.14850", "2010-12-31": "35.79910", "2010-09-30": "35.77000", "2010-06-30": "33.79210", "2010-03-31": "33.91340", "2009-12-31": "33.08560", "2009-09-30": "32.35450", "2009-06-30": "31.09950", "2009-03-31": "28.07170", "2008-12-31": "29.40870", "2008-09-30": "34.66730", "2008-06-30": "36.47650", "2008-03-31": "36.27960", "2007-12-31": "37.45410", "2007-09-30": "34.00160", "2007-06-30": "32.26570", "2007-03-31": "30.46900", "2006-12-31": "29.93010", "2006-09-30": "32.98950", "2006-06-30": "33.43300", "2006-03-31": "31.78110", "2005-12-31": "30.96260", "2005-09-30": "31.05370", "2005-06-30": "30.90850", "2005-03-31": "29.96910"}, "Operating Cash Flow Per Share": {"2020-09-30": 1.3118, "2020-06-30": -0.6535, "2020-03-31": "0.81320", "2019-12-31": 2.132, "2019-09-30": 2.4735, "2019-06-30": 0.411, "2019-03-31": "0.98880", "2018-12-31": 1.6986, "2018-09-30": 1.1157, "2018-06-30": 0.9212, "2018-03-31": "0.84820", "2017-12-31": -0.5676, "2017-09-30": -1.6904, "2017-06-30": 1.0035, "2017-03-31": "0.20470", "2016-12-31": 1.0878, "2016-09-30": 1.4597, "2016-06-30": 0.6987, "2016-03-31": "-0.09870", "2015-12-31": 3.5572, "2015-09-30": 1.1334, "2015-06-30": 1.2648, "2015-03-31": "0.40720", "2014-12-31": 3.1143, "2014-09-30": 2.0926, "2014-06-30": 1.1349, "2014-03-31": "0.97050", "2013-12-31": 3.2759, "2013-09-30": 3.1016, "2013-06-30": 1.734, "2013-03-31": "-0.28400", "2012-12-31": 5.4304, "2012-09-30": 1.8568, "2012-06-30": 0.6836, "2012-03-31": "-0.04490", "2011-12-31": 3.6941, "2011-09-30": 1.0525, "2011-06-30": 0.99, "2011-03-31": "-0.08570", "2010-12-31": 4.1472, "2010-09-30": 1.0471, "2010-06-30": 1.7691, "2010-03-31": "1.27580", "2009-12-31": 4.4548, "2009-09-30": 2.7966, "2009-06-30": 2.7991, "2009-03-31": "0.10150", "2008-12-31": 0.7785, "2008-09-30": 1.2426, "2008-06-30": 1.9923, "2008-03-31": "0.22840", "2007-12-31": 4.3107, "2007-09-30": 1.2448, "2007-06-30": 1.658, "2007-03-31": "0.79160", "2006-12-31": 3.1718, "2006-09-30": 2.074, "2006-06-30": 0.9729, "2006-03-31": "0.63410", "2005-12-31": 2.6521, "2005-09-30": 0.6709, "2005-06-30": 1.2054, "2005-03-31": "1.40590"}, "Free Cash Flow Per Share": {"2020-09-30": 1.119, "2020-06-30": -0.6347, "2020-03-31": "0.70510", "2019-12-31": 2.0469, "2019-09-30": 2.3374, "2019-06-30": 0.4051, "2019-03-31": "0.92310", "2018-12-31": 1.6272, "2018-09-30": 1.0214, "2018-06-30": 0.7329, "2018-03-31": "0.84030", "2017-12-31": -0.7222, "2017-09-30": -1.7738, "2017-06-30": 0.8917, "2017-03-31": "0.14170", "2016-12-31": 0.7092, "2016-09-30": 1.3966, "2016-06-30": 0.5961, "2016-03-31": "-0.09870", "2015-12-31": 4.2318, "2015-09-30": 0.9826, "2015-06-30": 0.9852, "2015-03-31": "0.19460", "2014-12-31": 3.6949, "2014-09-30": 1.7984, "2014-06-30": 0.7877, "2014-03-31": "0.79740", "2013-12-31": 3.0692, "2013-09-30": 2.9651, "2013-06-30": 1.488, "2013-03-31": "-0.55170", "2012-12-31": 5.1165, "2012-09-30": 1.5042, "2012-06-30": 0.446, "2012-03-31": "-0.30510", "2011-12-31": 3.477, "2011-09-30": 0.8356, "2011-06-30": 0.7278, "2011-03-31": "-0.28280", "2010-12-31": 3.7909, "2010-09-30": 0.8028, "2010-06-30": 1.5628, "2010-03-31": "1.16690", "2009-12-31": 4.3394, "2009-09-30": 2.7326, "2009-06-30": 2.7767, "2009-03-31": "-0.05540", "2008-12-31": 0.5019, "2008-09-30": 1.0435, "2008-06-30": 1.8628, "2008-03-31": "0.07470", "2007-12-31": 4.0558, "2007-09-30": 1.0314, "2007-06-30": 1.4267, "2007-03-31": "0.58840", "2006-12-31": 3.0718, "2006-09-30": 1.9343, "2006-06-30": 0.774, "2006-03-31": "0.50900", "2005-12-31": 2.4241, "2005-09-30": 0.4716, "2005-06-30": 1.0265, "2005-03-31": "1.27660"}}, "revenue": {"Xerox Holdings Annual Revenue (Millions of US $)": {"2020": "$7,022", "2019": "$9,066", "2018": "$9,662", "2017": "$9,991", "2016": "$10,771", "2015": "$11,465", "2014": "$12,679", "2013": "$20,006", "2012": "$20,421", "2011": "$21,900", "2010": "$21,633", "2009": "$15,179", "2008": "$17,608", "2007": "$17,228", "2006": "$15,895", "2005": "$15,701"}, "Xerox Holdings Quarterly Revenue (Millions of US $)": {"2020-12-31": "$1,930", "2020-09-30": "$1,767", "2020-06-30": "$1,465", "2020-03-31": "$1,860", "2019-12-31": "$2,444", "2019-09-30": "$2,179", "2019-06-30": "$2,263", "2019-03-31": "$2,180", "2018-12-31": "$2,365", "2018-09-30": "$2,352", "2018-06-30": "$2,510", "2018-03-31": "$2,435", "2017-12-31": "$2,473", "2017-09-30": "$2,497", "2017-06-30": "$2,567", "2017-03-31": "$2,454", "2016-12-31": "$2,734", "2016-09-30": "$2,629", "2016-06-30": "$2,793", "2016-03-31": "$2,615", "2015-12-31": "$2,946", "2015-09-30": "$4,333", "2015-06-30": "$4,590", "2015-03-31": "$4,469", "2014-12-31": "$5,033", "2014-09-30": "$4,795", "2014-06-30": "$4,941", "2014-03-31": "$4,771", "2013-12-31": "$5,207", "2013-09-30": "$5,235", "2013-06-30": "$5,391", "2013-03-31": "$5,202", "2012-12-31": "$4,275", "2012-09-30": "$5,275", "2012-06-30": "$5,368", "2012-03-31": "$5,503", "2011-12-31": "$5,238", "2011-09-30": "$5,583", "2011-06-30": "$5,614", "2011-03-31": "$5,465", "2010-12-31": "$5,976", "2010-09-30": "$5,428", "2010-06-30": "$5,508", "2010-03-31": "$4,721", "2009-12-31": "$4,219", "2009-09-30": "$3,675", "2009-06-30": "$3,731", "2009-03-31": "$3,554", "2008-12-31": "$4,370", "2008-09-30": "$4,370", "2008-06-30": "$4,533", "2008-03-31": "$4,335", "2007-12-31": "$4,882", "2007-09-30": "$4,302", "2007-06-30": "$4,208", "2007-03-31": "$3,836", "2006-12-31": "$4,379", "2006-09-30": "$3,844", "2006-06-30": "$3,977", "2006-03-31": "$3,695", "2005-12-31": "$4,250", "2005-09-30": "$3,759", "2005-06-30": "$3,921", "2005-03-31": "$3,771"}}, "gross-profit": {"Xerox Holdings Annual Gross Profit (Millions of US $)": {"2020": "$2,626", "2019": "$3,650", "2018": "$3,869", "2017": "$4,071", "2016": "$4,305", "2015": "$4,582", "2014": "$5,110", "2013": "$6,485", "2012": "$6,787", "2011": "$7,324", "2010": "$7,451", "2009": "$6,025", "2008": "$6,855", "2007": "$6,951", "2006": "$6,459", "2005": "$6,473"}, "Xerox Holdings Quarterly Gross Profit (Millions of US $)": {"2020-12-31": "$699", "2020-09-30": "$651", "2020-06-30": "$564", "2020-03-31": "$712", "2019-12-31": "$1,016", "2019-09-30": "$872", "2019-06-30": "$885", "2019-03-31": "$877", "2018-12-31": "$956", "2018-09-30": "$942", "2018-06-30": "$1,001", "2018-03-31": "$970", "2017-12-31": "$1,052", "2017-09-30": "$1,001", "2017-06-30": "$1,043", "2017-03-31": "$975", "2016-12-31": "$1,094", "2016-09-30": "$1,037", "2016-06-30": "$1,112", "2016-03-31": "$1,018", "2015-12-31": "$1,170", "2015-09-30": "$987", "2015-06-30": "$1,426", "2015-03-31": "$1,394", "2014-12-31": "$1,616", "2014-09-30": "$1,542", "2014-06-30": "$1,585", "2014-03-31": "$1,503", "2013-12-31": "$1,666", "2013-09-30": "$1,650", "2013-06-30": "$1,697", "2013-03-31": "$1,586", "2012-12-31": "$1,667", "2012-09-30": "$1,661", "2012-06-30": "$1,751", "2012-03-31": "$1,708", "2011-12-31": "$1,818", "2011-09-30": "$1,828", "2011-06-30": "$1,877", "2011-03-31": "$1,801", "2010-12-31": "$2,008", "2010-09-30": "$1,823", "2010-06-30": "$1,916", "2010-03-31": "$1,704", "2009-12-31": "$1,682", "2009-09-30": "$1,464", "2009-06-30": "$1,498", "2009-03-31": "$1,381", "2008-12-31": "$1,657", "2008-09-30": "$1,714", "2008-06-30": "$1,779", "2008-03-31": "$1,705", "2007-12-31": "$1,976", "2007-09-30": "$1,724", "2007-06-30": "$1,695", "2007-03-31": "$1,556", "2006-12-31": "$1,798", "2006-09-30": "$1,544", "2006-06-30": "$1,633", "2006-03-31": "$1,484", "2005-12-31": "$1,759", "2005-09-30": "$1,553", "2005-06-30": "$1,585", "2005-03-31": "$1,576"}}, "operating-income": {"Xerox Holdings Annual Operating Income (Millions of US $)": {"2020": "$446", "2019": "$1,180", "2018": "$1,025", "2017": "$1,124", "2016": "$1,206", "2015": "$1,206", "2014": "$1,446", "2013": "$1,809", "2012": "$1,991", "2011": "$2,184", "2010": "$2,076", "2009": "$1,036", "2008": "$1,437", "2007": "$1,727", "2006": "$1,529", "2005": "$1,420"}, "Xerox Holdings Quarterly Operating Income (Millions of US $)": {"2020-12-31": "$184", "2020-09-30": "$137", "2020-06-30": "$55", "2020-03-31": "$70", "2019-12-31": "$407", "2019-09-30": "$258", "2019-06-30": "$276", "2019-03-31": "$239", "2018-12-31": "$313", "2018-09-30": "$290", "2018-06-30": "$218", "2018-03-31": "$204", "2017-12-31": "$313", "2017-09-30": "$266", "2017-06-30": "$315", "2017-03-31": "$230", "2016-12-31": "$342", "2016-09-30": "$255", "2016-06-30": "$302", "2016-03-31": "$191", "2015-12-31": "$327", "2015-09-30": "$-3", "2015-06-30": "$378", "2015-03-31": "$338", "2014-12-31": "$524", "2014-09-30": "$461", "2014-06-30": "$483", "2014-03-31": "$413", "2013-12-31": "$490", "2013-09-30": "$490", "2013-06-30": "$507", "2013-03-31": "$392", "2012-12-31": "$523", "2012-09-30": "$468", "2012-06-30": "$533", "2012-03-31": "$467", "2011-12-31": "$567", "2011-09-30": "$536", "2011-06-30": "$583", "2011-03-31": "$498", "2010-12-31": "$619", "2010-09-30": "$498", "2010-06-30": "$559", "2010-03-31": "$400", "2009-12-31": "$332", "2009-09-30": "$248", "2009-06-30": "$283", "2009-03-31": "$173", "2008-12-31": "$343", "2008-09-30": "$348", "2008-06-30": "$386", "2008-03-31": "$360", "2007-12-31": "$552", "2007-09-30": "$400", "2007-06-30": "$391", "2007-03-31": "$384", "2006-12-31": "$541", "2006-09-30": "$329", "2006-06-30": "$383", "2006-03-31": "$276", "2005-12-31": "$481", "2005-09-30": "$300", "2005-06-30": "$297", "2005-03-31": "$342"}}, "ebitda": {"Xerox Holdings Annual EBITDA (Millions of US $)": {"2019": "$1,610", "2018": "$1,551", "2017": "$1,651", "2016": "$1,769", "2015": "$1,796", "2014": "$2,085", "2013": "$3,167", "2012": "$3,292", "2011": "$3,435", "2010": "$3,173", "2009": "$1,734", "2008": "$2,106", "2007": "$2,383", "2006": "$2,165", "2005": "$2,061"}, "Xerox Holdings Quarterly EBITDA (Millions of US $)": {"2020-09-30": "$321", "2020-06-30": "$49", "2020-03-31": "$164", "2019-12-31": "$505", "2019-09-30": "$480", "2019-06-30": "$268", "2019-03-31": "$357", "2018-12-31": "$441", "2018-09-30": "$412", "2018-06-30": "$356", "2018-03-31": "$342", "2017-12-31": "$441", "2017-09-30": "$397", "2017-06-30": "$450", "2017-03-31": "$363", "2016-12-31": "$479", "2016-09-30": "$395", "2016-06-30": "$446", "2016-03-31": "$333", "2015-12-31": "$7", "2015-09-30": "$314", "2015-06-30": "$675", "2015-03-31": "$634", "2014-12-31": "$93", "2014-09-30": "$810", "2014-06-30": "$859", "2014-03-31": "$758", "2013-12-31": "$836", "2013-09-30": "$830", "2013-06-30": "$850", "2013-03-31": "$721", "2012-12-31": "$859", "2012-09-30": "$807", "2012-06-30": "$846", "2012-03-31": "$780", "2011-12-31": "$928", "2011-09-30": "$837", "2011-06-30": "$881", "2011-03-31": "$789", "2010-12-31": "$912", "2010-09-30": "$782", "2010-06-30": "$838", "2010-03-31": "$641", "2009-12-31": "$517", "2009-09-30": "$424", "2009-06-30": "$451", "2009-03-31": "$342", "2008-12-31": "$514", "2008-09-30": "$523", "2008-06-30": "$564", "2008-03-31": "$505", "2007-12-31": "$723", "2007-09-30": "$571", "2007-06-30": "$553", "2007-03-31": "$536", "2006-12-31": "$696", "2006-09-30": "$492", "2006-06-30": "$546", "2006-03-31": "$431", "2005-12-31": "$639", "2005-09-30": "$457", "2005-06-30": "$464", "2005-03-31": "$501"}}, "net-income": {"Xerox Holdings Annual Net Income (Millions of US $)": {"2020": "$192", "2019": "$1,353", "2018": "$361", "2017": "$195", "2016": "$-471", "2015": "$448", "2014": "$1,013", "2013": "$1,159", "2012": "$1,195", "2011": "$1,271", "2010": "$585", "2009": "$485", "2008": "$230", "2007": "$1,135", "2006": "$1,210", "2005": "$978"}, "Xerox Holdings Quarterly Net Income (Millions of US $)": {"2020-12-31": "$77", "2020-09-30": "$86", "2020-06-30": "$24", "2020-03-31": "$-2", "2019-12-31": "$825", "2019-09-30": "$217", "2019-06-30": "$178", "2019-03-31": "$133", "2018-12-31": "$140", "2018-09-30": "$89", "2018-06-30": "$109", "2018-03-31": "$23", "2017-12-31": "$-190", "2017-09-30": "$179", "2017-06-30": "$166", "2017-03-31": "$40", "2016-12-31": "$175", "2016-09-30": "$183", "2016-06-30": "$158", "2016-03-31": "$34", "2015-12-31": "$250", "2015-09-30": "$-40", "2015-06-30": "$12", "2015-03-31": "$225", "2014-12-31": "$156", "2014-09-30": "$266", "2014-06-30": "$266", "2014-03-31": "$281", "2013-12-31": "$306", "2013-09-30": "$286", "2013-06-30": "$271", "2013-03-31": "$296", "2012-12-31": "$335", "2012-09-30": "$282", "2012-06-30": "$309", "2012-03-31": "$269", "2011-12-31": "$357", "2011-09-30": "$320", "2011-06-30": "$313", "2011-03-31": "$281", "2010-12-31": "$159", "2010-09-30": "$244", "2010-06-30": "$227", "2010-03-31": "$-45", "2009-12-31": "$180", "2009-09-30": "$123", "2009-06-30": "$140", "2009-03-31": "$42", "2008-12-31": "$1", "2008-09-30": "$258", "2008-06-30": "$215", "2008-03-31": "$-244", "2007-12-31": "$382", "2007-09-30": "$254", "2007-06-30": "$266", "2007-03-31": "$233", "2006-12-31": "$214", "2006-09-30": "$536", "2006-06-30": "$260", "2006-03-31": "$200", "2005-12-31": "$325", "2005-09-30": "$49", "2005-06-30": "$408", "2005-03-31": "$196"}}, "eps-earnings-per-share-diluted": {"Xerox Holdings Annual EPS": {"2020": "$0.84", "2019": "$5.80", "2018": "$1.38", "2017": "$0.71", "2016": "$-1.93", "2015": "$1.58", "2014": "$3.36", "2013": "$3.64", "2012": "$3.52", "2011": "$3.60", "2010": "$1.72", "2009": "$2.20", "2008": "$1.04", "2007": "$4.76", "2006": "$4.88", "2005": "$3.76"}, "Xerox Holdings Quarterly EPS": {"2020-12-31": "$0.36", "2020-09-30": "$0.41", "2020-06-30": "$0.11", "2020-03-31": "$-0.03", "2019-12-31": "$3.52", "2019-09-30": "$0.96", "2019-06-30": "$0.77", "2019-03-31": "$0.55", "2018-12-31": "$0.54", "2018-09-30": "$0.34", "2018-06-30": "$0.42", "2018-03-31": "$0.08", "2017-12-31": "$-0.74", "2017-09-30": "$0.68", "2017-06-30": "$0.63", "2017-03-31": "$0.14", "2016-12-31": "$0.68", "2016-09-30": "$0.69", "2016-06-30": "$0.60", "2016-03-31": "$0.12", "2015-12-31": "$0.96", "2015-09-30": "$-0.16", "2015-06-30": "$0.04", "2015-03-31": "$0.76", "2014-12-31": "$0.52", "2014-09-30": "$0.88", "2014-06-30": "$0.88", "2014-03-31": "$0.92", "2013-12-31": "$0.96", "2013-09-30": "$0.88", "2013-06-30": "$0.84", "2013-03-31": "$0.92", "2012-12-31": "$1.04", "2012-09-30": "$0.84", "2012-06-30": "$0.88", "2012-03-31": "$0.76", "2011-12-31": "$1.08", "2011-09-30": "$0.88", "2011-06-30": "$0.88", "2011-03-31": "$0.76", "2010-12-31": "$0.56", "2010-09-30": "$0.68", "2010-06-30": "$0.64", "2010-03-31": "$-0.16", "2009-12-31": "$0.80", "2009-09-30": "$0.56", "2009-06-30": "$0.64", "2009-03-31": "$0.20", "2008-12-31": "$0.00", "2008-09-30": "$1.16", "2008-06-30": "$0.96", "2008-03-31": "$-1.08", "2007-12-31": "$1.60", "2007-09-30": "$1.08", "2007-06-30": "$1.12", "2007-03-31": "$0.96", "2006-12-31": "$0.88", "2006-09-30": "$2.16", "2006-06-30": "$1.04", "2006-03-31": "$0.80", "2005-12-31": "$1.16", "2005-09-30": "$0.20", "2005-06-30": "$1.60", "2005-03-31": "$0.80"}}, "shares-outstanding": {"Xerox Holdings Annual Shares Outstanding (Millions of Shares)": {"2020": "209", "2019": "222", "2018": "249", "2017": "254", "2016": "253", "2015": "266", "2014": "289", "2013": "306", "2012": "326", "2011": "347", "2010": "331", "2009": "217", "2008": "221", "2007": "234", "2006": "236", "2005": "239"}, "Xerox Holdings Quarterly Shares Outstanding (Millions of Shares)": {"2020-12-31": "200", "2020-09-30": "213", "2020-06-30": "213", "2020-03-31": "213", "2019-12-31": "222", "2019-09-30": "231", "2019-06-30": "224", "2019-03-31": "229", "2018-12-31": "249", "2018-09-30": "251", "2018-06-30": "255", "2018-03-31": "255", "2017-12-31": "254", "2017-09-30": "263", "2017-06-30": "263", "2017-03-31": "254", "2016-12-31": "254", "2016-09-30": "253", "2016-06-30": "253", "2016-03-31": "253", "2015-12-31": "253", "2015-09-30": "261", "2015-06-30": "276", "2015-03-31": "278", "2014-12-31": "282", "2014-09-30": "287", "2014-06-30": "290", "2014-03-31": "295", "2013-12-31": "303", "2013-09-30": "309", "2013-06-30": "308", "2013-03-31": "306", "2012-12-31": "326", "2012-09-30": "323", "2012-06-30": "333", "2012-03-31": "334", "2011-12-31": "347", "2011-09-30": "349", "2011-06-30": "351", "2011-03-31": "350", "2010-12-31": "331", "2010-09-30": "347", "2010-06-30": "346", "2010-03-31": "294", "2009-12-31": "217", "2009-09-30": "218", "2009-06-30": "218", "2009-03-31": "217", "2008-12-31": "221", "2008-09-30": "218", "2008-06-30": "222", "2008-03-31": "228", "2007-12-31": "234", "2007-09-30": "233", "2007-06-30": "235", "2007-03-31": "236", "2006-12-31": "236", "2006-09-30": "244", "2006-06-30": "228", "2006-03-31": "232", "2005-12-31": "239", "2005-09-30": "240", "2005-06-30": "240", "2005-03-31": "240"}}, "total-assets": {"Xerox Holdings Annual Total Assets (Millions of US $)": {"2019": "$15,047", "2018": "$14,874", "2017": "$15,946", "2016": "$18,051", "2015": "$25,541", "2014": "$27,658", "2013": "$29,036", "2012": "$30,015", "2011": "$30,116", "2010": "$30,600", "2009": "$24,032", "2008": "$22,447", "2007": "$23,543", "2006": "$21,709", "2005": "$21,953"}, "Xerox Holdings Quarterly Total Assets (Millions of US $)": {"2020-09-30": "$15,352", "2020-06-30": "$14,125", "2020-03-31": "$14,784", "2019-12-31": "$15,047", "2019-09-30": "$14,660", "2019-06-30": "$14,684", "2019-03-31": "$14,799", "2018-12-31": "$14,874", "2018-09-30": "$15,353", "2018-06-30": "$15,556", "2018-03-31": "$16,175", "2017-12-31": "$15,946", "2017-09-30": "$16,817", "2017-06-30": "$16,167", "2017-03-31": "$15,916", "2016-12-31": "$18,051", "2016-09-30": "$24,642", "2016-06-30": "$24,641", "2016-03-31": "$24,857", "2015-12-31": "$25,541", "2015-09-30": "$24,946", "2015-06-30": "$26,016", "2015-03-31": "$26,657", "2014-12-31": "$27,658", "2014-09-30": "$27,877", "2014-06-30": "$28,508", "2014-03-31": "$28,868", "2013-12-31": "$29,036", "2013-09-30": "$29,016", "2013-06-30": "$29,327", "2013-03-31": "$29,565", "2012-12-31": "$30,015", "2012-09-30": "$30,239", "2012-06-30": "$29,841", "2012-03-31": "$31,151", "2011-12-31": "$30,116", "2011-09-30": "$30,541", "2011-06-30": "$31,095", "2011-03-31": "$30,859", "2010-12-31": "$30,600", "2010-09-30": "$30,847", "2010-06-30": "$30,014", "2010-03-31": "$30,623", "2009-12-31": "$24,032", "2009-09-30": "$21,753", "2009-06-30": "$22,056", "2009-03-31": "$21,040", "2008-12-31": "$22,447", "2008-09-30": "$23,625", "2008-06-30": "$24,312", "2008-03-31": "$24,119", "2007-12-31": "$23,543", "2007-09-30": "$23,397", "2007-06-30": "$23,006", "2007-03-31": "$21,391", "2006-12-31": "$21,709", "2006-09-30": "$22,360", "2006-06-30": "$21,881", "2006-03-31": "$22,173", "2005-12-31": "$21,953", "2005-09-30": "$22,270", "2005-06-30": "$22,705", "2005-03-31": "$24,273"}}, "cash-on-hand": {"Xerox Holdings Annual Cash on Hand (Millions of US $)": {"2019": "$2,740", "2018": "$1,081", "2017": "$1,293", "2016": "$2,223", "2015": "$1,228", "2014": "$1,411", "2013": "$1,764", "2012": "$1,246", "2011": "$902", "2010": "$1,211", "2009": "$3,799", "2008": "$1,229", "2007": "$1,099", "2006": "$1,536", "2005": "$1,566"}, "Xerox Holdings Quarterly Cash on Hand (Millions of US $)": {"2020-09-30": "$3,242", "2020-06-30": "$2,272", "2020-03-31": "$2,622", "2019-12-31": "$2,740", "2019-09-30": "$922", "2019-06-30": "$712", "2019-03-31": "$723", "2018-12-31": "$1,081", "2018-09-30": "$1,157", "2018-06-30": "$1,263", "2018-03-31": "$1,398", "2017-12-31": "$1,293", "2017-09-30": "$1,781", "2017-06-30": "$1,246", "2017-03-31": "$1,045", "2016-12-31": "$2,223", "2016-09-30": "$1,423", "2016-06-30": "$1,203", "2016-03-31": "$1,189", "2015-12-31": "$1,228", "2015-09-30": "$804", "2015-06-30": "$1,641", "2015-03-31": "$872", "2014-12-31": "$1,411", "2014-09-30": "$1,015", "2014-06-30": "$1,007", "2014-03-31": "$1,567", "2013-12-31": "$1,764", "2013-09-30": "$948", "2013-06-30": "$929", "2013-03-31": "$993", "2012-12-31": "$1,246", "2012-09-30": "$882", "2012-06-30": "$814", "2012-03-31": "$1,514", "2011-12-31": "$902", "2011-09-30": "$785", "2011-06-30": "$1,098", "2011-03-31": "$1,000", "2010-12-31": "$1,211", "2010-09-30": "$975", "2010-06-30": "$1,082", "2010-03-31": "$1,010", "2009-12-31": "$3,799", "2009-09-30": "$1,159", "2009-06-30": "$1,221", "2009-03-31": "$549", "2008-12-31": "$1,229", "2008-09-30": "$873", "2008-06-30": "$843", "2008-03-31": "$842", "2007-12-31": "$1,099", "2007-09-30": "$848", "2007-06-30": "$870", "2007-03-31": "$1,283", "2006-12-31": "$1,536", "2006-09-30": "$1,456", "2006-06-30": "$1,181", "2006-03-31": "$1,794", "2005-12-31": "$1,566", "2005-09-30": "$1,580", "2005-06-30": "$2,102", "2005-03-31": "$3,298"}}, "long-term-debt": {"Xerox Holdings Annual Long Term Debt (Millions of US $)": {"2019": "$3,233", "2018": "$4,269", "2017": "$5,235", "2016": "$5,305", "2015": "$6,317", "2014": "$6,314", "2013": "$6,904", "2012": "$7,447", "2011": "$7,088", "2010": "$7,237", "2009": "$8,276", "2008": "$6,774", "2007": "$6,939", "2006": "$5,660", "2005": "$6,139"}, "Xerox Holdings Quarterly Long Term Debt (Millions of US $)": {"2020-09-30": "$3,836", "2020-06-30": "$2,185", "2020-03-31": "$3,238", "2019-12-31": "$3,233", "2019-09-30": "$3,230", "2019-06-30": "$3,962", "2019-03-31": "$4,268", "2018-12-31": "$4,269", "2018-09-30": "$4,815", "2018-06-30": "$4,813", "2018-03-31": "$4,811", "2017-12-31": "$5,235", "2017-09-30": "$5,235", "2017-06-30": "$4,236", "2017-03-31": "$4,988", "2016-12-31": "$5,305", "2016-09-30": "$5,346", "2016-06-30": "$5,355", "2016-03-31": "$5,359", "2015-12-31": "$6,317", "2015-09-30": "$6,393", "2015-06-30": "$5,998", "2015-03-31": "$6,265", "2014-12-31": "$6,314", "2014-09-30": "$6,355", "2014-06-30": "$6,354", "2014-03-31": "$5,896", "2013-12-31": "$6,904", "2013-09-30": "$6,406", "2013-06-30": "$6,366", "2013-03-31": "$7,432", "2012-12-31": "$7,447", "2012-09-30": "$7,458", "2012-06-30": "$8,061", "2012-03-31": "$8,483", "2011-12-31": "$7,088", "2011-09-30": "$7,099", "2011-06-30": "$7,113", "2011-03-31": "$7,228", "2010-12-31": "$7,237", "2010-09-30": "$7,860", "2010-06-30": "$9,259", "2010-03-31": "$8,668", "2009-12-31": "$8,276", "2009-09-30": "$6,297", "2009-06-30": "$6,695", "2009-03-31": "$7,258", "2008-12-31": "$6,774", "2008-09-30": "$6,783", "2008-06-30": "$6,730", "2008-03-31": "$6,334", "2007-12-31": "$6,939", "2007-09-30": "$7,038", "2007-06-30": "$6,733", "2007-03-31": "$5,436", "2006-12-31": "$5,660", "2006-09-30": "$5,904", "2006-06-30": "$5,846", "2006-03-31": "$6,373", "2005-12-31": "$6,139", "2005-09-30": "$6,198", "2005-06-30": "$6,624", "2005-03-31": "$6,896"}}, "total-liabilities": {"Xerox Holdings Annual Total Liabilities (Millions of US $)": {"2019": "$9,239", "2018": "$9,621", "2017": "$10,439", "2016": "$13,090", "2015": "$16,075", "2014": "$16,556", "2013": "$16,268", "2012": "$18,002", "2011": "$17,742", "2010": "$18,092", "2009": "$16,841", "2008": "$16,089", "2007": "$14,955", "2006": "$14,629", "2005": "$14,745"}, "Xerox Holdings Quarterly Total Liabilities (Millions of US $)": {"2020-09-30": "$9,686", "2020-06-30": "$8,430", "2020-03-31": "$9,170", "2019-12-31": "$9,239", "2019-09-30": "$9,560", "2019-06-30": "$9,478", "2019-03-31": "$9,522", "2018-12-31": "$9,621", "2018-09-30": "$9,917", "2018-06-30": "$9,934", "2018-03-31": "$10,379", "2017-12-31": "$10,439", "2017-09-30": "$11,213", "2017-06-30": "$10,795", "2017-03-31": "$10,736", "2016-12-31": "$13,090", "2016-09-30": "$14,999", "2016-06-30": "$15,076", "2016-03-31": "$15,345", "2015-12-31": "$16,075", "2015-09-30": "$15,440", "2015-06-30": "$15,570", "2015-03-31": "$16,062", "2014-12-31": "$16,556", "2014-09-30": "$15,620", "2014-06-30": "$15,754", "2014-03-31": "$16,183", "2013-12-31": "$16,268", "2013-09-30": "$16,487", "2013-06-30": "$17,104", "2013-03-31": "$17,570", "2012-12-31": "$18,002", "2012-09-30": "$17,524", "2012-06-30": "$17,346", "2012-03-31": "$18,411", "2011-12-31": "$17,742", "2011-09-30": "$17,272", "2011-06-30": "$17,605", "2011-03-31": "$17,846", "2010-12-31": "$18,092", "2010-09-30": "$18,442", "2010-06-30": "$18,330", "2010-03-31": "$18,931", "2009-12-31": "$16,841", "2009-09-30": "$14,722", "2009-06-30": "$15,299", "2009-03-31": "$14,971", "2008-12-31": "$16,089", "2008-09-30": "$16,123", "2008-06-30": "$16,358", "2008-03-31": "$15,964", "2007-12-31": "$14,955", "2007-09-30": "$15,539", "2007-06-30": "$15,457", "2007-03-31": "$14,251", "2006-12-31": "$14,629", "2006-09-30": "$14,399", "2006-06-30": "$14,330", "2006-03-31": "$14,877", "2005-12-31": "$14,745", "2005-09-30": "$14,814", "2005-06-30": "$15,291", "2005-03-31": "$17,094"}}, "total-share-holder-equity": {"Xerox Holdings Annual Share Holder Equity (Millions of US $)": {"2019": "$5,808", "2018": "$5,253", "2017": "$5,507", "2016": "$4,961", "2015": "$9,466", "2014": "$11,102", "2013": "$12,768", "2012": "$12,013", "2011": "$12,374", "2010": "$12,508", "2009": "$7,191", "2008": "$6,358", "2007": "$8,588", "2006": "$7,080", "2005": "$7,208"}, "Xerox Holdings Quarterly Share Holder Equity (Millions of US $)": {"2020-09-30": "$5,666", "2020-06-30": "$5,695", "2020-03-31": "$5,614", "2019-12-31": "$5,808", "2019-09-30": "$5,100", "2019-06-30": "$5,206", "2019-03-31": "$5,277", "2018-12-31": "$5,253", "2018-09-30": "$5,436", "2018-06-30": "$5,622", "2018-03-31": "$5,796", "2017-12-31": "$5,507", "2017-09-30": "$5,604", "2017-06-30": "$5,372", "2017-03-31": "$5,180", "2016-12-31": "$4,961", "2016-09-30": "$9,643", "2016-06-30": "$9,565", "2016-03-31": "$9,512", "2015-12-31": "$9,466", "2015-09-30": "$9,506", "2015-06-30": "$10,446", "2015-03-31": "$10,595", "2014-12-31": "$11,102", "2014-09-30": "$12,257", "2014-06-30": "$12,754", "2014-03-31": "$12,685", "2013-12-31": "$12,768", "2013-09-30": "$12,529", "2013-06-30": "$12,223", "2013-03-31": "$11,995", "2012-12-31": "$12,013", "2012-09-30": "$12,715", "2012-06-30": "$12,495", "2012-03-31": "$12,740", "2011-12-31": "$12,374", "2011-09-30": "$13,269", "2011-06-30": "$13,490", "2011-03-31": "$13,013", "2010-12-31": "$12,508", "2010-09-30": "$12,405", "2010-06-30": "$11,684", "2010-03-31": "$11,692", "2009-12-31": "$7,191", "2009-09-30": "$7,031", "2009-06-30": "$6,757", "2009-03-31": "$6,069", "2008-12-31": "$6,358", "2008-09-30": "$7,502", "2008-06-30": "$7,954", "2008-03-31": "$8,155", "2007-12-31": "$8,588", "2007-09-30": "$7,858", "2007-06-30": "$7,549", "2007-03-31": "$7,140", "2006-12-31": "$7,080", "2006-09-30": "$7,961", "2006-06-30": "$7,551", "2006-03-31": "$7,296", "2005-12-31": "$7,208", "2005-09-30": "$7,456", "2005-06-30": "$7,414", "2005-03-31": "$7,179"}}, "profit-margins": {"current": "2.73%"}, "gross margin": {"2020-12-31": "37.40%", "2020-09-30": "39.05%", "2020-06-30": "39.81%", "2020-03-31": "39.85%", "2019-12-31": "40.26%", "2019-09-30": "39.95%", "2019-06-30": "39.96%", "2019-03-31": "40.14%", "2018-12-31": "40.04%", "2018-09-30": "40.58%", "2018-06-30": "40.58%", "2018-03-31": "40.77%", "2017-12-31": "40.75%", "2017-09-30": "40.12%", "2017-06-30": "39.96%", "2017-03-31": "39.75%", "2016-12-31": "39.56%", "2016-09-30": "39.49%", "2016-06-30": "33.79%", "2016-03-31": "31.77%", "2015-12-31": "30.46%", "2015-09-30": "29.43%", "2015-06-30": "31.65%", "2015-03-31": "31.90%", "2014-12-31": "31.97%", "2014-09-30": "31.94%", "2014-06-30": "31.78%", "2014-03-31": "31.62%", "2013-12-31": "31.37%", "2013-09-30": "32.83%", "2013-06-30": "32.82%", "2013-03-31": "33.13%", "2012-12-31": "33.24%", "2012-09-30": "32.44%", "2012-06-30": "32.75%", "2012-03-31": "32.96%", "2011-12-31": "33.44%", "2011-09-30": "33.19%", "2011-06-30": "33.40%", "2011-03-31": "33.73%", "2010-12-31": "34.44%", "2010-09-30": "35.85%", "2010-06-30": "37.33%", "2010-03-31": "38.84%", "2009-12-31": "39.69%", "2009-09-30": "39.14%", "2009-06-30": "39.00%", "2009-03-31": "38.81%", "2008-12-31": "38.93%", "2008-09-30": "39.59%", "2008-06-30": "39.80%", "2008-03-31": "40.05%", "2007-12-31": "40.35%", "2007-09-30": "40.50%", "2007-06-30": "40.53%", "2007-03-31": "40.73%", "2006-12-31": "40.64%", "2006-09-30": "40.72%", "2006-06-30": "41.00%", "2006-03-31": "40.84%", "2005-12-31": "41.23%"}, "operating margin": {"2020-12-31": "6.35%", "2020-09-30": "8.88%", "2020-06-30": "9.94%", "2020-03-31": "11.56%", "2019-12-31": "13.02%", "2019-09-30": "12.08%", "2019-06-30": "12.21%", "2019-03-31": "11.27%", "2018-12-31": "10.61%", "2018-09-30": "10.49%", "2018-06-30": "10.10%", "2018-03-31": "11.01%", "2017-12-31": "11.25%", "2017-09-30": "11.25%", "2017-06-30": "11.00%", "2017-03-31": "10.64%", "2016-12-31": "10.12%", "2016-09-30": "9.79%", "2016-06-30": "6.44%", "2016-03-31": "6.17%", "2015-12-31": "6.37%", "2015-09-30": "6.71%", "2015-06-30": "9.01%", "2015-03-31": "9.39%", "2014-12-31": "9.63%", "2014-09-30": "9.37%", "2014-06-30": "9.31%", "2014-03-31": "9.22%", "2013-12-31": "8.93%", "2013-09-30": "9.51%", "2013-06-30": "9.38%", "2013-03-31": "9.52%", "2012-12-31": "9.75%", "2012-09-30": "9.52%", "2012-06-30": "9.69%", "2012-03-31": "9.81%", "2011-12-31": "9.97%", "2011-09-30": "9.88%", "2011-06-30": "9.78%", "2011-03-31": "9.72%", "2010-12-31": "9.60%", "2010-09-30": "9.00%", "2010-06-30": "8.49%", "2010-03-31": "7.73%", "2009-12-31": "6.83%", "2009-09-30": "6.83%", "2009-06-30": "7.16%", "2009-03-31": "7.43%", "2008-12-31": "8.16%", "2008-09-30": "9.08%", "2008-06-30": "9.41%", "2008-03-31": "9.61%", "2007-12-31": "10.02%", "2007-09-30": "10.26%", "2007-06-30": "10.11%", "2007-03-31": "10.21%", "2006-12-31": "9.62%", "2006-09-30": "9.32%", "2006-06-30": "9.18%", "2006-03-31": "8.67%", "2005-12-31": "9.04%"}, "ebitda margin": {"2020-09-30": "13.79%", "2020-06-30": "15.07%", "2020-03-31": "16.20%", "2019-12-31": "17.76%", "2019-09-30": "17.20%", "2019-06-30": "16.14%", "2019-03-31": "16.65%", "2018-12-31": "16.05%", "2018-09-30": "15.88%", "2018-06-30": "15.49%", "2018-03-31": "16.35%", "2017-12-31": "16.52%", "2017-09-30": "16.47%", "2017-06-30": "16.25%", "2017-03-31": "15.86%", "2016-12-31": "15.35%", "2016-09-30": "10.75%", "2016-06-30": "8.67%", "2016-03-31": "9.18%", "2015-12-31": "9.98%", "2015-09-30": "9.31%", "2015-06-30": "11.71%", "2015-03-31": "12.45%", "2014-12-31": "12.90%", "2014-09-30": "16.55%", "2014-06-30": "16.29%", "2014-03-31": "15.89%", "2013-12-31": "15.39%", "2013-09-30": "16.22%", "2013-06-30": "16.07%", "2013-03-31": "16.07%", "2012-12-31": "16.12%", "2012-09-30": "15.72%", "2012-06-30": "15.63%", "2012-03-31": "15.62%", "2011-12-31": "15.68%", "2011-09-30": "15.10%", "2011-06-30": "14.96%", "2011-03-31": "14.84%", "2010-12-31": "14.67%", "2010-09-30": "13.98%", "2010-06-30": "13.35%", "2010-03-31": "12.44%", "2009-12-31": "11.42%", "2009-09-30": "11.29%", "2009-06-30": "11.42%", "2009-03-31": "11.55%", "2008-12-31": "11.96%", "2008-09-30": "12.78%", "2008-06-30": "13.09%", "2008-03-31": "13.27%", "2007-12-31": "13.83%", "2007-09-30": "14.09%", "2007-06-30": "14.00%", "2007-03-31": "14.16%", "2006-12-31": "13.62%", "2006-09-30": "13.37%", "2006-06-30": "13.22%", "2006-03-31": "12.74%", "2005-12-31": "13.13%"}, "pre tax profit margin": {"2020-12-31": "3.59%", "2020-09-30": "6.44%", "2020-06-30": "7.41%", "2020-03-31": "8.51%", "2019-12-31": "9.07%", "2019-09-30": "6.41%", "2019-06-30": "5.95%", "2019-03-31": "5.19%", "2018-12-31": "5.68%", "2018-09-30": "6.55%", "2018-06-30": "6.20%", "2018-03-31": "6.77%", "2017-12-31": "5.25%", "2017-09-30": "5.10%", "2017-06-30": "5.03%", "2017-03-31": "4.90%", "2016-12-31": "5.27%", "2016-09-30": "6.15%", "2016-06-30": "2.66%", "2016-03-31": "1.52%", "2015-12-31": "2.38%", "2015-09-30": "2.44%", "2015-06-30": "4.81%", "2015-03-31": "5.90%", "2014-12-31": "6.17%", "2014-09-30": "6.01%", "2014-06-30": "6.11%", "2014-03-31": "6.13%", "2013-12-31": "6.14%", "2013-09-30": "6.35%", "2013-06-30": "6.24%", "2013-03-31": "6.32%", "2012-12-31": "6.29%", "2012-09-30": "6.50%", "2012-06-30": "6.66%", "2012-03-31": "6.83%", "2011-12-31": "7.01%", "2011-09-30": "5.72%", "2011-06-30": "5.59%", "2011-03-31": "5.25%", "2010-12-31": "3.77%", "2010-09-30": "4.19%", "2010-06-30": "3.65%", "2010-03-31": "3.30%", "2009-12-31": "4.13%", "2009-09-30": "2.36%", "2009-06-30": "2.81%", "2009-03-31": "3.02%", "2008-12-31": "-0.45%", "2008-09-30": "2.72%", "2008-06-30": "3.15%", "2008-03-31": "3.55%", "2007-12-31": "8.52%", "2007-09-30": "7.25%", "2007-06-30": "6.02%", "2007-03-31": "5.79%", "2006-12-31": "5.08%", "2006-09-30": "5.78%", "2006-06-30": "5.72%", "2006-03-31": "4.79%", "2005-12-31": "5.29%"}, "net profit margin": {"2020-12-31": "2.63%", "2020-09-30": "12.38%", "2020-06-30": "13.39%", "2020-03-31": "13.93%", "2019-12-31": "14.92%", "2019-09-30": "7.43%", "2019-06-30": "5.90%", "2019-03-31": "5.01%", "2018-12-31": "3.74%", "2018-09-30": "0.32%", "2018-06-30": "1.22%", "2018-03-31": "1.78%", "2017-12-31": "1.95%", "2017-09-30": "5.46%", "2017-06-30": "5.43%", "2017-03-31": "5.24%", "2016-12-31": "5.11%", "2016-09-30": "5.69%", "2016-06-30": "3.17%", "2016-03-31": "1.77%", "2015-12-31": "2.74%", "2015-09-30": "1.92%", "2015-06-30": "3.49%", "2015-03-31": "4.75%", "2014-12-31": "4.96%", "2014-09-30": "5.68%", "2014-06-30": "5.65%", "2014-03-31": "5.55%", "2013-12-31": "5.51%", "2013-09-30": "5.91%", "2013-06-30": "5.88%", "2013-03-31": "6.07%", "2012-12-31": "5.85%", "2012-09-30": "5.69%", "2012-06-30": "5.79%", "2012-03-31": "5.74%", "2011-12-31": "5.80%", "2011-09-30": "4.74%", "2011-06-30": "4.43%", "2011-03-31": "4.07%", "2010-12-31": "2.70%", "2010-09-30": "3.05%", "2010-06-30": "2.68%", "2010-03-31": "2.43%", "2009-12-31": "3.20%", "2009-09-30": "2.00%", "2009-06-30": "2.75%", "2009-03-31": "3.07%", "2008-12-31": "1.31%", "2008-09-30": "3.37%", "2008-06-30": "3.36%", "2008-03-31": "3.71%", "2007-12-31": "6.59%", "2007-09-30": "5.78%", "2007-06-30": "7.68%", "2007-03-31": "7.75%", "2006-12-31": "7.61%", "2006-09-30": "8.38%", "2006-06-30": "5.32%", "2006-03-31": "6.28%", "2005-12-31": "6.23%"}, "pe ratio": {"current": "16.86", "2021-02-11": "48.12", "2020-12-31": "47.33", "2020-09-30": "4.53", "2020-06-30": "3.21", "2020-03-31": "3.43", "2019-12-31": "5.93", "2019-09-30": "9.91", "2019-06-30": "14.81", "2019-03-31": "15.76", "2018-12-31": "12.88", "2018-09-30": "272.06", "2018-06-30": "51.38", "2018-03-31": "40.66", "2017-12-31": "40.82", "2017-09-30": "14.07", "2017-06-30": "12.05", "2017-03-31": "12.39", "2016-12-31": "9.85", "2016-09-30": "9.51", "2016-06-30": "13.37", "2016-03-31": "23.67", "2015-12-31": "14.06", "2015-09-30": "18.96", "2015-06-30": "10.85", "2015-03-31": "9.42", "2014-12-31": "9.60", "2014-09-30": "8.02", "2014-06-30": "7.51", "2014-03-31": "6.86", "2013-12-31": "7.35", "2013-09-30": "6.05", "2013-06-30": "5.36", "2013-03-31": "5.00", "2012-12-31": "4.11", "2012-09-30": "4.40", "2012-06-30": "4.64", "2012-03-31": "4.73", "2011-12-31": "4.64", "2011-09-30": "4.80", "2011-06-30": "7.63", "2011-03-31": "8.50", "2010-12-31": "14.30", "2010-09-30": "10.71", "2010-06-30": "8.83", "2010-03-31": "10.65", "2009-12-31": "7.70", "2009-09-30": "11.01", "2009-06-30": "6.42", "2009-03-31": "3.86", "2008-12-31": "14.96", "2008-09-30": "8.35", "2008-06-30": "10.09", "2008-03-31": "10.46", "2007-12-31": "6.48", "2007-09-30": "8.23", "2007-06-30": "6.92", "2007-03-31": "6.43", "2006-12-31": "6.66"}, "price sales": {"2021-02-11": "0.70", "2020-12-31": "0.69", "2020-09-30": "0.53", "2020-06-30": "0.41", "2020-03-31": "0.46", "2019-12-31": "0.87", "2019-09-30": "0.73", "2019-06-30": "0.86", "2019-03-31": "0.77", "2018-12-31": "0.47", "2018-09-30": "0.64", "2018-06-30": "0.56", "2018-03-31": "0.66", "2017-12-31": "0.67", "2017-09-30": "0.73", "2017-06-30": "0.62", "2017-03-31": "0.60", "2016-12-31": "0.48", "2016-09-30": "0.54", "2016-06-30": "0.44", "2016-03-31": "0.46", "2015-12-31": "0.40", "2015-09-30": "0.33", "2015-06-30": "0.35", "2015-03-31": "0.42", "2014-12-31": "0.45", "2014-09-30": "0.44", "2014-06-30": "0.41", "2014-03-31": "0.36", "2013-12-31": "0.39", "2013-09-30": "0.34", "2013-06-30": "0.31", "2013-03-31": "0.29", "2012-12-31": "0.23", "2012-09-30": "0.24", "2012-06-30": "0.26", "2012-03-31": "0.27", "2011-12-31": "0.26", "2011-09-30": "0.22", "2011-06-30": "0.33", "2011-03-31": "0.33", "2010-12-31": "0.36", "2010-09-30": "0.31", "2010-06-30": "0.24", "2010-03-31": "0.28", "2009-12-31": "0.24", "2009-09-30": "0.22", "2009-06-30": "0.17", "2009-03-31": "0.12", "2008-12-31": "0.20", "2008-09-30": "0.28", "2008-06-30": "0.33", "2008-03-31": "0.38", "2007-12-31": "0.42", "2007-09-30": "0.47", "2007-06-30": "0.52", "2007-03-31": "0.48", "2006-12-31": "0.48"}, "price book": {"current": "0.85", "2021-02-11": "0.86", "2020-09-30": "0.67", "2020-06-30": "0.56", "2020-03-31": "0.69", "2019-12-31": "1.28", "2019-09-30": "1.21", "2019-06-30": "1.40", "2019-03-31": "1.27", "2018-12-31": "0.79", "2018-09-30": "1.10", "2018-06-30": "0.98", "2018-03-31": "1.13", "2017-12-31": "1.19", "2017-09-30": "1.32", "2017-06-30": "1.18", "2017-03-31": "1.24", "2016-12-31": "1.05", "2016-09-30": "0.62", "2016-06-30": "0.58", "2016-03-31": "0.68", "2015-12-31": "0.65", "2015-09-30": "0.59", "2015-06-30": "0.61", "2015-03-31": "0.75", "2014-12-31": "0.77", "2014-09-30": "0.68", "2014-06-30": "0.62", "2014-03-31": "0.57", "2013-12-31": "0.62", "2013-09-30": "0.55", "2013-06-30": "0.49", "2013-03-31": "0.47", "2012-12-31": "0.37", "2012-09-30": "0.39", "2012-06-30": "0.43", "2012-03-31": "0.45", "2011-12-31": "0.45", "2011-09-30": "0.38", "2011-06-30": "0.56", "2011-03-31": "0.59", "2010-12-31": "0.66", "2010-09-30": "0.59", "2010-06-30": "0.48", "2010-03-31": "0.58", "2009-12-31": "0.51", "2009-09-30": "0.48", "2009-06-30": "0.41", "2009-03-31": "0.32", "2008-12-31": "0.53", "2008-09-30": "0.65", "2008-06-30": "0.72", "2008-03-31": "0.80", "2007-12-31": "0.83", "2007-09-30": "0.98", "2007-06-30": "1.10", "2007-03-31": "1.06", "2006-12-31": "1.09", "2006-09-30": "0.90", "2006-06-30": "0.80", "2006-03-31": "0.92"}, "price fcf": {"2021-02-11": "", "2020-09-30": "$3.24", "2020-06-30": "$4.45", "2020-03-31": "$5.49", "2019-12-31": "$5.71", "2019-09-30": "$5.29", "2019-06-30": "$3.98", "2019-03-31": "$4.30", "2018-12-31": "$4.22", "2018-09-30": "$1.87", "2018-06-30": "$-0.92", "2018-03-31": "$-0.76", "2017-12-31": "$-1.46", "2017-09-30": "$-0.03", "2017-06-30": "$3.14", "2017-03-31": "$2.84", "2016-12-31": "$2.60", "2016-09-30": "$6.13", "2016-06-30": "$5.71", "2016-03-31": "$6.10", "2015-12-31": "$6.39", "2015-09-30": "$5.86", "2015-06-30": "$6.67", "2015-03-31": "$6.48", "2014-12-31": "$7.08", "2014-09-30": "$6.45", "2014-06-30": "$7.62", "2014-03-31": "$8.32", "2013-12-31": "$6.97", "2013-09-30": "$9.02", "2013-06-30": "$7.56", "2013-03-31": "$6.52", "2012-12-31": "$6.76", "2012-09-30": "$5.12", "2012-06-30": "$4.45", "2012-03-31": "$4.74", "2011-12-31": "$4.76", "2011-09-30": "$5.07", "2011-06-30": "$5.04", "2011-03-31": "$5.87", "2010-12-31": "$7.32", "2010-09-30": "$7.87", "2010-06-30": "$9.80", "2010-03-31": "$11.02", "2009-12-31": "$9.79", "2009-09-30": "$5.96", "2009-06-30": "$4.27", "2009-03-31": "$3.35", "2008-12-31": "$3.48", "2008-09-30": "$7.04", "2008-06-30": "$7.02", "2008-03-31": "$6.59", "2007-12-31": "$7.10", "2007-09-30": "$6.12", "2007-06-30": "$7.02", "2007-03-31": "$6.37", "2006-12-31": "$6.29"}, "net worth": {"value": "$4.75B"}, "current ratio": {"2020-12-31": "2.33", "2020-09-30": "1.97", "2020-06-30": "1.42", "2020-03-31": "1.77", "2019-12-31": "1.79", "2019-09-30": "1.11", "2019-06-30": "1.33", "2019-03-31": "1.47", "2018-12-31": "1.45", "2018-09-30": "1.82", "2018-06-30": "1.85", "2018-03-31": "1.71", "2017-12-31": "1.91", "2017-09-30": "1.63", "2017-06-30": "1.46", "2017-03-31": "1.80", "2016-12-31": "1.50", "2016-09-30": "1.21", "2016-06-30": "1.16", "2016-03-31": "1.11", "2015-12-31": "1.27", "2015-09-30": "1.30", "2015-06-30": "1.37", "2015-03-31": "1.46", "2014-12-31": "1.46", "2014-09-30": "1.38", "2014-06-30": "1.40", "2014-03-31": "1.28", "2013-12-31": "1.50", "2013-09-30": "1.43", "2013-06-30": "1.30", "2013-03-31": "1.47", "2012-12-31": "1.40", "2012-09-30": "1.35", "2012-06-30": "1.49", "2012-03-31": "1.53", "2011-12-31": "1.24", "2011-09-30": "1.28", "2011-06-30": "1.31", "2011-03-31": "1.51", "2010-12-31": "1.35", "2010-09-30": "1.43", "2010-06-30": "1.81", "2010-03-31": "1.50", "2009-12-31": "2.18", "2009-09-30": "1.68", "2009-06-30": "1.65", "2009-03-31": "1.84", "2008-12-31": "1.50", "2008-09-30": "1.56", "2008-06-30": "1.58", "2008-03-31": "1.54", "2007-12-31": "2.10", "2007-09-30": "2.05", "2007-06-30": "1.97", "2007-03-31": "1.90", "2006-12-31": "1.86", "2006-09-30": "1.96", "2006-06-30": "2.06", "2006-03-31": "2.08", "2005-12-31": "2.01", "2005-09-30": "2.12", "2005-06-30": "2.10", "2005-03-31": "1.81"}, "quick ratio": {"2020-12-31": "1.99", "2020-09-30": "1.67", "2020-06-30": "1.18", "2020-03-31": "1.53", "2019-12-31": "1.59", "2019-09-30": "0.91", "2019-06-30": "1.09", "2019-03-31": "1.18", "2018-12-31": "1.20", "2018-09-30": "1.47", "2018-06-30": "1.50", "2018-03-31": "1.39", "2017-12-31": "1.57", "2017-09-30": "1.33", "2017-06-30": "1.18", "2017-03-31": "1.46", "2016-12-31": "1.32", "2016-09-30": "1.04", "2016-06-30": "0.99", "2016-03-31": "0.94", "2015-12-31": "1.10", "2015-09-30": "1.09", "2015-06-30": "1.18", "2015-03-31": "1.28", "2014-12-31": "1.31", "2014-09-30": "1.20", "2014-06-30": "1.21", "2014-03-31": "1.12", "2013-12-31": "1.32", "2013-09-30": "1.23", "2013-06-30": "1.13", "2013-03-31": "1.27", "2012-12-31": "1.23", "2012-09-30": "1.17", "2012-06-30": "1.29", "2012-03-31": "1.35", "2011-12-31": "1.08", "2011-09-30": "1.09", "2011-06-30": "1.14", "2011-03-31": "1.33", "2010-12-31": "1.19", "2010-09-30": "1.24", "2010-06-30": "1.59", "2010-03-31": "1.32", "2009-12-31": "1.98", "2009-09-30": "1.44", "2009-06-30": "1.41", "2009-03-31": "1.50", "2008-12-31": "1.27", "2008-09-30": "1.32", "2008-06-30": "1.32", "2008-03-31": "1.28", "2007-12-31": "1.78", "2007-09-30": "1.71", "2007-06-30": "1.65", "2007-03-31": "1.61", "2006-12-31": "1.62", "2006-09-30": "1.66", "2006-06-30": "1.75", "2006-03-31": "1.79", "2005-12-31": "1.73", "2005-09-30": "1.78", "2005-06-30": "1.83", "2005-03-31": "1.60"}, "debt equity ratio": {"current": "0.72", "2020-12-31": "1.54", "2020-09-30": "1.71", "2020-06-30": "1.48", "2020-03-31": "1.63", "2019-12-31": "1.59", "2019-09-30": "1.88", "2019-06-30": "1.82", "2019-03-31": "1.80", "2018-12-31": "1.83", "2018-09-30": "1.82", "2018-06-30": "1.77", "2018-03-31": "1.79", "2017-12-31": "1.90", "2017-09-30": "2.00", "2017-06-30": "2.01", "2017-03-31": "2.07", "2016-12-31": "2.64", "2016-09-30": "1.56", "2016-06-30": "1.58", "2016-03-31": "1.61", "2015-12-31": "1.70", "2015-09-30": "1.62", "2015-06-30": "1.49", "2015-03-31": "1.52", "2014-12-31": "1.49", "2014-09-30": "1.27", "2014-06-30": "1.24", "2014-03-31": "1.28", "2013-12-31": "1.27", "2013-09-30": "1.32", "2013-06-30": "1.40", "2013-03-31": "1.47", "2012-12-31": "1.50", "2012-09-30": "1.38", "2012-06-30": "1.39", "2012-03-31": "1.45", "2011-12-31": "1.43", "2011-09-30": "1.30", "2011-06-30": "1.31", "2011-03-31": "1.37", "2010-12-31": "1.45", "2010-09-30": "1.49", "2010-06-30": "1.57", "2010-03-31": "1.62", "2009-12-31": "2.34", "2009-09-30": "2.09", "2009-06-30": "2.26", "2009-03-31": "2.47", "2008-12-31": "2.53", "2008-09-30": "2.15", "2008-06-30": "2.06", "2008-03-31": "1.96", "2007-12-31": "1.74", "2007-09-30": "1.98", "2007-06-30": "2.05", "2007-03-31": "2.00", "2006-12-31": "2.07", "2006-09-30": "1.81", "2006-06-30": "1.90", "2006-03-31": "2.04", "2005-12-31": "2.05", "2005-09-30": "1.99", "2005-06-30": "2.06", "2005-03-31": "2.38"}, "return on equity": {"2020-12-31": "3.25%", "2020-09-30": "16.38%", "2020-06-30": "19.16%", "2020-03-31": "22.42%", "2019-12-31": "25.30%", "2019-09-30": "12.82%", "2019-06-30": "10.20%", "2019-03-31": "8.73%", "2018-12-31": "6.53%", "2018-09-30": "0.55%", "2018-06-30": "2.15%", "2018-03-31": "3.20%", "2017-12-31": "3.60%", "2017-09-30": "10.61%", "2017-06-30": "8.97%", "2017-03-31": "7.58%", "2016-12-31": "6.53%", "2016-09-30": "6.55%", "2016-06-30": "4.23%", "2016-03-31": "2.63%", "2015-12-31": "4.47%", "2015-09-30": "3.39%", "2015-06-30": "5.94%", "2015-03-31": "7.82%", "2014-12-31": "7.94%", "2014-09-30": "8.87%", "2014-06-30": "8.98%", "2014-03-31": "9.11%", "2013-12-31": "9.36%", "2013-09-30": "9.75%", "2013-06-30": "9.68%", "2013-03-31": "9.93%", "2012-12-31": "9.57%", "2012-09-30": "9.67%", "2012-06-30": "9.87%", "2012-03-31": "9.71%", "2011-12-31": "9.75%", "2011-09-30": "8.21%", "2011-06-30": "7.76%", "2011-03-31": "7.35%", "2010-12-31": "4.85%", "2010-09-30": "5.64%", "2010-06-30": "5.16%", "2010-03-31": "4.87%", "2009-12-31": "7.17%", "2009-09-30": "4.67%", "2009-06-30": "6.61%", "2009-03-31": "7.40%", "2008-12-31": "3.07%", "2008-09-30": "7.59%", "2008-06-30": "7.46%", "2008-03-31": "8.19%", "2007-12-31": "14.58%", "2007-09-30": "13.06%", "2007-06-30": "16.80%", "2007-03-31": "16.72%", "2006-12-31": "16.19%", "2006-09-30": "17.60%", "2006-06-30": "11.30%", "2006-03-31": "13.37%", "2005-12-31": "13.37%"}, "return on assets": {"2020-12-31": "1.25%", "2020-09-30": "6.29%", "2020-06-30": "7.26%", "2020-03-31": "8.23%", "2019-12-31": "9.14%", "2019-09-30": "4.53%", "2019-06-30": "3.62%", "2019-03-31": "3.11%", "2018-12-31": "2.33%", "2018-09-30": "0.20%", "2018-06-30": "0.75%", "2018-03-31": "1.09%", "2017-12-31": "1.20%", "2017-09-30": "3.35%", "2017-06-30": "3.02%", "2017-03-31": "2.67%", "2016-12-31": "2.39%", "2016-09-30": "2.51%", "2016-06-30": "1.61%", "2016-03-31": "1.01%", "2015-12-31": "1.73%", "2015-09-30": "1.34%", "2015-06-30": "2.44%", "2015-03-31": "3.30%", "2014-12-31": "3.43%", "2014-09-30": "3.92%", "2014-06-30": "3.95%", "2014-03-31": "3.94%", "2013-12-31": "3.96%", "2013-09-30": "4.03%", "2013-06-30": "3.97%", "2013-03-31": "4.08%", "2012-12-31": "3.94%", "2012-09-30": "4.01%", "2012-06-30": "4.13%", "2012-03-31": "4.10%", "2011-12-31": "4.15%", "2011-09-30": "3.49%", "2011-06-30": "3.23%", "2011-03-31": "2.98%", "2010-12-31": "1.92%", "2010-09-30": "2.10%", "2010-06-30": "1.82%", "2010-03-31": "1.62%", "2009-12-31": "2.18%", "2009-09-30": "1.40%", "2009-06-30": "1.98%", "2009-03-31": "2.26%", "2008-12-31": "0.97%", "2008-09-30": "2.56%", "2008-06-30": "2.55%", "2008-03-31": "2.80%", "2007-12-31": "4.97%", "2007-09-30": "4.32%", "2007-06-30": "5.65%", "2007-03-31": "5.69%", "2006-12-31": "5.49%", "2006-09-30": "5.98%", "2006-06-30": "3.78%", "2006-03-31": "4.41%", "2005-12-31": "4.29%"}, "return on investments": {"2020-12-31": "4.94%", "2020-09-30": "7.59%", "2020-06-30": "9.27%", "2020-03-31": "11.43%", "2019-12-31": "13.08%", "2019-09-30": "11.88%", "2019-06-30": "11.62%", "2019-03-31": "10.67%", "2018-12-31": "10.05%", "2018-09-30": "9.75%", "2018-06-30": "9.39%", "2018-03-31": "10.51%", "2017-12-31": "10.87%", "2017-09-30": "11.28%", "2017-06-30": "10.14%", "2017-03-31": "8.97%", "2016-12-31": "7.92%", "2016-09-30": "7.10%", "2016-06-30": "5.32%", "2016-03-31": "5.67%", "2015-12-31": "6.40%", "2015-09-30": "7.43%", "2015-06-30": "9.81%", "2015-03-31": "10.03%", "2014-12-31": "10.21%", "2014-09-30": "9.72%", "2014-06-30": "9.84%", "2014-03-31": "10.03%", "2013-12-31": "9.81%", "2013-09-30": "10.01%", "2013-06-30": "9.74%", "2013-03-31": "9.63%", "2012-12-31": "9.78%", "2012-09-30": "10.00%", "2012-06-30": "10.31%", "2012-03-31": "10.55%", "2011-12-31": "10.83%", "2011-09-30": "11.05%", "2011-06-30": "10.87%", "2011-03-31": "10.71%", "2010-12-31": "10.21%", "2010-09-30": "9.29%", "2010-06-30": "8.78%", "2010-03-31": "8.07%", "2009-12-31": "7.46%", "2009-09-30": "7.87%", "2009-06-30": "8.47%", "2009-03-31": "9.02%", "2008-12-31": "10.16%", "2008-09-30": "11.16%", "2008-06-30": "11.40%", "2008-03-31": "11.51%", "2007-12-31": "12.06%", "2007-09-30": "12.60%", "2007-06-30": "12.31%", "2007-03-31": "12.45%", "2006-12-31": "11.40%", "2006-09-30": "10.83%", "2006-06-30": "10.65%", "2006-03-31": "9.90%", "2005-12-31": "10.31%"}, "return on tangible equity": {"2020-09-30": "61.64%", "2020-06-30": "75.07%", "2020-03-31": "92.45%", "2019-12-31": "107.38%", "2019-09-30": "59.30%", "2019-06-30": "45.31%", "2019-03-31": "36.65%", "2018-12-31": "26.13%", "2018-09-30": "2.19%", "2018-06-30": "8.40%", "2018-03-31": "13.01%", "2017-12-31": "15.60%", "2017-09-30": "48.96%", "2017-06-30": "86.90%", "2017-03-31": "349.14%", "2016-12-31": "-152.67%", "2016-09-30": "87.72%", "2016-06-30": "71.47%", "2016-03-31": "37.07%", "2015-12-31": "48.68%", "2015-09-30": "-114.24%", "2015-06-30": "501.14%", "2015-03-31": "212.94%", "2014-12-31": "138.63%", "2014-09-30": "124.68%", "2014-06-30": "120.69%", "2014-03-31": "136.88%", "2013-12-31": "177.28%", "2013-09-30": "275.80%", "2013-06-30": "268.33%", "2013-03-31": "243.79%", "2012-12-31": "186.72%", "2012-09-30": "166.66%", "2012-06-30": "146.96%", "2012-03-31": "123.19%", "2011-12-31": "120.08%", "2011-09-30": "102.36%", "2011-06-30": "123.58%", "2011-03-31": "234.34%", "2010-12-31": "1058.82%", "2010-09-30": "83.47%", "2010-06-30": "34.79%", "2010-03-31": "18.68%", "2009-12-31": "17.58%", "2009-09-30": "11.73%", "2009-06-30": "16.26%", "2009-03-31": "17.35%", "2008-12-31": "6.66%", "2008-09-30": "15.49%", "2008-06-30": "15.08%", "2008-03-31": "16.61%", "2007-12-31": "27.36%", "2007-09-30": "22.96%", "2007-06-30": "26.51%", "2007-03-31": "23.80%", "2006-12-31": "22.63%", "2006-09-30": "24.17%", "2006-06-30": "15.47%", "2006-03-31": "18.34%", "2005-12-31": "18.47%"}, "dividend yield history": {"last payout": "$1.00", "last yield": "4.18%"}}