{"ticker": "XYL", "price": {"title": "Xylem Historical Annual Stock Price Data", "value": 98.19, "historical": {"2020": {"Average Stock Price": "79.2142", "Year Open": "79.8500", "Year High": "101.7900", "Year Low": "56.6400", "Year Close": "101.7900", "Annual % Change": "29.19%"}, "2019": {"Average Stock Price": "77.3048", "Year Open": "66.5100", "Year High": "84.7700", "Year Low": "64.2300", "Year Close": "78.7900", "Annual % Change": "18.09%"}, "2018": {"Average Stock Price": "72.5866", "Year Open": "68.0700", "Year High": "81.8700", "Year Low": "61.3800", "Year Close": "66.7200", "Annual % Change": "-2.17%"}, "2017": {"Average Stock Price": "56.7776", "Year Open": "49.6500", "Year High": "69.3400", "Year Low": "47.0000", "Year Close": "68.2000", "Annual % Change": "37.72%"}, "2016": {"Average Stock Price": "45.0773", "Year Open": "36.0800", "Year High": "54.7500", "Year Low": "32.8000", "Year Close": "49.5200", "Annual % Change": "35.67%"}, "2015": {"Average Stock Price": "35.3612", "Year Open": "38.0800", "Year High": "38.0800", "Year Low": "30.4600", "Year Close": "36.5000", "Annual % Change": "-4.12%"}, "2014": {"Average Stock Price": "36.8932", "Year Open": "34.1600", "Year High": "39.7800", "Year Low": "31.9100", "Year Close": "38.0700", "Annual % Change": "10.03%"}, "2013": {"Average Stock Price": "28.5782", "Year Open": "27.5000", "Year High": "34.7700", "Year Low": "24.1900", "Year Close": "34.6000", "Annual % Change": "27.68%"}, "2012": {"Average Stock Price": "25.7257", "Year Open": "25.1400", "Year High": "28.7300", "Year Low": "23.1600", "Year Close": "27.1000", "Annual % Change": "5.49%"}, "2011": {"Average Stock Price": "24.6733", "Year Open": "24.2500", "Year High": "27.3100", "Year Low": "23.0000", "Year Close": "25.6900", "Annual % Change": "0.00%"}}}, "market cap": {"value": "$17.7B"}, "income statement": {"Revenue": {"2020-12-31": "4876.00000", "2019-12-31": "5249.00000", "2018-12-31": "5207.00000", "2017-12-31": "4707.00000", "2016-12-31": "3771.00000", "2015-12-31": "3653.00000", "2014-12-31": "3916.00000", "2013-12-31": "3837.00000", "2012-12-31": "3791.00000", "2011-12-31": "3803.00000", "2010-12-31": "3202.00000", "2009-12-31": "2849.00000"}, "Cost Of Goods Sold": {"2020-12-31": "3046.00000", "2019-12-31": "3203.00000", "2018-12-31": "3181.00000", "2017-12-31": "2860.00000", "2016-12-31": "2309.00000", "2015-12-31": "2249.00000", "2014-12-31": "2403.00000", "2013-12-31": "2338.00000", "2012-12-31": "2289.00000", "2011-12-31": "2342.00000", "2010-12-31": "1988.00000", "2009-12-31": "1812.00000"}, "Gross Profit": {"2020-12-31": "1830.00000", "2019-12-31": "2046.00000", "2018-12-31": "2026.00000", "2017-12-31": "1847.00000", "2016-12-31": "1462.00000", "2015-12-31": "1404.00000", "2014-12-31": "1513.00000", "2013-12-31": "1499.00000", "2012-12-31": "1502.00000", "2011-12-31": "1461.00000", "2010-12-31": "1214.00000", "2009-12-31": "1037.00000"}, "Research And Development Expenses": {"2020-12-31": "187.00000", "2019-12-31": "191.00000", "2018-12-31": "189.00000", "2017-12-31": "181.00000", "2016-12-31": "110.00000", "2015-12-31": "95.00000", "2014-12-31": "104.00000", "2013-12-31": "104.00000", "2012-12-31": "106.00000", "2011-12-31": "100.00000", "2010-12-31": "74.00000", "2009-12-31": "63.00000"}, "SG&A Expenses": {"2020-12-31": "1143.00000", "2019-12-31": "1158.00000", "2018-12-31": "1161.00000", "2017-12-31": "1089.00000", "2016-12-31": "914.00000", "2015-12-31": "854.00000", "2014-12-31": "920.00000", "2013-12-31": "990.00000", "2012-12-31": "914.00000", "2011-12-31": "877.00000", "2010-12-31": "737.00000", "2009-12-31": "667.00000"}, "Other Operating Income Or Expenses": {"2020-12-31": "", "2019-12-31": "", "2018-12-31": "", "2017-12-31": "", "2016-12-31": "", "2015-12-31": "", "2014-12-31": "", "2013-12-31": "", "2012-12-31": "", "2011-12-31": "", "2010-12-31": "", "2009-12-31": ""}, "Operating Expenses": {"2020-12-31": "4509.00000", "2019-12-31": "4763.00000", "2018-12-31": "4553.00000", "2017-12-31": "4155.00000", "2016-12-31": "3363.00000", "2015-12-31": "3204.00000", "2014-12-31": "3453.00000", "2013-12-31": "3474.00000", "2012-12-31": "3348.00000", "2011-12-31": "3408.00000", "2010-12-31": "2814.00000", "2009-12-31": "2573.00000"}, "Operating Income": {"2020-12-31": "367.00000", "2019-12-31": "486.00000", "2018-12-31": "654.00000", "2017-12-31": "552.00000", "2016-12-31": "408.00000", "2015-12-31": "449.00000", "2014-12-31": "463.00000", "2013-12-31": "363.00000", "2012-12-31": "443.00000", "2011-12-31": "395.00000", "2010-12-31": "388.00000", "2009-12-31": "276.00000"}, "Total Non-Operating Income/Expense": {"2020-12-31": "-82.00000", "2019-12-31": "-70.00000", "2018-12-31": "-69.00000", "2017-12-31": "-86.00000", "2016-12-31": "-68.00000", "2015-12-31": "-46.00000", "2014-12-31": "-42.00000", "2013-12-31": "-65.00000", "2012-12-31": "-55.00000", "2011-12-31": "-12.00000", "2010-12-31": "", "2009-12-31": "1.00000"}, "Pre-Tax Income": {"2020-12-31": "285.00000", "2019-12-31": "416.00000", "2018-12-31": "585.00000", "2017-12-31": "466.00000", "2016-12-31": "340.00000", "2015-12-31": "403.00000", "2014-12-31": "421.00000", "2013-12-31": "298.00000", "2012-12-31": "388.00000", "2011-12-31": "383.00000", "2010-12-31": "388.00000", "2009-12-31": "277.00000"}, "Income Taxes": {"2020-12-31": "31.00000", "2019-12-31": "15.00000", "2018-12-31": "36.00000", "2017-12-31": "136.00000", "2016-12-31": "80.00000", "2015-12-31": "63.00000", "2014-12-31": "84.00000", "2013-12-31": "70.00000", "2012-12-31": "91.00000", "2011-12-31": "104.00000", "2010-12-31": "59.00000", "2009-12-31": "14.00000"}, "Income After Taxes": {"2020-12-31": "254.00000", "2019-12-31": "401.00000", "2018-12-31": "549.00000", "2017-12-31": "330.00000", "2016-12-31": "260.00000", "2015-12-31": "340.00000", "2014-12-31": "337.00000", "2013-12-31": "228.00000", "2012-12-31": "297.00000", "2011-12-31": "279.00000", "2010-12-31": "329.00000", "2009-12-31": "263.00000"}, "Other Income": {"2020-12-31": "", "2019-12-31": "", "2018-12-31": "", "2017-12-31": "", "2016-12-31": "", "2015-12-31": "", "2014-12-31": "", "2013-12-31": "", "2012-12-31": "", "2011-12-31": "", "2010-12-31": "", "2009-12-31": ""}, "Income From Continuous Operations": {"2020-12-31": "254.00000", "2019-12-31": "401.00000", "2018-12-31": "549.00000", "2017-12-31": "330.00000", "2016-12-31": "260.00000", "2015-12-31": "340.00000", "2014-12-31": "337.00000", "2013-12-31": "228.00000", "2012-12-31": "297.00000", "2011-12-31": "279.00000", "2010-12-31": "329.00000", "2009-12-31": "263.00000"}, "Income From Discontinued Operations": {"2020-12-31": "", "2019-12-31": "", "2018-12-31": "", "2017-12-31": "", "2016-12-31": "", "2015-12-31": "", "2014-12-31": "", "2013-12-31": "", "2012-12-31": "", "2011-12-31": "", "2010-12-31": "", "2009-12-31": ""}, "Net Income": {"2020-12-31": "254.00000", "2019-12-31": "401.00000", "2018-12-31": "549.00000", "2017-12-31": "331.00000", "2016-12-31": "260.00000", "2015-12-31": "340.00000", "2014-12-31": "337.00000", "2013-12-31": "228.00000", "2012-12-31": "297.00000", "2011-12-31": "279.00000", "2010-12-31": "329.00000", "2009-12-31": "263.00000"}, "EBITDA": {"2020-12-31": "676.00000", "2019-12-31": "891.00000", "2018-12-31": "915.00000", "2017-12-31": "786.00000", "2016-12-31": "559.00000", "2015-12-31": "582.00000", "2014-12-31": "605.00000", "2013-12-31": "513.00000", "2012-12-31": "585.00000", "2011-12-31": "532.00000", "2010-12-31": "480.00000", "2009-12-31": "346.00000"}, "EBIT": {"2020-12-31": "367.00000", "2019-12-31": "486.00000", "2018-12-31": "654.00000", "2017-12-31": "552.00000", "2016-12-31": "408.00000", "2015-12-31": "449.00000", "2014-12-31": "463.00000", "2013-12-31": "363.00000", "2012-12-31": "443.00000", "2011-12-31": "395.00000", "2010-12-31": "388.00000", "2009-12-31": "276.00000"}, "Basic Shares Outstanding": {"2020-12-31": "180.10000", "2019-12-31": "180.00000", "2018-12-31": "179.80000", "2017-12-31": "179.60000", "2016-12-31": "179.10000", "2015-12-31": "180.90000", "2014-12-31": "183.10000", "2013-12-31": "185.21600", "2012-12-31": "185.78400", "2011-12-31": "185.05900", "2010-12-31": "184.60000", "2009-12-31": "184.60000"}, "Shares Outstanding": {"2020-12-31": "181.10000", "2019-12-31": "181.20000", "2018-12-31": "181.10000", "2017-12-31": "180.90000", "2016-12-31": "180.00000", "2015-12-31": "181.70000", "2014-12-31": "184.20000", "2013-12-31": "186.03800", "2012-12-31": "186.23000", "2011-12-31": "185.32400", "2010-12-31": "184.60000", "2009-12-31": "184.60000"}, "Basic EPS": {"2020-12-31": "1.41000", "2019-12-31": "2.23000", "2018-12-31": "3.05000", "2017-12-31": "1.84000", "2016-12-31": "1.45000", "2015-12-31": "1.88000", "2014-12-31": "1.84000", "2013-12-31": "1.23000", "2012-12-31": "1.60000", "2011-12-31": "1.51000", "2010-12-31": "1.78000", "2009-12-31": "1.42000"}, "EPS - Earnings Per Share": {"2020-12-31": "1.40000", "2019-12-31": "2.21000", "2018-12-31": "3.03000", "2017-12-31": "1.83000", "2016-12-31": "1.45000", "2015-12-31": "1.87000", "2014-12-31": "1.83000", "2013-12-31": "1.22000", "2012-12-31": "1.59000", "2011-12-31": "1.50000", "2010-12-31": "1.78000", "2009-12-31": "1.42000"}}, "income statement, quarterly": {"Revenue": {"2020-12-31": "", "2020-09-30": "1220.00000", "2020-06-30": "1160.00000", "2020-03-31": "1123.00000", "2019-12-31": "1371.00000", "2019-09-30": "1296.00000", "2019-06-30": "1345.00000", "2019-03-31": "1237.00000", "2018-12-31": "1386.00000", "2018-09-30": "1287.00000", "2018-06-30": "1317.00000", "2018-03-31": "1217.00000", "2017-12-31": "1277.00000", "2017-09-30": "1195.00000", "2017-06-30": "1164.00000", "2017-03-31": "1071.00000", "2016-12-31": "1095.00000", "2016-09-30": "897.00000", "2016-06-30": "932.00000", "2016-03-31": "847.00000", "2015-12-31": "994.00000", "2015-09-30": "902.00000", "2015-06-30": "920.00000", "2015-03-31": "837.00000", "2014-12-31": "1042.00000", "2014-09-30": "963.00000", "2014-06-30": "1005.00000", "2014-03-31": "906.00000", "2013-12-31": "1033.00000", "2013-09-30": "965.00000", "2013-06-30": "960.00000", "2013-03-31": "879.00000", "2012-12-31": "969.00000", "2012-09-30": "931.00000", "2012-06-30": "966.00000", "2012-03-31": "925.00000", "2011-12-31": "1003.00000", "2011-09-30": "939.00000", "2011-06-30": "971.00000", "2011-03-31": "890.00000", "2010-12-31": "935.00000", "2010-09-30": "806.00000", "2010-06-30": "789.00000", "2010-03-31": "700.00000", "2009-12-31": ""}, "Cost Of Goods Sold": {"2020-12-31": "", "2020-09-30": "759.00000", "2020-06-30": "726.00000", "2020-03-31": "714.00000", "2019-12-31": "834.00000", "2019-09-30": "787.00000", "2019-06-30": "819.00000", "2019-03-31": "763.00000", "2018-12-31": "844.00000", "2018-09-30": "782.00000", "2018-06-30": "798.00000", "2018-03-31": "757.00000", "2017-12-31": "770.00000", "2017-09-30": "724.00000", "2017-06-30": "707.00000", "2017-03-31": "659.00000", "2016-12-31": "688.00000", "2016-09-30": "540.00000", "2016-06-30": "563.00000", "2016-03-31": "518.00000", "2015-12-31": "604.00000", "2015-09-30": "551.00000", "2015-06-30": "572.00000", "2015-03-31": "522.00000", "2014-12-31": "635.00000", "2014-09-30": "587.00000", "2014-06-30": "617.00000", "2014-03-31": "564.00000", "2013-12-31": "623.00000", "2013-09-30": "581.00000", "2013-06-30": "589.00000", "2013-03-31": "545.00000", "2012-12-31": "587.00000", "2012-09-30": "557.00000", "2012-06-30": "583.00000", "2012-03-31": "562.00000", "2011-12-31": "623.00000", "2011-09-30": "574.00000", "2011-06-30": "592.00000", "2011-03-31": "553.00000", "2010-12-31": "", "2010-09-30": "497.00000", "2010-06-30": "", "2010-03-31": "", "2009-12-31": ""}, "Gross Profit": {"2020-12-31": "", "2020-09-30": "461.00000", "2020-06-30": "434.00000", "2020-03-31": "409.00000", "2019-12-31": "537.00000", "2019-09-30": "509.00000", "2019-06-30": "526.00000", "2019-03-31": "474.00000", "2018-12-31": "542.00000", "2018-09-30": "505.00000", "2018-06-30": "519.00000", "2018-03-31": "460.00000", "2017-12-31": "507.00000", "2017-09-30": "471.00000", "2017-06-30": "457.00000", "2017-03-31": "412.00000", "2016-12-31": "407.00000", "2016-09-30": "357.00000", "2016-06-30": "369.00000", "2016-03-31": "329.00000", "2015-12-31": "390.00000", "2015-09-30": "351.00000", "2015-06-30": "348.00000", "2015-03-31": "315.00000", "2014-12-31": "407.00000", "2014-09-30": "376.00000", "2014-06-30": "388.00000", "2014-03-31": "342.00000", "2013-12-31": "410.00000", "2013-09-30": "384.00000", "2013-06-30": "371.00000", "2013-03-31": "334.00000", "2012-12-31": "382.00000", "2012-09-30": "374.00000", "2012-06-30": "383.00000", "2012-03-31": "363.00000", "2011-12-31": "380.00000", "2011-09-30": "365.00000", "2011-06-30": "379.00000", "2011-03-31": "337.00000", "2010-12-31": "935.00000", "2010-09-30": "309.00000", "2010-06-30": "789.00000", "2010-03-31": "700.00000", "2009-12-31": ""}, "Research And Development Expenses": {"2020-12-31": "", "2020-09-30": "45.00000", "2020-06-30": "44.00000", "2020-03-31": "49.00000", "2019-12-31": "49.00000", "2019-09-30": "44.00000", "2019-06-30": "47.00000", "2019-03-31": "51.00000", "2018-12-31": "52.00000", "2018-09-30": "46.00000", "2018-06-30": "50.00000", "2018-03-31": "41.00000", "2017-12-31": "50.00000", "2017-09-30": "45.00000", "2017-06-30": "44.00000", "2017-03-31": "42.00000", "2016-12-31": "35.00000", "2016-09-30": "23.00000", "2016-06-30": "27.00000", "2016-03-31": "25.00000", "2015-12-31": "24.00000", "2015-09-30": "23.00000", "2015-06-30": "25.00000", "2015-03-31": "23.00000", "2014-12-31": "26.00000", "2014-09-30": "24.00000", "2014-06-30": "27.00000", "2014-03-31": "27.00000", "2013-12-31": "26.00000", "2013-09-30": "24.00000", "2013-06-30": "28.00000", "2013-03-31": "26.00000", "2012-12-31": "26.00000", "2012-09-30": "24.00000", "2012-06-30": "28.00000", "2012-03-31": "28.00000", "2011-12-31": "27.00000", "2011-09-30": "23.00000", "2011-06-30": "26.00000", "2011-03-31": "24.00000", "2010-12-31": "", "2010-09-30": "18.00000", "2010-06-30": "", "2010-03-31": "", "2009-12-31": ""}, "SG&A Expenses": {"2020-12-31": "", "2020-09-30": "266.00000", "2020-06-30": "288.00000", "2020-03-31": "297.00000", "2019-12-31": "288.00000", "2019-09-30": "273.00000", "2019-06-30": "294.00000", "2019-03-31": "303.00000", "2018-12-31": "293.00000", "2018-09-30": "279.00000", "2018-06-30": "293.00000", "2018-03-31": "296.00000", "2017-12-31": "277.00000", "2017-09-30": "270.00000", "2017-06-30": "270.00000", "2017-03-31": "272.00000", "2016-12-31": "249.00000", "2016-09-30": "219.00000", "2016-06-30": "227.00000", "2016-03-31": "219.00000", "2015-12-31": "223.00000", "2015-09-30": "207.00000", "2015-06-30": "218.00000", "2015-03-31": "206.00000", "2014-12-31": "232.00000", "2014-09-30": "222.00000", "2014-06-30": "242.00000", "2014-03-31": "224.00000", "2013-12-31": "243.00000", "2013-09-30": "257.00000", "2013-06-30": "253.00000", "2013-03-31": "237.00000", "2012-12-31": "232.00000", "2012-09-30": "231.00000", "2012-06-30": "220.00000", "2012-03-31": "231.00000", "2011-12-31": "233.00000", "2011-09-30": "215.00000", "2011-06-30": "219.00000", "2011-03-31": "210.00000", "2010-12-31": "", "2010-09-30": "183.00000", "2010-06-30": "", "2010-03-31": "", "2009-12-31": ""}, "Other Operating Income Or Expenses": {"2020-12-31": "", "2020-09-30": "", "2020-06-30": "", "2020-03-31": "", "2019-12-31": "", "2019-09-30": "", "2019-06-30": "", "2019-03-31": "", "2018-12-31": "", "2018-09-30": "", "2018-06-30": "", "2018-03-31": "", "2017-12-31": "", "2017-09-30": "", "2017-06-30": "", "2017-03-31": "", "2016-12-31": "", "2016-09-30": "", "2016-06-30": "", "2016-03-31": "", "2015-12-31": "", "2015-09-30": "", "2015-06-30": "", "2015-03-31": "", "2014-12-31": "", "2014-09-30": "", "2014-06-30": "", "2014-03-31": "", "2013-12-31": "", "2013-09-30": "", "2013-06-30": "", "2013-03-31": "", "2012-12-31": "", "2012-09-30": "", "2012-06-30": "", "2012-03-31": "", "2011-12-31": "", "2011-09-30": "", "2011-06-30": "", "2011-03-31": "", "2010-12-31": "", "2010-09-30": "", "2010-06-30": "", "2010-03-31": "", "2009-12-31": ""}, "Operating Expenses": {"2020-12-31": "", "2020-09-30": "1147.00000", "2020-06-30": "1106.00000", "2020-03-31": "1062.00000", "2019-12-31": "1176.00000", "2019-09-30": "1285.00000", "2019-06-30": "1174.00000", "2019-03-31": "1128.00000", "2018-12-31": "1192.00000", "2018-09-30": "1111.00000", "2018-06-30": "1146.00000", "2018-03-31": "1104.00000", "2017-12-31": "1100.00000", "2017-09-30": "1043.00000", "2017-06-30": "1027.00000", "2017-03-31": "985.00000", "2016-12-31": "984.00000", "2016-09-30": "788.00000", "2016-06-30": "823.00000", "2016-03-31": "768.00000", "2015-12-31": "852.00000", "2015-09-30": "782.00000", "2015-06-30": "816.00000", "2015-03-31": "754.00000", "2014-12-31": "901.00000", "2014-09-30": "833.00000", "2014-06-30": "889.00000", "2014-03-31": "830.00000", "2013-12-31": "904.00000", "2013-09-30": "867.00000", "2013-06-30": "890.00000", "2013-03-31": "813.00000", "2012-12-31": "865.00000", "2012-09-30": "820.00000", "2012-06-30": "837.00000", "2012-03-31": "826.00000", "2011-12-31": "903.00000", "2011-09-30": "860.00000", "2011-06-30": "855.00000", "2011-03-31": "790.00000", "2010-12-31": "", "2010-09-30": "699.00000", "2010-06-30": "", "2010-03-31": "", "2009-12-31": ""}, "Operating Income": {"2020-12-31": "", "2020-09-30": "73.00000", "2020-06-30": "54.00000", "2020-03-31": "61.00000", "2019-12-31": "195.00000", "2019-09-30": "11.00000", "2019-06-30": "171.00000", "2019-03-31": "109.00000", "2018-12-31": "194.00000", "2018-09-30": "176.00000", "2018-06-30": "171.00000", "2018-03-31": "113.00000", "2017-12-31": "177.00000", "2017-09-30": "152.00000", "2017-06-30": "137.00000", "2017-03-31": "86.00000", "2016-12-31": "111.00000", "2016-09-30": "109.00000", "2016-06-30": "109.00000", "2016-03-31": "79.00000", "2015-12-31": "142.00000", "2015-09-30": "120.00000", "2015-06-30": "104.00000", "2015-03-31": "83.00000", "2014-12-31": "141.00000", "2014-09-30": "130.00000", "2014-06-30": "116.00000", "2014-03-31": "76.00000", "2013-12-31": "129.00000", "2013-09-30": "98.00000", "2013-06-30": "70.00000", "2013-03-31": "66.00000", "2012-12-31": "104.00000", "2012-09-30": "111.00000", "2012-06-30": "129.00000", "2012-03-31": "99.00000", "2011-12-31": "100.00000", "2011-09-30": "79.00000", "2011-06-30": "116.00000", "2011-03-31": "100.00000", "2010-12-31": "935.00000", "2010-09-30": "107.00000", "2010-06-30": "789.00000", "2010-03-31": "700.00000", "2009-12-31": ""}, "Total Non-Operating Income/Expense": {"2020-12-31": "", "2020-09-30": "-23.00000", "2020-06-30": "-19.00000", "2020-03-31": "-19.00000", "2019-12-31": "-17.00000", "2019-09-30": "-23.00000", "2019-06-30": "-15.00000", "2019-03-31": "-15.00000", "2018-12-31": "-15.00000", "2018-09-30": "-15.00000", "2018-06-30": "-21.00000", "2018-03-31": "-18.00000", "2017-12-31": "-33.00000", "2017-09-30": "-21.00000", "2017-06-30": "-16.00000", "2017-03-31": "-16.00000", "2016-12-31": "-21.00000", "2016-09-30": "-14.00000", "2016-06-30": "-19.00000", "2016-03-31": "-14.00000", "2015-12-31": "-14.00000", "2015-09-30": "-13.00000", "2015-06-30": "-13.00000", "2015-03-31": "-6.00000", "2014-12-31": "-13.00000", "2014-09-30": "-2.00000", "2014-06-30": "-12.00000", "2014-03-31": "-15.00000", "2013-12-31": "-22.00000", "2013-09-30": "-15.00000", "2013-06-30": "-13.00000", "2013-03-31": "-15.00000", "2012-12-31": "-15.00000", "2012-09-30": "-11.00000", "2012-06-30": "-14.00000", "2012-03-31": "-15.00000", "2011-12-31": "-15.00000", "2011-09-30": "3.00000", "2011-06-30": "-1.00000", "2011-03-31": "1.00000", "2010-12-31": "", "2010-09-30": "3.00000", "2010-06-30": "", "2010-03-31": "", "2009-12-31": ""}, "Pre-Tax Income": {"2020-12-31": "", "2020-09-30": "50.00000", "2020-06-30": "35.00000", "2020-03-31": "42.00000", "2019-12-31": "178.00000", "2019-09-30": "-12.00000", "2019-06-30": "156.00000", "2019-03-31": "94.00000", "2018-12-31": "179.00000", "2018-09-30": "161.00000", "2018-06-30": "150.00000", "2018-03-31": "95.00000", "2017-12-31": "144.00000", "2017-09-30": "131.00000", "2017-06-30": "121.00000", "2017-03-31": "70.00000", "2016-12-31": "90.00000", "2016-09-30": "95.00000", "2016-06-30": "90.00000", "2016-03-31": "65.00000", "2015-12-31": "128.00000", "2015-09-30": "107.00000", "2015-06-30": "91.00000", "2015-03-31": "77.00000", "2014-12-31": "128.00000", "2014-09-30": "128.00000", "2014-06-30": "104.00000", "2014-03-31": "61.00000", "2013-12-31": "107.00000", "2013-09-30": "83.00000", "2013-06-30": "57.00000", "2013-03-31": "51.00000", "2012-12-31": "89.00000", "2012-09-30": "100.00000", "2012-06-30": "115.00000", "2012-03-31": "84.00000", "2011-12-31": "85.00000", "2011-09-30": "82.00000", "2011-06-30": "115.00000", "2011-03-31": "101.00000", "2010-12-31": "935.00000", "2010-09-30": "110.00000", "2010-06-30": "789.00000", "2010-03-31": "700.00000", "2009-12-31": ""}, "Income Taxes": {"2020-12-31": "", "2020-09-30": "13.00000", "2020-06-30": "4.00000", "2020-03-31": "4.00000", "2019-12-31": "60.00000", "2019-09-30": "-77.00000", "2019-06-30": "17.00000", "2019-03-31": "15.00000", "2018-12-31": "-46.00000", "2018-09-30": "31.00000", "2018-06-30": "35.00000", "2018-03-31": "16.00000", "2017-12-31": "74.00000", "2017-09-30": "27.00000", "2017-06-30": "21.00000", "2017-03-31": "14.00000", "2016-12-31": "40.00000", "2016-09-30": "22.00000", "2016-06-30": "19.00000", "2016-03-31": "-1.00000", "2015-12-31": "14.00000", "2015-09-30": "19.00000", "2015-06-30": "17.00000", "2015-03-31": "13.00000", "2014-12-31": "32.00000", "2014-09-30": "22.00000", "2014-06-30": "18.00000", "2014-03-31": "12.00000", "2013-12-31": "39.00000", "2013-09-30": "10.00000", "2013-06-30": "11.00000", "2013-03-31": "10.00000", "2012-12-31": "16.00000", "2012-09-30": "28.00000", "2012-06-30": "26.00000", "2012-03-31": "21.00000", "2011-12-31": "33.00000", "2011-09-30": "5.00000", "2011-06-30": "43.00000", "2011-03-31": "23.00000", "2010-12-31": "", "2010-09-30": "19.00000", "2010-06-30": "", "2010-03-31": "", "2009-12-31": ""}, "Income After Taxes": {"2020-12-31": "", "2020-09-30": "37.00000", "2020-06-30": "31.00000", "2020-03-31": "38.00000", "2019-12-31": "118.00000", "2019-09-30": "65.00000", "2019-06-30": "139.00000", "2019-03-31": "79.00000", "2018-12-31": "225.00000", "2018-09-30": "130.00000", "2018-06-30": "115.00000", "2018-03-31": "79.00000", "2017-12-31": "70.00000", "2017-09-30": "104.00000", "2017-06-30": "100.00000", "2017-03-31": "56.00000", "2016-12-31": "50.00000", "2016-09-30": "73.00000", "2016-06-30": "71.00000", "2016-03-31": "66.00000", "2015-12-31": "114.00000", "2015-09-30": "88.00000", "2015-06-30": "74.00000", "2015-03-31": "64.00000", "2014-12-31": "96.00000", "2014-09-30": "106.00000", "2014-06-30": "86.00000", "2014-03-31": "49.00000", "2013-12-31": "68.00000", "2013-09-30": "73.00000", "2013-06-30": "46.00000", "2013-03-31": "41.00000", "2012-12-31": "73.00000", "2012-09-30": "72.00000", "2012-06-30": "89.00000", "2012-03-31": "63.00000", "2011-12-31": "52.00000", "2011-09-30": "77.00000", "2011-06-30": "72.00000", "2011-03-31": "78.00000", "2010-12-31": "935.00000", "2010-09-30": "91.00000", "2010-06-30": "789.00000", "2010-03-31": "700.00000", "2009-12-31": ""}, "Other Income": {"2020-12-31": "", "2020-09-30": "", "2020-06-30": "", "2020-03-31": "", "2019-12-31": "", "2019-09-30": "", "2019-06-30": "", "2019-03-31": "", "2018-12-31": "", "2018-09-30": "", "2018-06-30": "", "2018-03-31": "", "2017-12-31": "", "2017-09-30": "", "2017-06-30": "", "2017-03-31": "", "2016-12-31": "", "2016-09-30": "", "2016-06-30": "", "2016-03-31": "", "2015-12-31": "", "2015-09-30": "", "2015-06-30": "", "2015-03-31": "", "2014-12-31": "", "2014-09-30": "", "2014-06-30": "", "2014-03-31": "", "2013-12-31": "", "2013-09-30": "", "2013-06-30": "", "2013-03-31": "", "2012-12-31": "", "2012-09-30": "", "2012-06-30": "", "2012-03-31": "", "2011-12-31": "", "2011-09-30": "", "2011-06-30": "", "2011-03-31": "", "2010-12-31": "", "2010-09-30": "", "2010-06-30": "", "2010-03-31": "", "2009-12-31": ""}, "Income From Continuous Operations": {"2020-12-31": "", "2020-09-30": "37.00000", "2020-06-30": "31.00000", "2020-03-31": "38.00000", "2019-12-31": "118.00000", "2019-09-30": "65.00000", "2019-06-30": "139.00000", "2019-03-31": "79.00000", "2018-12-31": "225.00000", "2018-09-30": "130.00000", "2018-06-30": "115.00000", "2018-03-31": "79.00000", "2017-12-31": "70.00000", "2017-09-30": "104.00000", "2017-06-30": "100.00000", "2017-03-31": "56.00000", "2016-12-31": "50.00000", "2016-09-30": "73.00000", "2016-06-30": "71.00000", "2016-03-31": "66.00000", "2015-12-31": "114.00000", "2015-09-30": "88.00000", "2015-06-30": "74.00000", "2015-03-31": "64.00000", "2014-12-31": "96.00000", "2014-09-30": "106.00000", "2014-06-30": "86.00000", "2014-03-31": "49.00000", "2013-12-31": "68.00000", "2013-09-30": "73.00000", "2013-06-30": "46.00000", "2013-03-31": "41.00000", "2012-12-31": "73.00000", "2012-09-30": "72.00000", "2012-06-30": "89.00000", "2012-03-31": "63.00000", "2011-12-31": "52.00000", "2011-09-30": "77.00000", "2011-06-30": "72.00000", "2011-03-31": "78.00000", "2010-12-31": "97.00000", "2010-09-30": "91.00000", "2010-06-30": "85.00000", "2010-03-31": "56.00000", "2009-12-31": ""}, "Income From Discontinued Operations": {"2020-12-31": "", "2020-09-30": "", "2020-06-30": "", "2020-03-31": "", "2019-12-31": "", "2019-09-30": "", "2019-06-30": "", "2019-03-31": "", "2018-12-31": "", "2018-09-30": "", "2018-06-30": "", "2018-03-31": "", "2017-12-31": "", "2017-09-30": "", "2017-06-30": "", "2017-03-31": "", "2016-12-31": "", "2016-09-30": "", "2016-06-30": "", "2016-03-31": "", "2015-12-31": "", "2015-09-30": "", "2015-06-30": "", "2015-03-31": "", "2014-12-31": "", "2014-09-30": "", "2014-06-30": "", "2014-03-31": "", "2013-12-31": "", "2013-09-30": "", "2013-06-30": "", "2013-03-31": "", "2012-12-31": "", "2012-09-30": "", "2012-06-30": "", "2012-03-31": "", "2011-12-31": "", "2011-09-30": "", "2011-06-30": "", "2011-03-31": "", "2010-12-31": "0.00000", "2010-09-30": "", "2010-06-30": "0.00000", "2010-03-31": "0.00000", "2009-12-31": ""}, "Net Income": {"2020-12-31": "", "2020-09-30": "37.00000", "2020-06-30": "31.00000", "2020-03-31": "38.00000", "2019-12-31": "118.00000", "2019-09-30": "65.00000", "2019-06-30": "139.00000", "2019-03-31": "79.00000", "2018-12-31": "225.00000", "2018-09-30": "130.00000", "2018-06-30": "115.00000", "2018-03-31": "79.00000", "2017-12-31": "71.00000", "2017-09-30": "105.00000", "2017-06-30": "99.00000", "2017-03-31": "56.00000", "2016-12-31": "50.00000", "2016-09-30": "73.00000", "2016-06-30": "71.00000", "2016-03-31": "66.00000", "2015-12-31": "114.00000", "2015-09-30": "88.00000", "2015-06-30": "74.00000", "2015-03-31": "64.00000", "2014-12-31": "96.00000", "2014-09-30": "106.00000", "2014-06-30": "86.00000", "2014-03-31": "49.00000", "2013-12-31": "68.00000", "2013-09-30": "73.00000", "2013-06-30": "46.00000", "2013-03-31": "41.00000", "2012-12-31": "73.00000", "2012-09-30": "72.00000", "2012-06-30": "89.00000", "2012-03-31": "63.00000", "2011-12-31": "52.00000", "2011-09-30": "77.00000", "2011-06-30": "72.00000", "2011-03-31": "78.00000", "2010-12-31": "97.00000", "2010-09-30": "91.00000", "2010-06-30": "85.00000", "2010-03-31": "56.00000", "2009-12-31": ""}, "EBITDA": {"2020-12-31": "", "2020-09-30": "194.00000", "2020-06-30": "116.00000", "2020-03-31": "125.00000", "2019-12-31": "260.00000", "2019-09-30": "224.00000", "2019-06-30": "234.00000", "2019-03-31": "173.00000", "2018-12-31": "260.00000", "2018-09-30": "239.00000", "2018-06-30": "236.00000", "2018-03-31": "180.00000", "2017-12-31": "237.00000", "2017-09-30": "210.00000", "2017-06-30": "194.00000", "2017-03-31": "145.00000", "2016-12-31": "165.00000", "2016-09-30": "141.00000", "2016-06-30": "142.00000", "2016-03-31": "111.00000", "2015-12-31": "173.00000", "2015-09-30": "153.00000", "2015-06-30": "138.00000", "2015-03-31": "118.00000", "2014-12-31": "176.00000", "2014-09-30": "165.00000", "2014-06-30": "152.00000", "2014-03-31": "112.00000", "2013-12-31": "169.00000", "2013-09-30": "134.00000", "2013-06-30": "107.00000", "2013-03-31": "103.00000", "2012-12-31": "143.00000", "2012-09-30": "147.00000", "2012-06-30": "162.00000", "2012-03-31": "133.00000", "2011-12-31": "133.00000", "2011-09-30": "115.00000", "2011-06-30": "151.00000", "2011-03-31": "133.00000", "2010-12-31": "960.00000", "2010-09-30": "107.00000", "2010-06-30": "789.00000", "2010-03-31": "700.00000", "2009-12-31": ""}, "EBIT": {"2020-12-31": "", "2020-09-30": "73.00000", "2020-06-30": "54.00000", "2020-03-31": "61.00000", "2019-12-31": "195.00000", "2019-09-30": "11.00000", "2019-06-30": "171.00000", "2019-03-31": "109.00000", "2018-12-31": "194.00000", "2018-09-30": "176.00000", "2018-06-30": "171.00000", "2018-03-31": "113.00000", "2017-12-31": "177.00000", "2017-09-30": "152.00000", "2017-06-30": "137.00000", "2017-03-31": "86.00000", "2016-12-31": "111.00000", "2016-09-30": "109.00000", "2016-06-30": "109.00000", "2016-03-31": "79.00000", "2015-12-31": "142.00000", "2015-09-30": "120.00000", "2015-06-30": "104.00000", "2015-03-31": "83.00000", "2014-12-31": "141.00000", "2014-09-30": "130.00000", "2014-06-30": "116.00000", "2014-03-31": "76.00000", "2013-12-31": "129.00000", "2013-09-30": "98.00000", "2013-06-30": "70.00000", "2013-03-31": "66.00000", "2012-12-31": "104.00000", "2012-09-30": "111.00000", "2012-06-30": "129.00000", "2012-03-31": "99.00000", "2011-12-31": "100.00000", "2011-09-30": "79.00000", "2011-06-30": "116.00000", "2011-03-31": "100.00000", "2010-12-31": "935.00000", "2010-09-30": "107.00000", "2010-06-30": "789.00000", "2010-03-31": "700.00000", "2009-12-31": ""}, "Basic Shares Outstanding": {"2020-12-31": "", "2020-09-30": "180.00000", "2020-06-30": "180.00000", "2020-03-31": "180.20000", "2019-12-31": "180.00000", "2019-09-30": "180.10000", "2019-06-30": "180.00000", "2019-03-31": "179.70000", "2018-12-31": "179.80000", "2018-09-30": "179.70000", "2018-06-30": "179.80000", "2018-03-31": "179.90000", "2017-12-31": "179.60000", "2017-09-30": "179.60000", "2017-06-30": "179.60000", "2017-03-31": "179.60000", "2016-12-31": "179.10000", "2016-09-30": "179.30800", "2016-06-30": "179.06600", "2016-03-31": "178.60000", "2015-12-31": "180.90000", "2015-09-30": "180.80000", "2015-06-30": "181.47400", "2015-03-31": "182.09500", "2014-12-31": "183.10000", "2014-09-30": "182.24400", "2014-06-30": "183.37700", "2014-03-31": "184.54700", "2013-12-31": "185.21600", "2013-09-30": "185.16600", "2013-06-30": "185.40300", "2013-03-31": "185.80700", "2012-12-31": "185.78400", "2012-09-30": "185.93100", "2012-06-30": "185.84900", "2012-03-31": "185.40000", "2011-12-31": "185.05900", "2011-09-30": "184.60000", "2011-06-30": "184.60000", "2011-03-31": "184.60000", "2010-12-31": "184.60000", "2010-09-30": "", "2010-06-30": "184.78300", "2010-03-31": "186.66700", "2009-12-31": ""}, "Shares Outstanding": {"2020-12-31": "", "2020-09-30": "181.00000", "2020-06-30": "180.60000", "2020-03-31": "181.30000", "2019-12-31": "181.20000", "2019-09-30": "181.20000", "2019-06-30": "181.20000", "2019-03-31": "181.10000", "2018-12-31": "181.10000", "2018-09-30": "181.10000", "2018-06-30": "181.00000", "2018-03-31": "181.40000", "2017-12-31": "180.90000", "2017-09-30": "180.90000", "2017-06-30": "180.60000", "2017-03-31": "180.70000", "2016-12-31": "180.00000", "2016-09-30": "180.31000", "2016-06-30": "179.90000", "2016-03-31": "179.30000", "2015-12-31": "181.70000", "2015-09-30": "181.60000", "2015-06-30": "182.31300", "2015-03-31": "183.06400", "2014-12-31": "184.20000", "2014-09-30": "183.43200", "2014-06-30": "184.51900", "2014-03-31": "185.76900", "2013-12-31": "186.03800", "2013-09-30": "186.00200", "2013-06-30": "186.12100", "2013-03-31": "186.43500", "2012-12-31": "186.23000", "2012-09-30": "186.34800", "2012-06-30": "186.24800", "2012-03-31": "185.90000", "2011-12-31": "185.32400", "2011-09-30": "184.60000", "2011-06-30": "184.60000", "2011-03-31": "184.60000", "2010-12-31": "184.60000", "2010-09-30": "", "2010-06-30": "184.78300", "2010-03-31": "186.66700", "2009-12-31": ""}, "Basic EPS": {"2020-12-31": "", "2020-09-30": "0.20000", "2020-06-30": "0.17000", "2020-03-31": "0.21000", "2019-12-31": "0.66000", "2019-09-30": "0.36000", "2019-06-30": "0.77000", "2019-03-31": "0.44000", "2018-12-31": "1.24000", "2018-09-30": "0.73000", "2018-06-30": "0.64000", "2018-03-31": "0.44000", "2017-12-31": "0.40000", "2017-09-30": "0.58000", "2017-06-30": "0.55000", "2017-03-31": "0.31000", "2016-12-31": "0.28000", "2016-09-30": "0.41000", "2016-06-30": "0.39000", "2016-03-31": "0.37000", "2015-12-31": "0.64000", "2015-09-30": "0.48000", "2015-06-30": "0.41000", "2015-03-31": "0.35000", "2014-12-31": "0.52000", "2014-09-30": "0.58000", "2014-06-30": "0.47000", "2014-03-31": "0.27000", "2013-12-31": "0.37000", "2013-09-30": "0.39000", "2013-06-30": "0.25000", "2013-03-31": "0.22000", "2012-12-31": "0.39000", "2012-09-30": "0.39000", "2012-06-30": "0.48000", "2012-03-31": "0.34000", "2011-12-31": "0.28000", "2011-09-30": "0.42000", "2011-06-30": "0.39000", "2011-03-31": "0.42000", "2010-12-31": "0.53000", "2010-09-30": "", "2010-06-30": "0.46000", "2010-03-31": "0.30000", "2009-12-31": ""}, "EPS - Earnings Per Share": {"2020-12-31": "0.00000", "2020-09-30": "0.20000", "2020-06-30": "0.17000", "2020-03-31": "0.21000", "2019-12-31": "0.65000", "2019-09-30": "0.36000", "2019-06-30": "0.77000", "2019-03-31": "0.43000", "2018-12-31": "1.24000", "2018-09-30": "0.72000", "2018-06-30": "0.64000", "2018-03-31": "0.43000", "2017-12-31": "0.39000", "2017-09-30": "0.58000", "2017-06-30": "0.55000", "2017-03-31": "0.31000", "2016-12-31": "0.28000", "2016-09-30": "0.41000", "2016-06-30": "0.39000", "2016-03-31": "0.37000", "2015-12-31": "0.63000", "2015-09-30": "0.48000", "2015-06-30": "0.41000", "2015-03-31": "0.35000", "2014-12-31": "0.51000", "2014-09-30": "0.58000", "2014-06-30": "0.47000", "2014-03-31": "0.27000", "2013-12-31": "0.36000", "2013-09-30": "0.39000", "2013-06-30": "0.25000", "2013-03-31": "0.22000", "2012-12-31": "0.39000", "2012-09-30": "0.38000", "2012-06-30": "0.48000", "2012-03-31": "0.34000", "2011-12-31": "0.27000", "2011-09-30": "0.42000", "2011-06-30": "0.39000", "2011-03-31": "0.42000", "2010-12-31": "0.53000", "2010-09-30": "0.00000", "2010-06-30": "0.46000", "2010-03-31": "0.30000", "2009-12-31": "0.00000"}}, "balance sheet": {"Cash On Hand": {"2020-12-31": "1875.00000", "2019-12-31": "724.00000", "2018-12-31": "296.00000", "2017-12-31": "414.00000", "2016-12-31": "308.00000", "2015-12-31": "680.00000", "2014-12-31": "663.00000", "2013-12-31": "533.00000", "2012-12-31": "504.00000", "2011-12-31": "318.00000", "2010-12-31": "131.00000", "2009-12-31": ""}, "Receivables": {"2020-12-31": "923.00000", "2019-12-31": "1036.00000", "2018-12-31": "1031.00000", "2017-12-31": "956.00000", "2016-12-31": "843.00000", "2015-12-31": "749.00000", "2014-12-31": "771.00000", "2013-12-31": "817.00000", "2012-12-31": "776.00000", "2011-12-31": "756.00000", "2010-12-31": "690.00000", "2009-12-31": ""}, "Inventory": {"2020-12-31": "558.00000", "2019-12-31": "539.00000", "2018-12-31": "595.00000", "2017-12-31": "524.00000", "2016-12-31": "522.00000", "2015-12-31": "433.00000", "2014-12-31": "486.00000", "2013-12-31": "475.00000", "2012-12-31": "443.00000", "2011-12-31": "433.00000", "2010-12-31": "389.00000", "2009-12-31": ""}, "Pre-Paid Expenses": {"2020-12-31": "167.00000", "2019-12-31": "151.00000", "2018-12-31": "172.00000", "2017-12-31": "177.00000", "2016-12-31": "166.00000", "2015-12-31": "143.00000", "2014-12-31": "144.00000", "2013-12-31": "143.00000", "2012-12-31": "110.00000", "2011-12-31": "97.00000", "2010-12-31": "79.00000", "2009-12-31": ""}, "Other Current Assets": {"2020-12-31": "", "2019-12-31": "", "2018-12-31": "", "2017-12-31": "", "2016-12-31": "", "2015-12-31": "", "2014-12-31": "", "2013-12-31": "", "2012-12-31": "", "2011-12-31": "", "2010-12-31": "", "2009-12-31": ""}, "Total Current Assets": {"2020-12-31": "3523.00000", "2019-12-31": "2450.00000", "2018-12-31": "2094.00000", "2017-12-31": "2071.00000", "2016-12-31": "1839.00000", "2015-12-31": "2005.00000", "2014-12-31": "2064.00000", "2013-12-31": "2009.00000", "2012-12-31": "1874.00000", "2011-12-31": "1649.00000", "2010-12-31": "1336.00000", "2009-12-31": ""}, "Property, Plant, And Equipment": {"2020-12-31": "657.00000", "2019-12-31": "658.00000", "2018-12-31": "656.00000", "2017-12-31": "643.00000", "2016-12-31": "616.00000", "2015-12-31": "439.00000", "2014-12-31": "461.00000", "2013-12-31": "488.00000", "2012-12-31": "487.00000", "2011-12-31": "463.00000", "2010-12-31": "454.00000", "2009-12-31": ""}, "Long-Term Investments": {"2020-12-31": "", "2019-12-31": "", "2018-12-31": "", "2017-12-31": "", "2016-12-31": "", "2015-12-31": "", "2014-12-31": "", "2013-12-31": "", "2012-12-31": "", "2011-12-31": "", "2010-12-31": "", "2009-12-31": ""}, "Goodwill And Intangible Assets": {"2020-12-31": "3947.00000", "2019-12-31": "4013.00000", "2018-12-31": "4208.00000", "2017-12-31": "3936.00000", "2016-12-31": "3833.00000", "2015-12-31": "2019.00000", "2014-12-31": "2105.00000", "2013-12-31": "2206.00000", "2012-12-31": "2131.00000", "2011-12-31": "2115.00000", "2010-12-31": "1853.00000", "2009-12-31": "0.00000"}, "Other Long-Term Assets": {"2020-12-31": "623.00000", "2019-12-31": "589.00000", "2018-12-31": "264.00000", "2017-12-31": "210.00000", "2016-12-31": "186.00000", "2015-12-31": "194.00000", "2014-12-31": "203.00000", "2013-12-31": "193.00000", "2012-12-31": "187.00000", "2011-12-31": "173.00000", "2010-12-31": "92.00000", "2009-12-31": ""}, "Total Long-Term Assets": {"2020-12-31": "5227.00000", "2019-12-31": "5260.00000", "2018-12-31": "5128.00000", "2017-12-31": "4789.00000", "2016-12-31": "4635.00000", "2015-12-31": "2652.00000", "2014-12-31": "2769.00000", "2013-12-31": "2887.00000", "2012-12-31": "2805.00000", "2011-12-31": "2751.00000", "2010-12-31": "2399.00000", "2009-12-31": ""}, "Total Assets": {"2020-12-31": "8750.00000", "2019-12-31": "7710.00000", "2018-12-31": "7222.00000", "2017-12-31": "6860.00000", "2016-12-31": "6474.00000", "2015-12-31": "4657.00000", "2014-12-31": "4833.00000", "2013-12-31": "4896.00000", "2012-12-31": "4679.00000", "2011-12-31": "4400.00000", "2010-12-31": "3735.00000", "2009-12-31": "0.00000"}, "Total Current Liabilities": {"2020-12-31": "1956.00000", "2019-12-31": "1501.00000", "2018-12-31": "1389.00000", "2017-12-31": "1100.00000", "2016-12-31": "1238.00000", "2015-12-31": "823.00000", "2014-12-31": "903.00000", "2013-12-31": "853.00000", "2012-12-31": "781.00000", "2011-12-31": "817.00000", "2010-12-31": "649.00000", "2009-12-31": ""}, "Long Term Debt": {"2020-12-31": "2484.00000", "2019-12-31": "2040.00000", "2018-12-31": "2051.00000", "2017-12-31": "2200.00000", "2016-12-31": "2108.00000", "2015-12-31": "1196.00000", "2014-12-31": "1195.00000", "2013-12-31": "1199.00000", "2012-12-31": "1199.00000", "2011-12-31": "1201.00000", "2010-12-31": "4.00000", "2009-12-31": ""}, "Other Non-Current Liabilities": {"2020-12-31": "573.00000", "2019-12-31": "447.00000", "2018-12-31": "297.00000", "2017-12-31": "347.00000", "2016-12-31": "161.00000", "2015-12-31": "101.00000", "2014-12-31": "84.00000", "2013-12-31": "64.00000", "2012-12-31": "52.00000", "2011-12-31": "67.00000", "2010-12-31": "101.00000", "2009-12-31": ""}, "Total Long Term Liabilities": {"2020-12-31": "3818.00000", "2019-12-31": "3242.00000", "2018-12-31": "3051.00000", "2017-12-31": "3241.00000", "2016-12-31": "3029.00000", "2015-12-31": "1750.00000", "2014-12-31": "1803.00000", "2013-12-31": "1802.00000", "2012-12-31": "1824.00000", "2011-12-31": "1752.00000", "2010-12-31": "367.00000", "2009-12-31": ""}, "Total Liabilities": {"2020-12-31": "5774.00000", "2019-12-31": "4743.00000", "2018-12-31": "4440.00000", "2017-12-31": "4341.00000", "2016-12-31": "4267.00000", "2015-12-31": "2573.00000", "2014-12-31": "2706.00000", "2013-12-31": "2655.00000", "2012-12-31": "2605.00000", "2011-12-31": "2569.00000", "2010-12-31": "1016.00000", "2009-12-31": "0.00000"}, "Common Stock Net": {"2020-12-31": "2.00000", "2019-12-31": "2.00000", "2018-12-31": "2.00000", "2017-12-31": "2.00000", "2016-12-31": "2.00000", "2015-12-31": "2.00000", "2014-12-31": "2.00000", "2013-12-31": "2.00000", "2012-12-31": "2.00000", "2011-12-31": "2.00000", "2010-12-31": "", "2009-12-31": "0.00000"}, "Retained Earnings (Accumulated Deficit)": {"2020-12-31": "1930.00000", "2019-12-31": "1866.00000", "2018-12-31": "1639.00000", "2017-12-31": "1227.00000", "2016-12-31": "1033.00000", "2015-12-31": "885.00000", "2014-12-31": "648.00000", "2013-12-31": "405.00000", "2012-12-31": "264.00000", "2011-12-31": "44.00000", "2010-12-31": "", "2009-12-31": ""}, "Comprehensive Income": {"2020-12-31": "-413.00000", "2019-12-31": "-375.00000", "2018-12-31": "-336.00000", "2017-12-31": "-210.00000", "2016-12-31": "-318.00000", "2015-12-31": "-238.00000", "2014-12-31": "-99.00000", "2013-12-31": "167.00000", "2012-12-31": "115.00000", "2011-12-31": "122.00000", "2010-12-31": "37.00000", "2009-12-31": ""}, "Other Share Holders Equity": {"2020-12-31": "", "2019-12-31": "", "2018-12-31": "", "2017-12-31": "", "2016-12-31": "", "2015-12-31": "", "2014-12-31": "", "2013-12-31": "", "2012-12-31": "", "2011-12-31": "", "2010-12-31": "2682.00000", "2009-12-31": "0.00000"}, "Share Holder Equity": {"2020-12-31": "2976.00000", "2019-12-31": "2967.00000", "2018-12-31": "2782.00000", "2017-12-31": "2519.00000", "2016-12-31": "2207.00000", "2015-12-31": "2084.00000", "2014-12-31": "2127.00000", "2013-12-31": "2241.00000", "2012-12-31": "2074.00000", "2011-12-31": "1831.00000", "2010-12-31": "2719.00000", "2009-12-31": "0.00000"}, "Total Liabilities And Share Holders Equity": {"2020-12-31": "8750.00000", "2019-12-31": "7710.00000", "2018-12-31": "7222.00000", "2017-12-31": "6860.00000", "2016-12-31": "6474.00000", "2015-12-31": "4657.00000", "2014-12-31": "4833.00000", "2013-12-31": "4896.00000", "2012-12-31": "4679.00000", "2011-12-31": "4400.00000", "2010-12-31": "3735.00000", "2009-12-31": "0.00000"}}, "balance sheet, quarterly": {"Cash On Hand": {"2020-12-31": "1875.00000", "2020-09-30": "1602.00000", "2020-06-30": "1577.00000", "2020-03-31": "739.00000", "2019-12-31": "724.00000", "2019-09-30": "453.00000", "2019-06-30": "383.00000", "2019-03-31": "275.00000", "2018-12-31": "296.00000", "2018-09-30": "404.00000", "2018-06-30": "321.00000", "2018-03-31": "297.00000", "2017-12-31": "414.00000", "2017-09-30": "283.00000", "2017-06-30": "288.00000", "2017-03-31": "287.00000", "2016-12-31": "308.00000", "2016-09-30": "659.00000", "2016-06-30": "586.00000", "2016-03-31": "1193.00000", "2015-12-31": "680.00000", "2015-09-30": "611.00000", "2015-06-30": "600.00000", "2015-03-31": "554.00000", "2014-12-31": "663.00000", "2014-09-30": "529.00000", "2014-06-30": "450.00000", "2014-03-31": "466.00000", "2013-12-31": "533.00000", "2013-09-30": "394.00000", "2013-06-30": "360.00000", "2013-03-31": "375.00000", "2012-12-31": "504.00000", "2012-09-30": "424.00000", "2012-06-30": "358.00000", "2012-03-31": "347.00000", "2011-12-31": "318.00000", "2011-09-30": "184.00000", "2011-06-30": "", "2011-03-31": "", "2010-12-31": "131.00000", "2010-09-30": "", "2010-06-30": "", "2010-03-31": "", "2009-12-31": ""}, "Receivables": {"2020-12-31": "923.00000", "2020-09-30": "968.00000", "2020-06-30": "956.00000", "2020-03-31": "975.00000", "2019-12-31": "1036.00000", "2019-09-30": "1078.00000", "2019-06-30": "1096.00000", "2019-03-31": "1020.00000", "2018-12-31": "1031.00000", "2018-09-30": "1017.00000", "2018-06-30": "1019.00000", "2018-03-31": "999.00000", "2017-12-31": "956.00000", "2017-09-30": "990.00000", "2017-06-30": "944.00000", "2017-03-31": "868.00000", "2016-12-31": "843.00000", "2016-09-30": "792.00000", "2016-06-30": "784.00000", "2016-03-31": "752.00000", "2015-12-31": "749.00000", "2015-09-30": "762.00000", "2015-06-30": "772.00000", "2015-03-31": "738.00000", "2014-12-31": "771.00000", "2014-09-30": "804.00000", "2014-06-30": "830.00000", "2014-03-31": "803.00000", "2013-12-31": "817.00000", "2013-09-30": "845.00000", "2013-06-30": "792.00000", "2013-03-31": "767.00000", "2012-12-31": "776.00000", "2012-09-30": "801.00000", "2012-06-30": "770.00000", "2012-03-31": "761.00000", "2011-12-31": "756.00000", "2011-09-30": "753.00000", "2011-06-30": "", "2011-03-31": "", "2010-12-31": "690.00000", "2010-09-30": "", "2010-06-30": "", "2010-03-31": "", "2009-12-31": ""}, "Inventory": {"2020-12-31": "558.00000", "2020-09-30": "582.00000", "2020-06-30": "595.00000", "2020-03-31": "573.00000", "2019-12-31": "539.00000", "2019-09-30": "580.00000", "2019-06-30": "604.00000", "2019-03-31": "617.00000", "2018-12-31": "595.00000", "2018-09-30": "622.00000", "2018-06-30": "598.00000", "2018-03-31": "578.00000", "2017-12-31": "524.00000", "2017-09-30": "562.00000", "2017-06-30": "554.00000", "2017-03-31": "540.00000", "2016-12-31": "522.00000", "2016-09-30": "488.00000", "2016-06-30": "483.00000", "2016-03-31": "482.00000", "2015-12-31": "433.00000", "2015-09-30": "477.00000", "2015-06-30": "498.00000", "2015-03-31": "502.00000", "2014-12-31": "486.00000", "2014-09-30": "516.00000", "2014-06-30": "527.00000", "2014-03-31": "516.00000", "2013-12-31": "475.00000", "2013-09-30": "496.00000", "2013-06-30": "471.00000", "2013-03-31": "461.00000", "2012-12-31": "443.00000", "2012-09-30": "467.00000", "2012-06-30": "467.00000", "2012-03-31": "465.00000", "2011-12-31": "433.00000", "2011-09-30": "437.00000", "2011-06-30": "", "2011-03-31": "", "2010-12-31": "389.00000", "2010-09-30": "", "2010-06-30": "", "2010-03-31": "", "2009-12-31": ""}, "Pre-Paid Expenses": {"2020-12-31": "167.00000", "2020-09-30": "159.00000", "2020-06-30": "173.00000", "2020-03-31": "175.00000", "2019-12-31": "151.00000", "2019-09-30": "152.00000", "2019-06-30": "175.00000", "2019-03-31": "169.00000", "2018-12-31": "172.00000", "2018-09-30": "161.00000", "2018-06-30": "168.00000", "2018-03-31": "192.00000", "2017-12-31": "177.00000", "2017-09-30": "160.00000", "2017-06-30": "175.00000", "2017-03-31": "168.00000", "2016-12-31": "166.00000", "2016-09-30": "153.00000", "2016-06-30": "154.00000", "2016-03-31": "148.00000", "2015-12-31": "143.00000", "2015-09-30": "132.00000", "2015-06-30": "149.00000", "2015-03-31": "141.00000", "2014-12-31": "144.00000", "2014-09-30": "141.00000", "2014-06-30": "172.00000", "2014-03-31": "166.00000", "2013-12-31": "143.00000", "2013-09-30": "120.00000", "2013-06-30": "113.00000", "2013-03-31": "111.00000", "2012-12-31": "110.00000", "2012-09-30": "106.00000", "2012-06-30": "107.00000", "2012-03-31": "117.00000", "2011-12-31": "97.00000", "2011-09-30": "50.00000", "2011-06-30": "", "2011-03-31": "", "2010-12-31": "79.00000", "2010-09-30": "", "2010-06-30": "", "2010-03-31": "", "2009-12-31": ""}, "Other Current Assets": {"2020-12-31": "", "2020-09-30": "", "2020-06-30": "", "2020-03-31": "", "2019-12-31": "", "2019-09-30": "", "2019-06-30": "", "2019-03-31": "", "2018-12-31": "", "2018-09-30": "", "2018-06-30": "", "2018-03-31": "", "2017-12-31": "", "2017-09-30": "", "2017-06-30": "", "2017-03-31": "", "2016-12-31": "", "2016-09-30": "", "2016-06-30": "", "2016-03-31": "", "2015-12-31": "", "2015-09-30": "", "2015-06-30": "", "2015-03-31": "", "2014-12-31": "", "2014-09-30": "", "2014-06-30": "", "2014-03-31": "", "2013-12-31": "", "2013-09-30": "", "2013-06-30": "", "2013-03-31": "", "2012-12-31": "", "2012-09-30": "", "2012-06-30": "", "2012-03-31": "", "2011-12-31": "", "2011-09-30": "56.00000", "2011-06-30": "", "2011-03-31": "", "2010-12-31": "", "2010-09-30": "", "2010-06-30": "", "2010-03-31": "", "2009-12-31": ""}, "Total Current Assets": {"2020-12-31": "3523.00000", "2020-09-30": "3311.00000", "2020-06-30": "3301.00000", "2020-03-31": "2462.00000", "2019-12-31": "2450.00000", "2019-09-30": "2263.00000", "2019-06-30": "2258.00000", "2019-03-31": "2081.00000", "2018-12-31": "2094.00000", "2018-09-30": "2204.00000", "2018-06-30": "2106.00000", "2018-03-31": "2066.00000", "2017-12-31": "2071.00000", "2017-09-30": "1995.00000", "2017-06-30": "1961.00000", "2017-03-31": "1863.00000", "2016-12-31": "1839.00000", "2016-09-30": "2092.00000", "2016-06-30": "2007.00000", "2016-03-31": "2575.00000", "2015-12-31": "2005.00000", "2015-09-30": "2017.00000", "2015-06-30": "2056.00000", "2015-03-31": "1973.00000", "2014-12-31": "2064.00000", "2014-09-30": "2025.00000", "2014-06-30": "2016.00000", "2014-03-31": "1991.00000", "2013-12-31": "2009.00000", "2013-09-30": "1899.00000", "2013-06-30": "1779.00000", "2013-03-31": "1757.00000", "2012-12-31": "1874.00000", "2012-09-30": "1834.00000", "2012-06-30": "1749.00000", "2012-03-31": "1735.00000", "2011-12-31": "1649.00000", "2011-09-30": "1480.00000", "2011-06-30": "", "2011-03-31": "", "2010-12-31": "1336.00000", "2010-09-30": "", "2010-06-30": "", "2010-03-31": "", "2009-12-31": ""}, "Property, Plant, And Equipment": {"2020-12-31": "657.00000", "2020-09-30": "633.00000", "2020-06-30": "635.00000", "2020-03-31": "628.00000", "2019-12-31": "658.00000", "2019-09-30": "641.00000", "2019-06-30": "661.00000", "2019-03-31": "653.00000", "2018-12-31": "656.00000", "2018-09-30": "636.00000", "2018-06-30": "643.00000", "2018-03-31": "666.00000", "2017-12-31": "643.00000", "2017-09-30": "637.00000", "2017-06-30": "627.00000", "2017-03-31": "612.00000", "2016-12-31": "616.00000", "2016-09-30": "440.00000", "2016-06-30": "438.00000", "2016-03-31": "446.00000", "2015-12-31": "439.00000", "2015-09-30": "418.00000", "2015-06-30": "431.00000", "2015-03-31": "434.00000", "2014-12-31": "461.00000", "2014-09-30": "454.00000", "2014-06-30": "469.00000", "2014-03-31": "476.00000", "2013-12-31": "488.00000", "2013-09-30": "478.00000", "2013-06-30": "470.00000", "2013-03-31": "474.00000", "2012-12-31": "487.00000", "2012-09-30": "464.00000", "2012-06-30": "459.00000", "2012-03-31": "468.00000", "2011-12-31": "463.00000", "2011-09-30": "442.00000", "2011-06-30": "", "2011-03-31": "", "2010-12-31": "454.00000", "2010-09-30": "", "2010-06-30": "", "2010-03-31": "", "2009-12-31": ""}, "Long-Term Investments": {"2020-12-31": "", "2020-09-30": "", "2020-06-30": "", "2020-03-31": "", "2019-12-31": "", "2019-09-30": "", "2019-06-30": "", "2019-03-31": "", "2018-12-31": "", "2018-09-30": "", "2018-06-30": "", "2018-03-31": "", "2017-12-31": "", "2017-09-30": "", "2017-06-30": "", "2017-03-31": "", "2016-12-31": "", "2016-09-30": "", "2016-06-30": "", "2016-03-31": "", "2015-12-31": "", "2015-09-30": "", "2015-06-30": "", "2015-03-31": "", "2014-12-31": "", "2014-09-30": "", "2014-06-30": "", "2014-03-31": "", "2013-12-31": "", "2013-09-30": "", "2013-06-30": "", "2013-03-31": "", "2012-12-31": "", "2012-09-30": "", "2012-06-30": "", "2012-03-31": "", "2011-12-31": "", "2011-09-30": "", "2011-06-30": "", "2011-03-31": "", "2010-12-31": "", "2010-09-30": "", "2010-06-30": "", "2010-03-31": "", "2009-12-31": ""}, "Goodwill And Intangible Assets": {"2020-12-31": "3947.00000", "2020-09-30": "3885.00000", "2020-06-30": "3928.00000", "2020-03-31": "3931.00000", "2019-12-31": "4013.00000", "2019-09-30": "3991.00000", "2019-06-30": "4210.00000", "2019-03-31": "4207.00000", "2018-12-31": "4208.00000", "2018-09-30": "4267.00000", "2018-06-30": "4265.00000", "2018-03-31": "4385.00000", "2017-12-31": "3936.00000", "2017-09-30": "3915.00000", "2017-06-30": "3901.00000", "2017-03-31": "3848.00000", "2016-12-31": "3833.00000", "2016-09-30": "2065.00000", "2016-06-30": "2069.00000", "2016-03-31": "2096.00000", "2015-12-31": "2019.00000", "2015-09-30": "2018.00000", "2015-06-30": "2034.00000", "2015-03-31": "2028.00000", "2014-12-31": "2105.00000", "2014-09-30": "2115.00000", "2014-06-30": "2190.00000", "2014-03-31": "2199.00000", "2013-12-31": "2206.00000", "2013-09-30": "2201.00000", "2013-06-30": "2172.00000", "2013-03-31": "2173.00000", "2012-12-31": "2131.00000", "2012-09-30": "2106.00000", "2012-06-30": "2086.00000", "2012-03-31": "2133.00000", "2011-12-31": "2115.00000", "2011-09-30": "2152.00000", "2011-06-30": "0.00000", "2011-03-31": "0.00000", "2010-12-31": "1853.00000", "2010-09-30": "0.00000", "2010-06-30": "", "2010-03-31": "", "2009-12-31": "0.00000"}, "Other Long-Term Assets": {"2020-12-31": "623.00000", "2020-09-30": "619.00000", "2020-06-30": "580.00000", "2020-03-31": "570.00000", "2019-12-31": "589.00000", "2019-09-30": "620.00000", "2019-06-30": "545.00000", "2019-03-31": "527.00000", "2018-12-31": "264.00000", "2018-09-30": "219.00000", "2018-06-30": "218.00000", "2018-03-31": "233.00000", "2017-12-31": "210.00000", "2017-09-30": "236.00000", "2017-06-30": "218.00000", "2017-03-31": "204.00000", "2016-12-31": "186.00000", "2016-09-30": "181.00000", "2016-06-30": "180.00000", "2016-03-31": "187.00000", "2015-12-31": "194.00000", "2015-09-30": "192.00000", "2015-06-30": "198.00000", "2015-03-31": "185.00000", "2014-12-31": "203.00000", "2014-09-30": "220.00000", "2014-06-30": "225.00000", "2014-03-31": "221.00000", "2013-12-31": "193.00000", "2013-09-30": "206.00000", "2013-06-30": "190.00000", "2013-03-31": "185.00000", "2012-12-31": "187.00000", "2012-09-30": "192.00000", "2012-06-30": "188.00000", "2012-03-31": "177.00000", "2011-12-31": "173.00000", "2011-09-30": "77.00000", "2011-06-30": "", "2011-03-31": "", "2010-12-31": "92.00000", "2010-09-30": "", "2010-06-30": "", "2010-03-31": "", "2009-12-31": ""}, "Total Long-Term Assets": {"2020-12-31": "5227.00000", "2020-09-30": "5137.00000", "2020-06-30": "5143.00000", "2020-03-31": "5129.00000", "2019-12-31": "5260.00000", "2019-09-30": "5252.00000", "2019-06-30": "5416.00000", "2019-03-31": "5387.00000", "2018-12-31": "5128.00000", "2018-09-30": "5122.00000", "2018-06-30": "5126.00000", "2018-03-31": "5284.00000", "2017-12-31": "4789.00000", "2017-09-30": "4788.00000", "2017-06-30": "4746.00000", "2017-03-31": "4664.00000", "2016-12-31": "4635.00000", "2016-09-30": "2686.00000", "2016-06-30": "2687.00000", "2016-03-31": "2729.00000", "2015-12-31": "2652.00000", "2015-09-30": "2628.00000", "2015-06-30": "2663.00000", "2015-03-31": "2647.00000", "2014-12-31": "2769.00000", "2014-09-30": "2789.00000", "2014-06-30": "2884.00000", "2014-03-31": "2896.00000", "2013-12-31": "2887.00000", "2013-09-30": "2885.00000", "2013-06-30": "2832.00000", "2013-03-31": "2832.00000", "2012-12-31": "2805.00000", "2012-09-30": "2762.00000", "2012-06-30": "2733.00000", "2012-03-31": "2778.00000", "2011-12-31": "2751.00000", "2011-09-30": "2671.00000", "2011-06-30": "", "2011-03-31": "", "2010-12-31": "2399.00000", "2010-09-30": "", "2010-06-30": "", "2010-03-31": "", "2009-12-31": ""}, "Total Assets": {"2020-12-31": "8750.00000", "2020-09-30": "8448.00000", "2020-06-30": "8444.00000", "2020-03-31": "7591.00000", "2019-12-31": "7710.00000", "2019-09-30": "7515.00000", "2019-06-30": "7674.00000", "2019-03-31": "7468.00000", "2018-12-31": "7222.00000", "2018-09-30": "7326.00000", "2018-06-30": "7232.00000", "2018-03-31": "7350.00000", "2017-12-31": "6860.00000", "2017-09-30": "6783.00000", "2017-06-30": "6707.00000", "2017-03-31": "6527.00000", "2016-12-31": "6474.00000", "2016-09-30": "4778.00000", "2016-06-30": "4694.00000", "2016-03-31": "5304.00000", "2015-12-31": "4657.00000", "2015-09-30": "4645.00000", "2015-06-30": "4719.00000", "2015-03-31": "4620.00000", "2014-12-31": "4833.00000", "2014-09-30": "4814.00000", "2014-06-30": "4900.00000", "2014-03-31": "4887.00000", "2013-12-31": "4896.00000", "2013-09-30": "4784.00000", "2013-06-30": "4611.00000", "2013-03-31": "4589.00000", "2012-12-31": "4679.00000", "2012-09-30": "4596.00000", "2012-06-30": "4482.00000", "2012-03-31": "4513.00000", "2011-12-31": "4400.00000", "2011-09-30": "4151.00000", "2011-06-30": "0.00000", "2011-03-31": "0.00000", "2010-12-31": "3735.00000", "2010-09-30": "0.00000", "2010-06-30": "0.00000", "2010-03-31": "0.00000", "2009-12-31": "0.00000"}, "Total Current Liabilities": {"2020-12-31": "1956.00000", "2020-09-30": "1280.00000", "2020-06-30": "1373.00000", "2020-03-31": "1584.00000", "2019-12-31": "1501.00000", "2019-09-30": "1461.00000", "2019-06-30": "1537.00000", "2019-03-31": "1441.00000", "2018-12-31": "1389.00000", "2018-09-30": "1483.00000", "2018-06-30": "1477.00000", "2018-03-31": "1460.00000", "2017-12-31": "1100.00000", "2017-09-30": "1136.00000", "2017-06-30": "1200.00000", "2017-03-31": "1191.00000", "2016-12-31": "1238.00000", "2016-09-30": "841.00000", "2016-06-30": "820.00000", "2016-03-31": "1432.00000", "2015-12-31": "823.00000", "2015-09-30": "815.00000", "2015-06-30": "837.00000", "2015-03-31": "833.00000", "2014-12-31": "903.00000", "2014-09-30": "850.00000", "2014-06-30": "846.00000", "2014-03-31": "857.00000", "2013-12-31": "853.00000", "2013-09-30": "802.00000", "2013-06-30": "736.00000", "2013-03-31": "721.00000", "2012-12-31": "781.00000", "2012-09-30": "785.00000", "2012-06-30": "779.00000", "2012-03-31": "819.00000", "2011-12-31": "817.00000", "2011-09-30": "669.00000", "2011-06-30": "", "2011-03-31": "", "2010-12-31": "649.00000", "2010-09-30": "", "2010-06-30": "", "2010-03-31": "", "2009-12-31": ""}, "Long Term Debt": {"2020-12-31": "2484.00000", "2020-09-30": "3053.00000", "2020-06-30": "3031.00000", "2020-03-31": "2031.00000", "2019-12-31": "2040.00000", "2019-09-30": "2030.00000", "2019-06-30": "2051.00000", "2019-03-31": "2044.00000", "2018-12-31": "2051.00000", "2018-09-30": "2189.00000", "2018-06-30": "2179.00000", "2018-03-31": "2228.00000", "2017-12-31": "2200.00000", "2017-09-30": "2189.00000", "2017-06-30": "2168.00000", "2017-03-31": "2126.00000", "2016-12-31": "2108.00000", "2016-09-30": "1148.00000", "2016-06-30": "1143.00000", "2016-03-31": "1153.00000", "2015-12-31": "1196.00000", "2015-09-30": "1196.00000", "2015-06-30": "1196.00000", "2015-03-31": "1195.00000", "2014-12-31": "1195.00000", "2014-09-30": "1199.00000", "2014-06-30": "1199.00000", "2014-03-31": "1199.00000", "2013-12-31": "1199.00000", "2013-09-30": "1199.00000", "2013-06-30": "1199.00000", "2013-03-31": "1199.00000", "2012-12-31": "1199.00000", "2012-09-30": "1199.00000", "2012-06-30": "1199.00000", "2012-03-31": "1202.00000", "2011-12-31": "1201.00000", "2011-09-30": "1202.00000", "2011-06-30": "", "2011-03-31": "", "2010-12-31": "4.00000", "2010-09-30": "", "2010-06-30": "", "2010-03-31": "", "2009-12-31": ""}, "Other Non-Current Liabilities": {"2020-12-31": "573.00000", "2020-09-30": "502.00000", "2020-06-30": "425.00000", "2020-03-31": "407.00000", "2019-12-31": "447.00000", "2019-09-30": "434.00000", "2019-06-30": "479.00000", "2019-03-31": "469.00000", "2018-12-31": "297.00000", "2018-09-30": "330.00000", "2018-06-30": "333.00000", "2018-03-31": "374.00000", "2017-12-31": "347.00000", "2017-09-30": "225.00000", "2017-06-30": "201.00000", "2017-03-31": "178.00000", "2016-12-31": "161.00000", "2016-09-30": "113.00000", "2016-06-30": "104.00000", "2016-03-31": "114.00000", "2015-12-31": "101.00000", "2015-09-30": "76.00000", "2015-06-30": "77.00000", "2015-03-31": "77.00000", "2014-12-31": "84.00000", "2014-09-30": "70.00000", "2014-06-30": "73.00000", "2014-03-31": "56.00000", "2013-12-31": "64.00000", "2013-09-30": "52.00000", "2013-06-30": "52.00000", "2013-03-31": "53.00000", "2012-12-31": "52.00000", "2012-09-30": "69.00000", "2012-06-30": "67.00000", "2012-03-31": "68.00000", "2011-12-31": "67.00000", "2011-09-30": "89.00000", "2011-06-30": "", "2011-03-31": "", "2010-12-31": "101.00000", "2010-09-30": "", "2010-06-30": "", "2010-03-31": "", "2009-12-31": ""}, "Total Long Term Liabilities": {"2020-12-31": "3818.00000", "2020-09-30": "4293.00000", "2020-06-30": "4206.00000", "2020-03-31": "3186.00000", "2019-12-31": "3242.00000", "2019-09-30": "3159.00000", "2019-06-30": "3231.00000", "2019-03-31": "3219.00000", "2018-12-31": "3051.00000", "2018-09-30": "3212.00000", "2018-06-30": "3226.00000", "2018-03-31": "3333.00000", "2017-12-31": "3241.00000", "2017-09-30": "3167.00000", "2017-06-30": "3125.00000", "2017-03-31": "3068.00000", "2016-12-31": "3029.00000", "2016-09-30": "1710.00000", "2016-06-30": "1700.00000", "2016-03-31": "1713.00000", "2015-12-31": "1750.00000", "2015-09-30": "1787.00000", "2015-06-30": "1802.00000", "2015-03-31": "1798.00000", "2014-12-31": "1803.00000", "2014-09-30": "1771.00000", "2014-06-30": "1809.00000", "2014-03-31": "1801.00000", "2013-12-31": "1802.00000", "2013-09-30": "1824.00000", "2013-06-30": "1823.00000", "2013-03-31": "1828.00000", "2012-12-31": "1824.00000", "2012-09-30": "1757.00000", "2012-06-30": "1755.00000", "2012-03-31": "1745.00000", "2011-12-31": "1752.00000", "2011-09-30": "1531.00000", "2011-06-30": "", "2011-03-31": "", "2010-12-31": "367.00000", "2010-09-30": "", "2010-06-30": "", "2010-03-31": "", "2009-12-31": ""}, "Total Liabilities": {"2020-12-31": "5774.00000", "2020-09-30": "5573.00000", "2020-06-30": "5579.00000", "2020-03-31": "4770.00000", "2019-12-31": "4743.00000", "2019-09-30": "4620.00000", "2019-06-30": "4768.00000", "2019-03-31": "4660.00000", "2018-12-31": "4440.00000", "2018-09-30": "4695.00000", "2018-06-30": "4703.00000", "2018-03-31": "4793.00000", "2017-12-31": "4341.00000", "2017-09-30": "4303.00000", "2017-06-30": "4325.00000", "2017-03-31": "4259.00000", "2016-12-31": "4267.00000", "2016-09-30": "2551.00000", "2016-06-30": "2520.00000", "2016-03-31": "3145.00000", "2015-12-31": "2573.00000", "2015-09-30": "2602.00000", "2015-06-30": "2639.00000", "2015-03-31": "2631.00000", "2014-12-31": "2706.00000", "2014-09-30": "2621.00000", "2014-06-30": "2655.00000", "2014-03-31": "2658.00000", "2013-12-31": "2655.00000", "2013-09-30": "2626.00000", "2013-06-30": "2559.00000", "2013-03-31": "2549.00000", "2012-12-31": "2605.00000", "2012-09-30": "2542.00000", "2012-06-30": "2534.00000", "2012-03-31": "2564.00000", "2011-12-31": "2569.00000", "2011-09-30": "2200.00000", "2011-06-30": "0.00000", "2011-03-31": "0.00000", "2010-12-31": "1016.00000", "2010-09-30": "0.00000", "2010-06-30": "", "2010-03-31": "", "2009-12-31": "0.00000"}, "Common Stock Net": {"2020-12-31": "2.00000", "2020-09-30": "2.00000", "2020-06-30": "2.00000", "2020-03-31": "2.00000", "2019-12-31": "2.00000", "2019-09-30": "2.00000", "2019-06-30": "2.00000", "2019-03-31": "2.00000", "2018-12-31": "2.00000", "2018-09-30": "2.00000", "2018-06-30": "2.00000", "2018-03-31": "2.00000", "2017-12-31": "2.00000", "2017-09-30": "2.00000", "2017-06-30": "2.00000", "2017-03-31": "2.00000", "2016-12-31": "2.00000", "2016-09-30": "2.00000", "2016-06-30": "2.00000", "2016-03-31": "2.00000", "2015-12-31": "2.00000", "2015-09-30": "2.00000", "2015-06-30": "2.00000", "2015-03-31": "2.00000", "2014-12-31": "2.00000", "2014-09-30": "2.00000", "2014-06-30": "2.00000", "2014-03-31": "2.00000", "2013-12-31": "2.00000", "2013-09-30": "2.00000", "2013-06-30": "2.00000", "2013-03-31": "2.00000", "2012-12-31": "2.00000", "2012-09-30": "2.00000", "2012-06-30": "2.00000", "2012-03-31": "2.00000", "2011-12-31": "2.00000", "2011-09-30": "", "2011-06-30": "0.00000", "2011-03-31": "0.00000", "2010-12-31": "", "2010-09-30": "0.00000", "2010-06-30": "", "2010-03-31": "", "2009-12-31": "0.00000"}, "Retained Earnings (Accumulated Deficit)": {"2020-12-31": "1930.00000", "2020-09-30": "1828.00000", "2020-06-30": "1838.00000", "2020-03-31": "1854.00000", "2019-12-31": "1866.00000", "2019-09-30": "1791.00000", "2019-06-30": "1770.00000", "2019-03-31": "1674.00000", "2018-12-31": "1639.00000", "2018-09-30": "1452.00000", "2018-06-30": "1359.00000", "2018-03-31": "1282.00000", "2017-12-31": "1227.00000", "2017-09-30": "1188.00000", "2017-06-30": "1117.00000", "2017-03-31": "1050.00000", "2016-12-31": "1033.00000", "2016-09-30": "1011.00000", "2016-06-30": "966.00000", "2016-03-31": "923.00000", "2015-12-31": "885.00000", "2015-09-30": "796.00000", "2015-06-30": "734.00000", "2015-03-31": "686.00000", "2014-12-31": "648.00000", "2014-09-30": "575.00000", "2014-06-30": "493.00000", "2014-03-31": "430.00000", "2013-12-31": "405.00000", "2013-09-30": "359.00000", "2013-06-30": "308.00000", "2013-03-31": "283.00000", "2012-12-31": "264.00000", "2012-09-30": "206.00000", "2012-06-30": "153.00000", "2012-03-31": "84.00000", "2011-12-31": "44.00000", "2011-09-30": "", "2011-06-30": "", "2011-03-31": "", "2010-12-31": "", "2010-09-30": "", "2010-06-30": "", "2010-03-31": "", "2009-12-31": ""}, "Comprehensive Income": {"2020-12-31": "-413.00000", "2020-09-30": "-396.00000", "2020-06-30": "-409.00000", "2020-03-31": "-461.00000", "2019-12-31": "-375.00000", "2019-09-30": "-364.00000", "2019-06-30": "-327.00000", "2019-03-31": "-316.00000", "2018-12-31": "-336.00000", "2018-09-30": "-293.00000", "2018-06-30": "-294.00000", "2018-03-31": "-207.00000", "2017-12-31": "-210.00000", "2017-09-30": "-199.00000", "2017-06-30": "-220.00000", "2017-03-31": "-276.00000", "2016-12-31": "-318.00000", "2016-09-30": "-255.00000", "2016-06-30": "-252.00000", "2016-03-31": "-212.00000", "2015-12-31": "-238.00000", "2015-09-30": "-229.00000", "2015-06-30": "-198.00000", "2015-03-31": "-233.00000", "2014-12-31": "-99.00000", "2014-09-30": "49.00000", "2014-06-30": "158.00000", "2014-03-31": "166.00000", "2013-12-31": "167.00000", "2013-09-30": "129.00000", "2013-06-30": "55.00000", "2013-03-31": "72.00000", "2012-12-31": "115.00000", "2012-09-30": "153.00000", "2012-06-30": "106.00000", "2012-03-31": "177.00000", "2011-12-31": "122.00000", "2011-09-30": "302.00000", "2011-06-30": "", "2011-03-31": "", "2010-12-31": "37.00000", "2010-09-30": "", "2010-06-30": "", "2010-03-31": "", "2009-12-31": ""}, "Other Share Holders Equity": {"2020-12-31": "", "2020-09-30": "", "2020-06-30": "", "2020-03-31": "", "2019-12-31": "", "2019-09-30": "", "2019-06-30": "", "2019-03-31": "", "2018-12-31": "", "2018-09-30": "", "2018-06-30": "", "2018-03-31": "", "2017-12-31": "", "2017-09-30": "", "2017-06-30": "", "2017-03-31": "", "2016-12-31": "", "2016-09-30": "", "2016-06-30": "", "2016-03-31": "", "2015-12-31": "", "2015-09-30": "", "2015-06-30": "", "2015-03-31": "", "2014-12-31": "", "2014-09-30": "", "2014-06-30": "", "2014-03-31": "", "2013-12-31": "", "2013-09-30": "", "2013-06-30": "", "2013-03-31": "", "2012-12-31": "", "2012-09-30": "", "2012-06-30": "", "2012-03-31": "", "2011-12-31": "", "2011-09-30": "1649.00000", "2011-06-30": "0.00000", "2011-03-31": "0.00000", "2010-12-31": "2682.00000", "2010-09-30": "0.00000", "2010-06-30": "", "2010-03-31": "", "2009-12-31": "0.00000"}, "Share Holder Equity": {"2020-12-31": "2976.00000", "2020-09-30": "2875.00000", "2020-06-30": "2865.00000", "2020-03-31": "2821.00000", "2019-12-31": "2967.00000", "2019-09-30": "2895.00000", "2019-06-30": "2906.00000", "2019-03-31": "2808.00000", "2018-12-31": "2782.00000", "2018-09-30": "2631.00000", "2018-06-30": "2529.00000", "2018-03-31": "2557.00000", "2017-12-31": "2519.00000", "2017-09-30": "2480.00000", "2017-06-30": "2382.00000", "2017-03-31": "2268.00000", "2016-12-31": "2207.00000", "2016-09-30": "2227.00000", "2016-06-30": "2174.00000", "2016-03-31": "2159.00000", "2015-12-31": "2084.00000", "2015-09-30": "2043.00000", "2015-06-30": "2080.00000", "2015-03-31": "1989.00000", "2014-12-31": "2127.00000", "2014-09-30": "2193.00000", "2014-06-30": "2245.00000", "2014-03-31": "2229.00000", "2013-12-31": "2241.00000", "2013-09-30": "2158.00000", "2013-06-30": "2052.00000", "2013-03-31": "2040.00000", "2012-12-31": "2074.00000", "2012-09-30": "2054.00000", "2012-06-30": "1948.00000", "2012-03-31": "1949.00000", "2011-12-31": "1831.00000", "2011-09-30": "1951.00000", "2011-06-30": "0.00000", "2011-03-31": "0.00000", "2010-12-31": "2719.00000", "2010-09-30": "0.00000", "2010-06-30": "", "2010-03-31": "", "2009-12-31": "0.00000"}, "Total Liabilities And Share Holders Equity": {"2020-12-31": "8750.00000", "2020-09-30": "8448.00000", "2020-06-30": "8444.00000", "2020-03-31": "7591.00000", "2019-12-31": "7710.00000", "2019-09-30": "7515.00000", "2019-06-30": "7674.00000", "2019-03-31": "7468.00000", "2018-12-31": "7222.00000", "2018-09-30": "7326.00000", "2018-06-30": "7232.00000", "2018-03-31": "7350.00000", "2017-12-31": "6860.00000", "2017-09-30": "6783.00000", "2017-06-30": "6707.00000", "2017-03-31": "6527.00000", "2016-12-31": "6474.00000", "2016-09-30": "4778.00000", "2016-06-30": "4694.00000", "2016-03-31": "5304.00000", "2015-12-31": "4657.00000", "2015-09-30": "4645.00000", "2015-06-30": "4719.00000", "2015-03-31": "4620.00000", "2014-12-31": "4833.00000", "2014-09-30": "4814.00000", "2014-06-30": "4900.00000", "2014-03-31": "4887.00000", "2013-12-31": "4896.00000", "2013-09-30": "4784.00000", "2013-06-30": "4611.00000", "2013-03-31": "4589.00000", "2012-12-31": "4679.00000", "2012-09-30": "4596.00000", "2012-06-30": "4482.00000", "2012-03-31": "4513.00000", "2011-12-31": "4400.00000", "2011-09-30": "4151.00000", "2011-06-30": "0.00000", "2011-03-31": "0.00000", "2010-12-31": "3735.00000", "2010-09-30": "0.00000", "2010-06-30": "", "2010-03-31": "", "2009-12-31": "0.00000"}}, "cash flow statement": {"Net Income/Loss": {"2020-12-31": "254.00000", "2019-12-31": "401.00000", "2018-12-31": "549.00000", "2017-12-31": "330.00000", "2016-12-31": "260.00000", "2015-12-31": "340.00000", "2014-12-31": "337.00000", "2013-12-31": "228.00000", "2012-12-31": "297.00000", "2011-12-31": "279.00000", "2010-12-31": "329.00000", "2009-12-31": "263.00000"}, "Total Depreciation And Amortization - Cash Flow": {"2020-12-31": "309.00000", "2019-12-31": "405.00000", "2018-12-31": "261.00000", "2017-12-31": "234.00000", "2016-12-31": "151.00000", "2015-12-31": "133.00000", "2014-12-31": "142.00000", "2013-12-31": "150.00000", "2012-12-31": "142.00000", "2011-12-31": "137.00000", "2010-12-31": "92.00000", "2009-12-31": "70.00000"}, "Other Non-Cash Items": {"2020-12-31": "7.00000", "2019-12-31": "-35.00000", "2018-12-31": "-57.00000", "2017-12-31": "-38.00000", "2016-12-31": "19.00000", "2015-12-31": "-36.00000", "2014-12-31": "-57.00000", "2013-12-31": "-23.00000", "2012-12-31": "-15.00000", "2011-12-31": "10.00000", "2010-12-31": "-32.00000", "2009-12-31": "-36.00000"}, "Total Non-Cash Items": {"2020-12-31": "316.00000", "2019-12-31": "370.00000", "2018-12-31": "204.00000", "2017-12-31": "196.00000", "2016-12-31": "170.00000", "2015-12-31": "97.00000", "2014-12-31": "85.00000", "2013-12-31": "127.00000", "2012-12-31": "127.00000", "2011-12-31": "147.00000", "2010-12-31": "60.00000", "2009-12-31": "34.00000"}, "Change In Accounts Receivable": {"2020-12-31": "109.00000", "2019-12-31": "-23.00000", "2018-12-31": "-103.00000", "2017-12-31": "-79.00000", "2016-12-31": "-6.00000", "2015-12-31": "-24.00000", "2014-12-31": "-37.00000", "2013-12-31": "-47.00000", "2012-12-31": "2.00000", "2011-12-31": "-61.00000", "2010-12-31": "-45.00000", "2009-12-31": "45.00000"}, "Change In Inventories": {"2020-12-31": "-5.00000", "2019-12-31": "47.00000", "2018-12-31": "-97.00000", "2017-12-31": "27.00000", "2016-12-31": "-15.00000", "2015-12-31": "23.00000", "2014-12-31": "-49.00000", "2013-12-31": "-39.00000", "2012-12-31": "5.00000", "2011-12-31": "-18.00000", "2010-12-31": "7.00000", "2009-12-31": "62.00000"}, "Change In Accounts Payable": {"2020-12-31": "-39.00000", "2019-12-31": "29.00000", "2018-12-31": "51.00000", "2017-12-31": "50.00000", "2016-12-31": "61.00000", "2015-12-31": "20.00000", "2014-12-31": "17.00000", "2013-12-31": "4.00000", "2012-12-31": "-4.00000", "2011-12-31": "-9.00000", "2010-12-31": "41.00000", "2009-12-31": "-38.00000"}, "Change In Assets/Liabilities": {"2020-12-31": "22.00000", "2019-12-31": "4.00000", "2018-12-31": "-21.00000", "2017-12-31": "11.00000", "2016-12-31": "21.00000", "2015-12-31": "10.00000", "2014-12-31": "35.00000", "2013-12-31": "-2.00000", "2012-12-31": "12.00000", "2011-12-31": "2.00000", "2010-12-31": "8.00000", "2009-12-31": "16.00000"}, "Total Change In Assets/Liabilities": {"2020-12-31": "208.00000", "2019-12-31": "59.00000", "2018-12-31": "-176.00000", "2017-12-31": "141.00000", "2016-12-31": "61.00000", "2015-12-31": "15.00000", "2014-12-31": "-6.00000", "2013-12-31": "-46.00000", "2012-12-31": "-30.00000", "2011-12-31": "23.00000", "2010-12-31": "6.00000", "2009-12-31": "73.00000"}, "Cash Flow From Operating Activities": {"2020-12-31": "824.00000", "2019-12-31": "839.00000", "2018-12-31": "586.00000", "2017-12-31": "686.00000", "2016-12-31": "497.00000", "2015-12-31": "464.00000", "2014-12-31": "416.00000", "2013-12-31": "324.00000", "2012-12-31": "396.00000", "2011-12-31": "449.00000", "2010-12-31": "395.00000", "2009-12-31": "370.00000"}, "Net Change In Property, Plant, And Equipment": {"2020-12-31": "-183.00000", "2019-12-31": "-226.00000", "2018-12-31": "-237.00000", "2017-12-31": "-169.00000", "2016-12-31": "-123.00000", "2015-12-31": "-117.00000", "2014-12-31": "-117.00000", "2013-12-31": "-120.00000", "2012-12-31": "-107.00000", "2011-12-31": "-115.00000", "2010-12-31": "-90.00000", "2009-12-31": "-51.00000"}, "Net Change In Intangible Assets": {"2020-12-31": "", "2019-12-31": "", "2018-12-31": "", "2017-12-31": "", "2016-12-31": "", "2015-12-31": "", "2014-12-31": "", "2013-12-31": "", "2012-12-31": "", "2011-12-31": "", "2010-12-31": "", "2009-12-31": ""}, "Net Acquisitions/Divestitures": {"2020-12-31": "", "2019-12-31": "-18.00000", "2018-12-31": "-411.00000", "2017-12-31": "-17.00000", "2016-12-31": "-1782.00000", "2015-12-31": "-17.00000", "2014-12-31": "30.00000", "2013-12-31": "-81.00000", "2012-12-31": "-41.00000", "2011-12-31": "-309.00000", "2010-12-31": "-1004.00000", "2009-12-31": "-33.00000"}, "Net Change In Short-term Investments": {"2020-12-31": "", "2019-12-31": "", "2018-12-31": "", "2017-12-31": "", "2016-12-31": "", "2015-12-31": "", "2014-12-31": "", "2013-12-31": "", "2012-12-31": "", "2011-12-31": "", "2010-12-31": "", "2009-12-31": ""}, "Net Change In Long-Term Investments": {"2020-12-31": "", "2019-12-31": "4.00000", "2018-12-31": "", "2017-12-31": "-1.00000", "2016-12-31": "", "2015-12-31": "", "2014-12-31": "", "2013-12-31": "", "2012-12-31": "", "2011-12-31": "", "2010-12-31": "", "2009-12-31": ""}, "Net Change In Investments - Total": {"2020-12-31": "", "2019-12-31": "4.00000", "2018-12-31": "", "2017-12-31": "-1.00000", "2016-12-31": "", "2015-12-31": "", "2014-12-31": "", "2013-12-31": "", "2012-12-31": "", "2011-12-31": "", "2010-12-31": "", "2009-12-31": ""}, "Investing Activities - Other": {"2020-12-31": "14.00000", "2019-12-31": "9.00000", "2018-12-31": "5.00000", "2017-12-31": "6.00000", "2016-12-31": "19.00000", "2015-12-31": "2.00000", "2014-12-31": "1.00000", "2013-12-31": "2.00000", "2012-12-31": "1.00000", "2011-12-31": "1.00000", "2010-12-31": "1.00000", "2009-12-31": ""}, "Cash Flow From Investing Activities": {"2020-12-31": "-169.00000", "2019-12-31": "-231.00000", "2018-12-31": "-643.00000", "2017-12-31": "-181.00000", "2016-12-31": "-1886.00000", "2015-12-31": "-132.00000", "2014-12-31": "-86.00000", "2013-12-31": "-199.00000", "2012-12-31": "-147.00000", "2011-12-31": "-423.00000", "2010-12-31": "-1093.00000", "2009-12-31": "-84.00000"}, "Net Long-Term Debt": {"2020-12-31": "985.00000", "2019-12-31": "", "2018-12-31": "-119.00000", "2017-12-31": "", "2016-12-31": "932.00000", "2015-12-31": "", "2014-12-31": "", "2013-12-31": "-2.00000", "2012-12-31": "-14.00000", "2011-12-31": "1190.00000", "2010-12-31": "", "2009-12-31": ""}, "Net Current Debt": {"2020-12-31": "-281.00000", "2019-12-31": "27.00000", "2018-12-31": "283.00000", "2017-12-31": "-282.00000", "2016-12-31": "194.00000", "2015-12-31": "-3.00000", "2014-12-31": "52.00000", "2013-12-31": "39.00000", "2012-12-31": "13.00000", "2011-12-31": "5.00000", "2010-12-31": "", "2009-12-31": ""}, "Debt Issuance/Retirement Net - Total": {"2020-12-31": "704.00000", "2019-12-31": "27.00000", "2018-12-31": "164.00000", "2017-12-31": "-282.00000", "2016-12-31": "1126.00000", "2015-12-31": "-3.00000", "2014-12-31": "52.00000", "2013-12-31": "37.00000", "2012-12-31": "-1.00000", "2011-12-31": "1195.00000", "2010-12-31": "", "2009-12-31": ""}, "Net Common Equity Issued/Repurchased": {"2020-12-31": "-41.00000", "2019-12-31": "-27.00000", "2018-12-31": "-52.00000", "2017-12-31": "-9.00000", "2016-12-31": "20.00000", "2015-12-31": "-158.00000", "2014-12-31": "-108.00000", "2013-12-31": "-51.00000", "2012-12-31": "11.00000", "2011-12-31": "1.00000", "2010-12-31": "", "2009-12-31": ""}, "Net Total Equity Issued/Repurchased": {"2020-12-31": "-41.00000", "2019-12-31": "-27.00000", "2018-12-31": "-52.00000", "2017-12-31": "-9.00000", "2016-12-31": "20.00000", "2015-12-31": "-158.00000", "2014-12-31": "-108.00000", "2013-12-31": "-51.00000", "2012-12-31": "11.00000", "2011-12-31": "1.00000", "2010-12-31": "", "2009-12-31": ""}, "Total Common And Preferred Stock Dividends Paid": {"2020-12-31": "-188.00000", "2019-12-31": "-174.00000", "2018-12-31": "-152.00000", "2017-12-31": "-130.00000", "2016-12-31": "-112.00000", "2015-12-31": "-102.00000", "2014-12-31": "-94.00000", "2013-12-31": "-87.00000", "2012-12-31": "-75.00000", "2011-12-31": "-19.00000", "2010-12-31": "", "2009-12-31": ""}, "Financial Activities - Other": {"2020-12-31": "-2.00000", "2019-12-31": "-3.00000", "2018-12-31": "", "2017-12-31": "", "2016-12-31": "", "2015-12-31": "1.00000", "2014-12-31": "3.00000", "2013-12-31": "1.00000", "2012-12-31": "-9.00000", "2011-12-31": "-1005.00000", "2010-12-31": "745.00000", "2009-12-31": "-292.00000"}, "Cash Flow From Financial Activities": {"2020-12-31": "473.00000", "2019-12-31": "-177.00000", "2018-12-31": "-40.00000", "2017-12-31": "-421.00000", "2016-12-31": "1034.00000", "2015-12-31": "-262.00000", "2014-12-31": "-147.00000", "2013-12-31": "-100.00000", "2012-12-31": "-74.00000", "2011-12-31": "172.00000", "2010-12-31": "745.00000", "2009-12-31": "-292.00000"}, "Net Cash Flow": {"2020-12-31": "1151.00000", "2019-12-31": "428.00000", "2018-12-31": "-118.00000", "2017-12-31": "106.00000", "2016-12-31": "-372.00000", "2015-12-31": "17.00000", "2014-12-31": "130.00000", "2013-12-31": "29.00000", "2012-12-31": "186.00000", "2011-12-31": "187.00000", "2010-12-31": "50.00000", "2009-12-31": ""}, "Stock-Based Compensation": {"2020-12-31": "26.00000", "2019-12-31": "29.00000", "2018-12-31": "30.00000", "2017-12-31": "21.00000", "2016-12-31": "18.00000", "2015-12-31": "15.00000", "2014-12-31": "18.00000", "2013-12-31": "27.00000", "2012-12-31": "22.00000", "2011-12-31": "13.00000", "2010-12-31": "9.00000", "2009-12-31": "9.00000"}, "Common Stock Dividends Paid": {"2020-12-31": "-188.00000", "2019-12-31": "-174.00000", "2018-12-31": "-152.00000", "2017-12-31": "-130.00000", "2016-12-31": "-112.00000", "2015-12-31": "-102.00000", "2014-12-31": "-94.00000", "2013-12-31": "-87.00000", "2012-12-31": "-75.00000", "2011-12-31": "-19.00000", "2010-12-31": "0.00000", "2009-12-31": ""}}, "cash flow statement, quarterly": {"Net Income/Loss": {"2020-12-31": 148, "2020-09-30": 37, "2020-06-30": 31, "2020-03-31": "38.00000", "2019-12-31": 118, "2019-09-30": 65, "2019-06-30": 139, "2019-03-31": "79.00000", "2018-12-31": 225, "2018-09-30": 130, "2018-06-30": 115, "2018-03-31": "79.00000", "2017-12-31": 70, "2017-09-30": 104, "2017-06-30": 100, "2017-03-31": "56.00000", "2016-12-31": 50, "2016-09-30": 73, "2016-06-30": 71, "2016-03-31": "66.00000", "2015-12-31": 114, "2015-09-30": 88, "2015-06-30": 74, "2015-03-31": "64.00000", "2014-12-31": 96, "2014-09-30": 106, "2014-06-30": 86, "2014-03-31": "49.00000", "2013-12-31": 68, "2013-09-30": 73, "2013-06-30": 46, "2013-03-31": "41.00000", "2012-12-31": 73, "2012-09-30": 72, "2012-06-30": 89, "2012-03-31": "63.00000", "2011-12-31": 52, "2011-09-30": 77, "2011-06-30": 72, "2011-03-31": "78.00000", "2010-12-31": 97, "2010-09-30": 232, "2010-06-30": 0, "2010-03-31": "0.00000", "2009-12-31": 263}, "Total Depreciation And Amortization - Cash Flow": {"2020-12-31": 62, "2020-09-30": 121, "2020-06-30": 62, "2020-03-31": "64.00000", "2019-12-31": 65, "2019-09-30": 213, "2019-06-30": 63, "2019-03-31": "64.00000", "2018-12-31": 66, "2018-09-30": 63, "2018-06-30": 65, "2018-03-31": "67.00000", "2017-12-31": 60, "2017-09-30": 58, "2017-06-30": 57, "2017-03-31": "59.00000", "2016-12-31": 54, "2016-09-30": 32, "2016-06-30": 33, "2016-03-31": "32.00000", "2015-12-31": 31, "2015-09-30": 33, "2015-06-30": 34, "2015-03-31": "35.00000", "2014-12-31": 35, "2014-09-30": 35, "2014-06-30": 36, "2014-03-31": "36.00000", "2013-12-31": 40, "2013-09-30": 36, "2013-06-30": 37, "2013-03-31": "37.00000", "2012-12-31": 39, "2012-09-30": 36, "2012-06-30": 33, "2012-03-31": "34.00000", "2011-12-31": 33, "2011-09-30": 36, "2011-06-30": 35, "2011-03-31": "33.00000", "2010-12-31": 25, "2010-09-30": 67, "2010-06-30": 0, "2010-03-31": "", "2009-12-31": 70}, "Other Non-Cash Items": {"2020-12-31": -56, "2020-09-30": 9, "2020-06-30": 52, "2020-03-31": "2.00000", "2019-12-31": -94, "2019-09-30": 31, "2019-06-30": 13, "2019-03-31": "15.00000", "2018-12-31": -81, "2018-09-30": 3, "2018-06-30": 7, "2018-03-31": "14.00000", "2017-12-31": -47, "2017-09-30": 2, "2017-06-30": 2, "2017-03-31": "5.00000", "2016-12-31": -3, "2016-09-30": 6, "2016-06-30": 7, "2016-03-31": "9.00000", "2015-12-31": -32, "2015-09-30": 2, "2015-06-30": 2, "2015-03-31": "-8.00000", "2014-12-31": -58, "2014-09-30": -9, "2014-06-30": 0, "2014-03-31": "10.00000", "2013-12-31": -50, "2013-09-30": 1, "2013-06-30": 19, "2013-03-31": "7.00000", "2012-12-31": -35, "2012-09-30": 10, "2012-06-30": 5, "2012-03-31": "5.00000", "2011-12-31": 0, "2011-09-30": 11, "2011-06-30": 1, "2011-03-31": "-2.00000", "2010-12-31": -28, "2010-09-30": -4, "2010-06-30": 0, "2010-03-31": "", "2009-12-31": 0}, "Total Non-Cash Items": {"2020-12-31": 6, "2020-09-30": 130, "2020-06-30": 114, "2020-03-31": "66.00000", "2019-12-31": -29, "2019-09-30": 244, "2019-06-30": 76, "2019-03-31": "79.00000", "2018-12-31": -15, "2018-09-30": 66, "2018-06-30": 72, "2018-03-31": "81.00000", "2017-12-31": 13, "2017-09-30": 60, "2017-06-30": 59, "2017-03-31": "64.00000", "2016-12-31": 51, "2016-09-30": 38, "2016-06-30": 40, "2016-03-31": "41.00000", "2015-12-31": -1, "2015-09-30": 35, "2015-06-30": 36, "2015-03-31": "27.00000", "2014-12-31": -23, "2014-09-30": 26, "2014-06-30": 36, "2014-03-31": "46.00000", "2013-12-31": -10, "2013-09-30": 37, "2013-06-30": 56, "2013-03-31": "44.00000", "2012-12-31": 4, "2012-09-30": 46, "2012-06-30": 38, "2012-03-31": "39.00000", "2011-12-31": 33, "2011-09-30": 47, "2011-06-30": 36, "2011-03-31": "31.00000", "2010-12-31": 29, "2010-09-30": 63, "2010-06-30": 0, "2010-03-31": "", "2009-12-31": 70}, "Change In Accounts Receivable": {"2020-12-31": 66, "2020-09-30": -5, "2020-06-30": 25, "2020-03-31": "23.00000", "2019-12-31": 50, "2019-09-30": -5, "2019-06-30": -75, "2019-03-31": "7.00000", "2018-12-31": -27, "2018-09-30": -8, "2018-06-30": -59, "2018-03-31": "-9.00000", "2017-12-31": 35, "2017-09-30": -44, "2017-06-30": -58, "2017-03-31": "-12.00000", "2016-12-31": 21, "2016-09-30": -8, "2016-06-30": -41, "2016-03-31": "22.00000", "2015-12-31": 8, "2015-09-30": -4, "2015-06-30": -32, "2015-03-31": "4.00000", "2014-12-31": 3, "2014-09-30": -8, "2014-06-30": -27, "2014-03-31": "-5.00000", "2013-12-31": 24, "2013-09-30": -40, "2013-06-30": -32, "2013-03-31": "1.00000", "2012-12-31": 35, "2012-09-30": -17, "2012-06-30": -23, "2012-03-31": "7.00000", "2011-12-31": -3, "2011-09-30": -4, "2011-06-30": -51, "2011-03-31": "-3.00000", "2010-12-31": -3, "2010-09-30": -42, "2010-06-30": 0, "2010-03-31": "", "2009-12-31": 0}, "Change In Inventories": {"2020-12-31": 43, "2020-09-30": 15, "2020-06-30": -9, "2020-03-31": "-54.00000", "2019-12-31": 49, "2019-09-30": 8, "2019-06-30": 15, "2019-03-31": "-25.00000", "2018-12-31": 18, "2018-09-30": -28, "2018-06-30": -47, "2018-03-31": "-40.00000", "2017-12-31": 41, "2017-09-30": -1, "2017-06-30": -3, "2017-03-31": "-10.00000", "2016-12-31": 27, "2016-09-30": -3, "2016-06-30": -8, "2016-03-31": "-31.00000", "2015-12-31": 38, "2015-09-30": 12, "2015-06-30": 6, "2015-03-31": "-33.00000", "2014-12-31": 13, "2014-09-30": -9, "2014-06-30": -11, "2014-03-31": "-42.00000", "2013-12-31": 20, "2013-09-30": -15, "2013-06-30": -15, "2013-03-31": "-29.00000", "2012-12-31": 38, "2012-09-30": 11, "2012-06-30": -13, "2012-03-31": "-31.00000", "2011-12-31": 22, "2011-09-30": -9, "2011-06-30": -15, "2011-03-31": "-16.00000", "2010-12-31": 42, "2010-09-30": -35, "2010-06-30": 0, "2010-03-31": "", "2009-12-31": 0}, "Change In Accounts Payable": {"2020-12-31": 52, "2020-09-30": -5, "2020-06-30": -18, "2020-03-31": "-68.00000", "2019-12-31": 59, "2019-09-30": -7, "2019-06-30": -6, "2019-03-31": "-17.00000", "2018-12-31": 0, "2018-09-30": -3, "2018-06-30": 48, "2018-03-31": "6.00000", "2017-12-31": 47, "2017-09-30": 22, "2017-06-30": 13, "2017-03-31": "-32.00000", "2016-12-31": 47, "2016-09-30": 5, "2016-06-30": 10, "2016-03-31": "-1.00000", "2015-12-31": 14, "2015-09-30": 3, "2015-06-30": -1, "2015-03-31": "4.00000", "2014-12-31": 19, "2014-09-30": -4, "2014-06-30": 4, "2014-03-31": "-2.00000", "2013-12-31": 0, "2013-09-30": 8, "2013-06-30": 4, "2013-03-31": "-8.00000", "2012-12-31": 3, "2012-09-30": -19, "2012-06-30": -2, "2012-03-31": "14.00000", "2011-12-31": 22, "2011-09-30": -17, "2011-06-30": 17, "2011-03-31": "-31.00000", "2010-12-31": 31, "2010-09-30": 10, "2010-06-30": 0, "2010-03-31": "", "2009-12-31": 0}, "Change In Assets/Liabilities": {"2020-12-31": -84, "2020-09-30": 93, "2020-06-30": 24, "2020-03-31": "-11.00000", "2019-12-31": -3, "2019-09-30": 77, "2019-06-30": -29, "2019-03-31": "-41.00000", "2018-12-31": 16, "2018-09-30": 1, "2018-06-30": 12, "2018-03-31": "-50.00000", "2017-12-31": -7, "2017-09-30": 48, "2017-06-30": -18, "2017-03-31": "-12.00000", "2016-12-31": 29, "2016-09-30": 44, "2016-06-30": 4, "2016-03-31": "-56.00000", "2015-12-31": 43, "2015-09-30": -4, "2015-06-30": -1, "2015-03-31": "-28.00000", "2014-12-31": 37, "2014-09-30": 33, "2014-06-30": -7, "2014-03-31": "-28.00000", "2013-12-31": -13, "2013-09-30": 64, "2013-06-30": -53, "2013-03-31": "", "2012-12-31": 57, "2012-09-30": 6, "2012-06-30": -20, "2012-03-31": "-31.00000", "2011-12-31": -20, "2011-09-30": 8, "2011-06-30": 8, "2011-03-31": "6.00000", "2010-12-31": -9, "2010-09-30": 17, "2010-06-30": 0, "2010-03-31": "", "2009-12-31": 0}, "Total Change In Assets/Liabilities": {"2020-12-31": 203, "2020-09-30": 93, "2020-06-30": 22, "2020-03-31": "-110.00000", "2019-12-31": 297, "2019-09-30": -67, "2019-06-30": -95, "2019-03-31": "-76.00000", "2018-12-31": -19, "2018-09-30": -18, "2018-06-30": -46, "2018-03-31": "-93.00000", "2017-12-31": 248, "2017-09-30": 25, "2017-06-30": -66, "2017-03-31": "-66.00000", "2016-12-31": 124, "2016-09-30": 38, "2016-06-30": -35, "2016-03-31": "-66.00000", "2015-12-31": 89, "2015-09-30": 7, "2015-06-30": -28, "2015-03-31": "-53.00000", "2014-12-31": 100, "2014-09-30": 12, "2014-06-30": -41, "2014-03-31": "-77.00000", "2013-12-31": 69, "2013-09-30": 17, "2013-06-30": -96, "2013-03-31": "-36.00000", "2012-12-31": 88, "2012-09-30": -19, "2012-06-30": -58, "2012-03-31": "-41.00000", "2011-12-31": 112, "2011-09-30": -33, "2011-06-30": -18, "2011-03-31": "-38.00000", "2010-12-31": 72, "2010-09-30": -69, "2010-06-30": 0, "2010-03-31": "", "2009-12-31": 73}, "Cash Flow From Operating Activities": {"2020-12-31": 370, "2020-09-30": 275, "2020-06-30": 181, "2020-03-31": "-2.00000", "2019-12-31": 388, "2019-09-30": 245, "2019-06-30": 123, "2019-03-31": "83.00000", "2018-12-31": 198, "2018-09-30": 187, "2018-06-30": 138, "2018-03-31": "63.00000", "2017-12-31": 307, "2017-09-30": 228, "2017-06-30": 99, "2017-03-31": "52.00000", "2016-12-31": 223, "2016-09-30": 149, "2016-06-30": 84, "2016-03-31": "41.00000", "2015-12-31": 204, "2015-09-30": 137, "2015-06-30": 84, "2015-03-31": "39.00000", "2014-12-31": 163, "2014-09-30": 155, "2014-06-30": 76, "2014-03-31": "22.00000", "2013-12-31": 161, "2013-09-30": 101, "2013-06-30": 42, "2013-03-31": "20.00000", "2012-12-31": 166, "2012-09-30": 105, "2012-06-30": 64, "2012-03-31": "61.00000", "2011-12-31": 197, "2011-09-30": 91, "2011-06-30": 90, "2011-03-31": "71.00000", "2010-12-31": 169, "2010-09-30": 226, "2010-06-30": 0, "2010-03-31": "", "2009-12-31": 370}, "Net Change In Property, Plant, And Equipment": {"2020-12-31": -48, "2020-09-30": -40, "2020-06-30": -44, "2020-03-31": "-51.00000", "2019-12-31": -51, "2019-09-30": -46, "2019-06-30": -60, "2019-03-31": "-69.00000", "2018-12-31": -66, "2018-09-30": -60, "2018-06-30": -50, "2018-03-31": "-61.00000", "2017-12-31": -61, "2017-09-30": -31, "2017-06-30": -34, "2017-03-31": "-43.00000", "2016-12-31": -33, "2016-09-30": -28, "2016-06-30": -25, "2016-03-31": "-37.00000", "2015-12-31": -40, "2015-09-30": -20, "2015-06-30": -20, "2015-03-31": "-37.00000", "2014-12-31": -42, "2014-09-30": -28, "2014-06-30": -23, "2014-03-31": "-24.00000", "2013-12-31": -36, "2013-09-30": -27, "2013-06-30": -30, "2013-03-31": "-27.00000", "2012-12-31": -30, "2012-09-30": -23, "2012-06-30": -25, "2012-03-31": "-29.00000", "2011-12-31": -45, "2011-09-30": -22, "2011-06-30": -31, "2011-03-31": "-17.00000", "2010-12-31": -47, "2010-09-30": -43, "2010-06-30": 0, "2010-03-31": "", "2009-12-31": -51}, "Net Change In Intangible Assets": {"2020-12-31": 0, "2020-09-30": 0, "2020-06-30": 0, "2020-03-31": "", "2019-12-31": 0, "2019-09-30": 0, "2019-06-30": 0, "2019-03-31": "", "2018-12-31": 0, "2018-09-30": 0, "2018-06-30": 0, "2018-03-31": "", "2017-12-31": 0, "2017-09-30": 0, "2017-06-30": 0, "2017-03-31": "", "2016-12-31": 0, "2016-09-30": 0, "2016-06-30": 0, "2016-03-31": "", "2015-12-31": 0, "2015-09-30": 0, "2015-06-30": 0, "2015-03-31": "", "2014-12-31": 0, "2014-09-30": 0, "2014-06-30": 0, "2014-03-31": "", "2013-12-31": 0, "2013-09-30": 0, "2013-06-30": 0, "2013-03-31": "", "2012-12-31": 0, "2012-09-30": 0, "2012-06-30": 0, "2012-03-31": "", "2011-12-31": 0, "2011-09-30": 0, "2011-06-30": 0, "2011-03-31": "", "2010-12-31": 0, "2010-09-30": 0, "2010-06-30": 0, "2010-03-31": "", "2009-12-31": 0}, "Net Acquisitions/Divestitures": {"2020-12-31": 0, "2020-09-30": 0, "2020-06-30": 0, "2020-03-31": "", "2019-12-31": 2, "2019-09-30": 0, "2019-06-30": -15, "2019-03-31": "-5.00000", "2018-12-31": 0, "2018-09-30": 19, "2018-06-30": 0, "2018-03-31": "-430.00000", "2017-12-31": -1, "2017-09-30": -21, "2017-06-30": 11, "2017-03-31": "-6.00000", "2016-12-31": -1712, "2016-09-30": 0, "2016-06-30": 0, "2016-03-31": "-70.00000", "2015-12-31": -18, "2015-09-30": 0, "2015-06-30": 0, "2015-03-31": "1.00000", "2014-12-31": 0, "2014-09-30": 30, "2014-06-30": 0, "2014-03-31": "", "2013-12-31": 0, "2013-09-30": 0, "2013-06-30": -3, "2013-03-31": "-78.00000", "2012-12-31": -29, "2012-09-30": -12, "2012-06-30": 0, "2012-03-31": "", "2011-12-31": 0, "2011-09-30": -309, "2011-06-30": 0, "2011-03-31": "", "2010-12-31": -23, "2010-09-30": -981, "2010-06-30": 0, "2010-03-31": "", "2009-12-31": -33}, "Net Change In Short-term Investments": {"2020-12-31": 0, "2020-09-30": 0, "2020-06-30": 0, "2020-03-31": "", "2019-12-31": 0, "2019-09-30": 0, "2019-06-30": 0, "2019-03-31": "", "2018-12-31": 0, "2018-09-30": 0, "2018-06-30": 0, "2018-03-31": "", "2017-12-31": 0, "2017-09-30": 0, "2017-06-30": 0, "2017-03-31": "", "2016-12-31": 0, "2016-09-30": 0, "2016-06-30": 0, "2016-03-31": "", "2015-12-31": 0, "2015-09-30": 0, "2015-06-30": 0, "2015-03-31": "", "2014-12-31": 0, "2014-09-30": 0, "2014-06-30": 0, "2014-03-31": "", "2013-12-31": 0, "2013-09-30": 0, "2013-06-30": 0, "2013-03-31": "", "2012-12-31": 0, "2012-09-30": 0, "2012-06-30": 0, "2012-03-31": "", "2011-12-31": 0, "2011-09-30": 0, "2011-06-30": 0, "2011-03-31": "", "2010-12-31": 0, "2010-09-30": 0, "2010-06-30": 0, "2010-03-31": "", "2009-12-31": 0}, "Net Change In Long-Term Investments": {"2020-12-31": 200, "2020-09-30": -200, "2020-06-30": 0, "2020-03-31": "", "2019-12-31": 1, "2019-09-30": 3, "2019-06-30": 0, "2019-03-31": "", "2018-12-31": 0, "2018-09-30": 0, "2018-06-30": 0, "2018-03-31": "", "2017-12-31": 0, "2017-09-30": -1, "2017-06-30": -11, "2017-03-31": "11.00000", "2016-12-31": 0, "2016-09-30": 0, "2016-06-30": 0, "2016-03-31": "", "2015-12-31": 0, "2015-09-30": 0, "2015-06-30": 0, "2015-03-31": "", "2014-12-31": 0, "2014-09-30": 0, "2014-06-30": 0, "2014-03-31": "", "2013-12-31": 0, "2013-09-30": 0, "2013-06-30": 0, "2013-03-31": "", "2012-12-31": 0, "2012-09-30": 0, "2012-06-30": 0, "2012-03-31": "", "2011-12-31": 0, "2011-09-30": 0, "2011-06-30": 0, "2011-03-31": "", "2010-12-31": 0, "2010-09-30": 0, "2010-06-30": 0, "2010-03-31": "", "2009-12-31": 0}, "Net Change In Investments - Total": {"2020-12-31": 200, "2020-09-30": -200, "2020-06-30": 0, "2020-03-31": "", "2019-12-31": 1, "2019-09-30": 3, "2019-06-30": 0, "2019-03-31": "", "2018-12-31": 0, "2018-09-30": 0, "2018-06-30": 0, "2018-03-31": "", "2017-12-31": 0, "2017-09-30": -1, "2017-06-30": -11, "2017-03-31": "11.00000", "2016-12-31": 0, "2016-09-30": 0, "2016-06-30": 0, "2016-03-31": "", "2015-12-31": 0, "2015-09-30": 0, "2015-06-30": 0, "2015-03-31": "", "2014-12-31": 0, "2014-09-30": 0, "2014-06-30": 0, "2014-03-31": "", "2013-12-31": 0, "2013-09-30": 0, "2013-06-30": 0, "2013-03-31": "", "2012-12-31": 0, "2012-09-30": 0, "2012-06-30": 0, "2012-03-31": "", "2011-12-31": 0, "2011-09-30": 0, "2011-06-30": 0, "2011-03-31": "", "2010-12-31": 0, "2010-09-30": 0, "2010-06-30": 0, "2010-03-31": "", "2009-12-31": 0}, "Investing Activities - Other": {"2020-12-31": 5, "2020-09-30": 2, "2020-06-30": 4, "2020-03-31": "3.00000", "2019-12-31": 2, "2019-09-30": 4, "2019-06-30": 6, "2019-03-31": "-3.00000", "2018-12-31": 2, "2018-09-30": -1, "2018-06-30": 4, "2018-03-31": "", "2017-12-31": 3, "2017-09-30": 0, "2017-06-30": 3, "2017-03-31": "", "2016-12-31": 14, "2016-09-30": 0, "2016-06-30": 3, "2016-03-31": "2.00000", "2015-12-31": 0, "2015-09-30": -1, "2015-06-30": 3, "2015-03-31": "", "2014-12-31": 1, "2014-09-30": 0, "2014-06-30": 0, "2014-03-31": "", "2013-12-31": 2, "2013-09-30": 0, "2013-06-30": 0, "2013-03-31": "", "2012-12-31": 1, "2012-09-30": -1, "2012-06-30": 1, "2012-03-31": "", "2011-12-31": -1, "2011-09-30": 2, "2011-06-30": 1, "2011-03-31": "-1.00000", "2010-12-31": 1, "2010-09-30": 0, "2010-06-30": 0, "2010-03-31": "", "2009-12-31": 0}, "Cash Flow From Investing Activities": {"2020-12-31": 157, "2020-09-30": -238, "2020-06-30": -40, "2020-03-31": "-48.00000", "2019-12-31": -46, "2019-09-30": -39, "2019-06-30": -69, "2019-03-31": "-77.00000", "2018-12-31": -64, "2018-09-30": -42, "2018-06-30": -46, "2018-03-31": "-491.00000", "2017-12-31": -59, "2017-09-30": -53, "2017-06-30": -31, "2017-03-31": "-38.00000", "2016-12-31": -1731, "2016-09-30": -28, "2016-06-30": -22, "2016-03-31": "-105.00000", "2015-12-31": -58, "2015-09-30": -21, "2015-06-30": -17, "2015-03-31": "-36.00000", "2014-12-31": -41, "2014-09-30": 2, "2014-06-30": -23, "2014-03-31": "-24.00000", "2013-12-31": -34, "2013-09-30": -27, "2013-06-30": -33, "2013-03-31": "-105.00000", "2012-12-31": -58, "2012-09-30": -36, "2012-06-30": -24, "2012-03-31": "-29.00000", "2011-12-31": -46, "2011-09-30": -329, "2011-06-30": -30, "2011-03-31": "-18.00000", "2010-12-31": -69, "2010-09-30": -1024, "2010-06-30": 0, "2010-03-31": "", "2009-12-31": -84}, "Net Long-Term Debt": {"2020-12-31": 0, "2020-09-30": -2, "2020-06-30": 987, "2020-03-31": "", "2019-12-31": 0, "2019-09-30": 0, "2019-06-30": 0, "2019-03-31": "", "2018-12-31": -119, "2018-09-30": 0, "2018-06-30": 0, "2018-03-31": "", "2017-12-31": 0, "2017-09-30": 0, "2017-06-30": 0, "2017-03-31": "", "2016-12-31": 1000, "2016-09-30": 0, "2016-06-30": -608, "2016-03-31": "540.00000", "2015-12-31": 0, "2015-09-30": 0, "2015-06-30": 0, "2015-03-31": "", "2014-12-31": 0, "2014-09-30": 0, "2014-06-30": 0, "2014-03-31": "", "2013-12-31": 0, "2013-09-30": -2, "2013-06-30": 0, "2013-03-31": "", "2012-12-31": -8, "2012-09-30": -6, "2012-06-30": 0, "2012-03-31": "", "2011-12-31": 1, "2011-09-30": 1189, "2011-06-30": 0, "2011-03-31": "", "2010-12-31": 0, "2010-09-30": 0, "2010-06-30": 0, "2010-03-31": "", "2009-12-31": 0}, "Net Current Debt": {"2020-12-31": -40, "2020-09-30": -178, "2020-06-30": -253, "2020-03-31": "190.00000", "2019-12-31": -36, "2019-09-30": -81, "2019-06-30": 94, "2019-03-31": "50.00000", "2018-12-31": -77, "2018-09-30": -23, "2018-06-30": 12, "2018-03-31": "371.00000", "2017-12-31": -98, "2017-09-30": -152, "2017-06-30": -27, "2017-03-31": "-5.00000", "2016-12-31": 212, "2016-09-30": -30, "2016-06-30": -28, "2016-03-31": "40.00000", "2015-12-31": 0, "2015-09-30": -1, "2015-06-30": -2, "2015-03-31": "", "2014-12-31": 50, "2014-09-30": 1, "2014-06-30": -1, "2014-03-31": "2.00000", "2013-12-31": 39, "2013-09-30": 0, "2013-06-30": 0, "2013-03-31": "", "2012-12-31": 1, "2012-09-30": 12, "2012-06-30": 0, "2012-03-31": "", "2011-12-31": 0, "2011-09-30": 5, "2011-06-30": 0, "2011-03-31": "", "2010-12-31": 0, "2010-09-30": 0, "2010-06-30": 0, "2010-03-31": "", "2009-12-31": 0}, "Debt Issuance/Retirement Net - Total": {"2020-12-31": -40, "2020-09-30": -180, "2020-06-30": 734, "2020-03-31": "190.00000", "2019-12-31": -36, "2019-09-30": -81, "2019-06-30": 94, "2019-03-31": "50.00000", "2018-12-31": -196, "2018-09-30": -23, "2018-06-30": 12, "2018-03-31": "371.00000", "2017-12-31": -98, "2017-09-30": -152, "2017-06-30": -27, "2017-03-31": "-5.00000", "2016-12-31": 1212, "2016-09-30": -30, "2016-06-30": -636, "2016-03-31": "580.00000", "2015-12-31": 0, "2015-09-30": -1, "2015-06-30": -2, "2015-03-31": "", "2014-12-31": 50, "2014-09-30": 1, "2014-06-30": -1, "2014-03-31": "2.00000", "2013-12-31": 39, "2013-09-30": -2, "2013-06-30": 0, "2013-03-31": "", "2012-12-31": -7, "2012-09-30": 6, "2012-06-30": 0, "2012-03-31": "", "2011-12-31": 1, "2011-09-30": 1194, "2011-06-30": 0, "2011-03-31": "", "2010-12-31": 0, "2010-09-30": 0, "2010-06-30": 0, "2010-03-31": "", "2009-12-31": 0}, "Net Common Equity Issued/Repurchased": {"2020-12-31": 10, "2020-09-30": 4, "2020-06-30": 0, "2020-03-31": "-55.00000", "2019-12-31": 2, "2019-09-30": 2, "2019-06-30": 4, "2019-03-31": "-35.00000", "2018-12-31": -1, "2018-09-30": 3, "2018-06-30": -24, "2018-03-31": "-30.00000", "2017-12-31": 8, "2017-09-30": 1, "2017-06-30": -14, "2017-03-31": "-4.00000", "2016-12-31": 1, "2016-09-30": 6, "2016-06-30": 8, "2016-03-31": "5.00000", "2015-12-31": -44, "2015-09-30": -70, "2015-06-30": 3, "2015-03-31": "-47.00000", "2014-12-31": 7, "2014-09-30": -30, "2014-06-30": -45, "2014-03-31": "-40.00000", "2013-12-31": -9, "2013-09-30": -25, "2013-06-30": -2, "2013-03-31": "-15.00000", "2012-12-31": -7, "2012-09-30": 5, "2012-06-30": -2, "2012-03-31": "15.00000", "2011-12-31": 1, "2011-09-30": 0, "2011-06-30": 0, "2011-03-31": "", "2010-12-31": 0, "2010-09-30": 0, "2010-06-30": 0, "2010-03-31": "", "2009-12-31": 0}, "Net Total Equity Issued/Repurchased": {"2020-12-31": 10, "2020-09-30": 4, "2020-06-30": 0, "2020-03-31": "-55.00000", "2019-12-31": 2, "2019-09-30": 2, "2019-06-30": 4, "2019-03-31": "-35.00000", "2018-12-31": -1, "2018-09-30": 3, "2018-06-30": -24, "2018-03-31": "-30.00000", "2017-12-31": 8, "2017-09-30": 1, "2017-06-30": -14, "2017-03-31": "-4.00000", "2016-12-31": 1, "2016-09-30": 6, "2016-06-30": 8, "2016-03-31": "5.00000", "2015-12-31": -44, "2015-09-30": -70, "2015-06-30": 3, "2015-03-31": "-47.00000", "2014-12-31": 7, "2014-09-30": -30, "2014-06-30": -45, "2014-03-31": "-40.00000", "2013-12-31": -9, "2013-09-30": -25, "2013-06-30": -2, "2013-03-31": "-15.00000", "2012-12-31": -7, "2012-09-30": 5, "2012-06-30": -2, "2012-03-31": "15.00000", "2011-12-31": 1, "2011-09-30": 0, "2011-06-30": 0, "2011-03-31": "", "2010-12-31": 0, "2010-09-30": 0, "2010-06-30": 0, "2010-03-31": "", "2009-12-31": 0}, "Total Common And Preferred Stock Dividends Paid": {"2020-12-31": -46, "2020-09-30": -47, "2020-06-30": -47, "2020-03-31": "-48.00000", "2019-12-31": -43, "2019-09-30": -44, "2019-06-30": -43, "2019-03-31": "-44.00000", "2018-12-31": -38, "2018-09-30": -38, "2018-06-30": -38, "2018-03-31": "-38.00000", "2017-12-31": -33, "2017-09-30": -32, "2017-06-30": -32, "2017-03-31": "-33.00000", "2016-12-31": -28, "2016-09-30": -28, "2016-06-30": -28, "2016-03-31": "-28.00000", "2015-12-31": -25, "2015-09-30": -26, "2015-06-30": -25, "2015-03-31": "-26.00000", "2014-12-31": -23, "2014-09-30": -24, "2014-06-30": -23, "2014-03-31": "-24.00000", "2013-12-31": -22, "2013-09-30": -22, "2013-06-30": -21, "2013-03-31": "-22.00000", "2012-12-31": -19, "2012-09-30": -17, "2012-06-30": -20, "2012-03-31": "-19.00000", "2011-12-31": -19, "2011-09-30": 0, "2011-06-30": 0, "2011-03-31": "", "2010-12-31": 0, "2010-09-30": 0, "2010-06-30": 0, "2010-03-31": "", "2009-12-31": 0}, "Financial Activities - Other": {"2020-12-31": -1, "2020-09-30": -1, "2020-06-30": 0, "2020-03-31": "", "2019-12-31": -1, "2019-09-30": -1, "2019-06-30": -1, "2019-03-31": "", "2018-12-31": 0, "2018-09-30": 1, "2018-06-30": 0, "2018-03-31": "-1.00000", "2017-12-31": 1, "2017-09-30": -1, "2017-06-30": -1, "2017-03-31": "1.00000", "2016-12-31": -1, "2016-09-30": 0, "2016-06-30": -1, "2016-03-31": "2.00000", "2015-12-31": 1, "2015-09-30": -1, "2015-06-30": -1, "2015-03-31": "2.00000", "2014-12-31": 1, "2014-09-30": 1, "2014-06-30": 1, "2014-03-31": "", "2013-12-31": 1, "2013-09-30": 0, "2013-06-30": -1, "2013-03-31": "1.00000", "2012-12-31": 0, "2012-09-30": -4, "2012-06-30": 1, "2012-03-31": "-6.00000", "2011-12-31": 7, "2011-09-30": -900, "2011-06-30": -79, "2011-03-31": "-33.00000", "2010-12-31": -96, "2010-09-30": 841, "2010-06-30": 0, "2010-03-31": "", "2009-12-31": -292}, "Cash Flow From Financial Activities": {"2020-12-31": -77, "2020-09-30": -224, "2020-06-30": 687, "2020-03-31": "87.00000", "2019-12-31": -78, "2019-09-30": -124, "2019-06-30": 54, "2019-03-31": "-29.00000", "2018-12-31": -235, "2018-09-30": -57, "2018-06-30": -50, "2018-03-31": "302.00000", "2017-12-31": -122, "2017-09-30": -184, "2017-06-30": -74, "2017-03-31": "-41.00000", "2016-12-31": 1184, "2016-09-30": -52, "2016-06-30": -657, "2016-03-31": "559.00000", "2015-12-31": -68, "2015-09-30": -98, "2015-06-30": -25, "2015-03-31": "-71.00000", "2014-12-31": 35, "2014-09-30": -52, "2014-06-30": -68, "2014-03-31": "-62.00000", "2013-12-31": 9, "2013-09-30": -49, "2013-06-30": -24, "2013-03-31": "-36.00000", "2012-12-31": -33, "2012-09-30": -10, "2012-06-30": -21, "2012-03-31": "-10.00000", "2011-12-31": -10, "2011-09-30": 294, "2011-06-30": -79, "2011-03-31": "-33.00000", "2010-12-31": -96, "2010-09-30": 841, "2010-06-30": 0, "2010-03-31": "", "2009-12-31": -292}, "Net Cash Flow": {"2020-12-31": 473, "2020-09-30": -175, "2020-06-30": 838, "2020-03-31": "15.00000", "2019-12-31": 271, "2019-09-30": 70, "2019-06-30": 108, "2019-03-31": "-21.00000", "2018-12-31": -108, "2018-09-30": 83, "2018-06-30": 24, "2018-03-31": "-117.00000", "2017-12-31": 131, "2017-09-30": -5, "2017-06-30": 1, "2017-03-31": "-21.00000", "2016-12-31": -351, "2016-09-30": 73, "2016-06-30": -607, "2016-03-31": "513.00000", "2015-12-31": 69, "2015-09-30": 11, "2015-06-30": 46, "2015-03-31": "-109.00000", "2014-12-31": 134, "2014-09-30": 79, "2014-06-30": -16, "2014-03-31": "-67.00000", "2013-12-31": 139, "2013-09-30": 34, "2013-06-30": -15, "2013-03-31": "-129.00000", "2012-12-31": 80, "2012-09-30": 66, "2012-06-30": 11, "2012-03-31": "29.00000", "2011-12-31": 134, "2011-09-30": 46, "2011-06-30": -16, "2011-03-31": "23.00000", "2010-12-31": 4, "2010-09-30": 46, "2010-06-30": 0, "2010-03-31": "", "2009-12-31": 0}, "Stock-Based Compensation": {"2020-12-31": 7, "2020-09-30": 3, "2020-06-30": 8, "2020-03-31": "8.00000", "2019-12-31": 6, "2019-09-30": 7, "2019-06-30": 7, "2019-03-31": "9.00000", "2018-12-31": 7, "2018-09-30": 7, "2018-06-30": 7, "2018-03-31": "9.00000", "2017-12-31": 5, "2017-09-30": 5, "2017-06-30": 5, "2017-03-31": "6.00000", "2016-12-31": 3, "2016-09-30": 5, "2016-06-30": 5, "2016-03-31": "5.00000", "2015-12-31": 4, "2015-09-30": 3, "2015-06-30": 4, "2015-03-31": "4.00000", "2014-12-31": 4, "2014-09-30": 5, "2014-06-30": 5, "2014-03-31": "4.00000", "2013-12-31": 6, "2013-09-30": 9, "2013-06-30": 6, "2013-03-31": "6.00000", "2012-12-31": 6, "2012-09-30": 6, "2012-06-30": 5, "2012-03-31": "5.00000", "2011-12-31": 6, "2011-09-30": 2, "2011-06-30": 2, "2011-03-31": "3.00000", "2010-12-31": 2, "2010-09-30": 7, "2010-06-30": 0, "2010-03-31": "", "2009-12-31": 0}, "Common Stock Dividends Paid": {"2020-12-31": -46, "2020-09-30": -47, "2020-06-30": -47, "2020-03-31": "-48.00000", "2019-12-31": -43, "2019-09-30": -44, "2019-06-30": -43, "2019-03-31": "-44.00000", "2018-12-31": -38, "2018-09-30": -38, "2018-06-30": -38, "2018-03-31": "-38.00000", "2017-12-31": -33, "2017-09-30": -32, "2017-06-30": -32, "2017-03-31": "-33.00000", "2016-12-31": -28, "2016-09-30": -28, "2016-06-30": -28, "2016-03-31": "-28.00000", "2015-12-31": -25, "2015-09-30": -26, "2015-06-30": -25, "2015-03-31": "-26.00000", "2014-12-31": -23, "2014-09-30": -24, "2014-06-30": -23, "2014-03-31": "-24.00000", "2013-12-31": -22, "2013-09-30": -22, "2013-06-30": -21, "2013-03-31": "-22.00000", "2012-12-31": -19, "2012-09-30": -17, "2012-06-30": -20, "2012-03-31": "-19.00000", "2011-12-31": -19, "2011-09-30": 0, "2011-06-30": 0, "2011-03-31": "0.00000", "2010-12-31": 0, "2010-09-30": 0, "2010-06-30": 0, "2010-03-31": "", "2009-12-31": 0}}, "financial ratios": {"Current Ratio": {"2019-12-31": "1.63220", "2018-12-31": "1.50760", "2017-12-31": "1.88270", "2016-12-31": "1.48550", "2015-12-31": "2.43620", "2014-12-31": "2.28570", "2013-12-31": "2.35520", "2012-12-31": "2.39950", "2011-12-31": "2.01840", "2010-12-31": "2.05860", "2009-12-31": ""}, "Long-term Debt / Capital": {"2019-12-31": "0.40740", "2018-12-31": "0.42440", "2017-12-31": "0.46620", "2016-12-31": "0.48850", "2015-12-31": "0.36460", "2014-12-31": "0.35970", "2013-12-31": "0.34850", "2012-12-31": "0.36630", "2011-12-31": "0.39610", "2010-12-31": "0.00150", "2009-12-31": ""}, "Debt/Equity Ratio": {"2019-12-31": "0.78060", "2018-12-31": "0.82960", "2017-12-31": "0.87340", "2016-12-31": "1.07300", "2015-12-31": "0.61130", "2014-12-31": "0.60370", "2013-12-31": "0.55380", "2012-12-31": "0.58100", "2011-12-31": "0.65870", "2010-12-31": "0.00150", "2009-12-31": ""}, "Gross Margin": {"2019-12-31": "38.97890", "2018-12-31": "38.90920", "2017-12-31": "39.23940", "2016-12-31": "38.76960", "2015-12-31": "38.43420", "2014-12-31": "38.63640", "2013-12-31": "39.06700", "2012-12-31": "39.62020", "2011-12-31": "38.41700", "2010-12-31": "37.91380", "2009-12-31": "36.39870"}, "Operating Margin": {"2019-12-31": "9.25890", "2018-12-31": "12.56000", "2017-12-31": "11.72720", "2016-12-31": "10.81940", "2015-12-31": "12.29130", "2014-12-31": "11.82330", "2013-12-31": "9.46050", "2012-12-31": "11.68560", "2011-12-31": "10.38650", "2010-12-31": "12.11740", "2009-12-31": "9.68760"}, "EBIT Margin": {"2019-12-31": "9.25890", "2018-12-31": "12.56000", "2017-12-31": "11.72720", "2016-12-31": "10.81940", "2015-12-31": "12.29130", "2014-12-31": "11.82330", "2013-12-31": "9.46050", "2012-12-31": "11.68560", "2011-12-31": "10.38650", "2010-12-31": "12.11740", "2009-12-31": "9.68760"}, "EBITDA Margin": {"2019-12-31": "16.97470", "2018-12-31": "17.57250", "2017-12-31": "16.69850", "2016-12-31": "14.82370", "2015-12-31": "15.93210", "2014-12-31": "15.44940", "2013-12-31": "13.36980", "2012-12-31": "15.43130", "2011-12-31": "13.98900", "2010-12-31": "14.99060", "2009-12-31": "12.14460"}, "Pre-Tax Profit Margin": {"2019-12-31": "7.92530", "2018-12-31": "11.23490", "2017-12-31": "9.90010", "2016-12-31": "9.01620", "2015-12-31": "11.03200", "2014-12-31": "10.75080", "2013-12-31": "7.76650", "2012-12-31": "10.23480", "2011-12-31": "10.07100", "2010-12-31": "12.11740", "2009-12-31": "9.72270"}, "Net Profit Margin": {"2019-12-31": "7.63960", "2018-12-31": "10.54350", "2017-12-31": "7.03210", "2016-12-31": "6.89470", "2015-12-31": "9.30740", "2014-12-31": "8.60570", "2013-12-31": "5.94210", "2012-12-31": "7.83430", "2011-12-31": "7.33630", "2010-12-31": "10.27480", "2009-12-31": "9.23130"}, "Asset Turnover": {"2019-12-31": "0.68080", "2018-12-31": "0.72100", "2017-12-31": "0.68620", "2016-12-31": "0.58250", "2015-12-31": "0.78440", "2014-12-31": "0.81030", "2013-12-31": "0.78370", "2012-12-31": "0.81020", "2011-12-31": "0.86430", "2010-12-31": "0.85730", "2009-12-31": ""}, "Inventory Turnover Ratio": {"2019-12-31": "5.94250", "2018-12-31": "5.34620", "2017-12-31": "5.45800", "2016-12-31": "4.42340", "2015-12-31": "5.19400", "2014-12-31": "4.94440", "2013-12-31": "4.92210", "2012-12-31": "5.16700", "2011-12-31": "5.40880", "2010-12-31": "5.11050", "2009-12-31": ""}, "Receiveable Turnover": {"2019-12-31": "5.06660", "2018-12-31": "5.05040", "2017-12-31": "4.92360", "2016-12-31": "4.47330", "2015-12-31": "4.87720", "2014-12-31": "5.07910", "2013-12-31": "4.69650", "2012-12-31": "4.88530", "2011-12-31": "5.03040", "2010-12-31": "4.64060", "2009-12-31": ""}, "Days Sales In Receivables": {"2019-12-31": "72.04040", "2018-12-31": "72.27100", "2017-12-31": "74.13210", "2016-12-31": "81.59510", "2015-12-31": "74.83850", "2014-12-31": "71.86290", "2013-12-31": "77.71830", "2012-12-31": "74.71380", "2011-12-31": "72.55850", "2010-12-31": "78.65400", "2009-12-31": ""}, "ROE - Return On Equity": {"2019-12-31": "13.51530", "2018-12-31": "19.73400", "2017-12-31": "13.10040", "2016-12-31": "11.78070", "2015-12-31": "16.31480", "2014-12-31": "15.84390", "2013-12-31": "10.17400", "2012-12-31": "14.32020", "2011-12-31": "15.23760", "2010-12-31": "12.10000", "2009-12-31": ""}, "Return On Tangible Equity": {"2019-12-31": "-38.33650", "2018-12-31": "-38.49930", "2017-12-31": "-23.28860", "2016-12-31": "-15.99020", "2015-12-31": "523.07690", "2014-12-31": "1531.81800", "2013-12-31": "651.42850", "2012-12-31": "-521.05270", "2011-12-31": "-98.23940", "2010-12-31": "37.99080", "2009-12-31": ""}, "ROA - Return On Assets": {"2019-12-31": "5.20100", "2018-12-31": "7.60180", "2017-12-31": "4.81050", "2016-12-31": "4.01610", "2015-12-31": "7.30080", "2014-12-31": "6.97290", "2013-12-31": "4.65690", "2012-12-31": "6.34750", "2011-12-31": "6.34090", "2010-12-31": "8.80860", "2009-12-31": ""}, "ROI - Return On Investment": {"2019-12-31": "8.00880", "2018-12-31": "11.35940", "2017-12-31": "6.99300", "2016-12-31": "6.02550", "2015-12-31": "10.36590", "2014-12-31": "10.14450", "2013-12-31": "6.62790", "2012-12-31": "9.07420", "2011-12-31": "9.20180", "2010-12-31": "12.08230", "2009-12-31": ""}, "Book Value Per Share": {"2019-12-31": "16.46500", "2018-12-31": "15.48140", "2017-12-31": "14.00220", "2016-12-31": "12.29530", "2015-12-31": "11.68160", "2014-12-31": "11.66760", "2013-12-31": "12.13980", "2012-12-31": "11.16860", "2011-12-31": "9.91870", "2010-12-31": "14.72910", "2009-12-31": ""}, "Operating Cash Flow Per Share": {"2019-12-31": 1.3944, "2018-12-31": -0.5564, "2017-12-31": 1.0311, "2016-12-31": 0.2074, "2015-12-31": 0.2953, "2014-12-31": 0.5168, "2013-12-31": -0.3848, "2012-12-31": -0.2964, "2011-12-31": 0.283, "2010-12-31": 0.1355, "2009-12-31": 2.0043}, "Free Cash Flow Per Share": {"2019-12-31": 1.4559, "2018-12-31": -0.9308, "2017-12-31": 0.7801, "2016-12-31": 0.1681, "2015-12-31": 0.2865, "2014-12-31": 0.5266, "2013-12-31": -0.4552, "2012-12-31": -0.2504, "2011-12-31": 0.15, "2010-12-31": -0.0759, "2009-12-31": 1.7281}}, "financial ratios, quarterly": {"Current Ratio": {"2020-09-30": "2.58670", "2020-06-30": "2.40420", "2020-03-31": "1.55430", "2019-12-31": "1.63220", "2019-09-30": "1.54890", "2019-06-30": "1.46910", "2019-03-31": "1.44410", "2018-12-31": "1.50760", "2018-09-30": "1.48620", "2018-06-30": "1.42590", "2018-03-31": "1.41510", "2017-12-31": "1.88270", "2017-09-30": "1.75620", "2017-06-30": "1.63420", "2017-03-31": "1.56420", "2016-12-31": "1.48550", "2016-09-30": "2.48750", "2016-06-30": "2.44760", "2016-03-31": "1.79820", "2015-12-31": "2.43620", "2015-09-30": "2.47480", "2015-06-30": "2.45640", "2015-03-31": "2.36850", "2014-12-31": "2.28570", "2014-09-30": "2.38240", "2014-06-30": "2.38300", "2014-03-31": "2.32320", "2013-12-31": "2.35520", "2013-09-30": "2.36780", "2013-06-30": "2.41710", "2013-03-31": "2.43690", "2012-12-31": "2.39950", "2012-09-30": "2.33630", "2012-06-30": "2.24520", "2012-03-31": "2.11840", "2011-12-31": "2.01840", "2011-09-30": "2.21230", "2011-06-30": "", "2011-03-31": "", "2010-12-31": "2.05860", "2010-09-30": "", "2010-06-30": "", "2010-03-31": "", "2009-12-31": ""}, "Long-term Debt / Capital": {"2020-09-30": "0.51500", "2020-06-30": "0.51410", "2020-03-31": "0.41860", "2019-12-31": "0.40740", "2019-09-30": "0.41220", "2019-06-30": "0.41380", "2019-03-31": "0.42130", "2018-12-31": "0.42440", "2018-09-30": "0.45410", "2018-06-30": "0.46280", "2018-03-31": "0.46560", "2017-12-31": "0.46620", "2017-09-30": "0.46880", "2017-06-30": "0.47650", "2017-03-31": "0.48380", "2016-12-31": "0.48850", "2016-09-30": "0.34010", "2016-06-30": "0.34460", "2016-03-31": "0.34810", "2015-12-31": "0.36460", "2015-09-30": "0.36920", "2015-06-30": "0.36510", "2015-03-31": "0.37530", "2014-12-31": "0.35970", "2014-09-30": "0.35350", "2014-06-30": "0.34810", "2014-03-31": "0.34980", "2013-12-31": "0.34850", "2013-09-30": "0.35720", "2013-06-30": "0.36880", "2013-03-31": "0.37020", "2012-12-31": "0.36630", "2012-09-30": "0.36860", "2012-06-30": "0.38100", "2012-03-31": "0.38150", "2011-12-31": "0.39610", "2011-09-30": "0.38120", "2011-06-30": "", "2011-03-31": "", "2010-12-31": "0.00150", "2010-09-30": "", "2010-06-30": "", "2010-03-31": "", "2009-12-31": ""}, "Debt/Equity Ratio": {"2020-09-30": "1.07580", "2020-06-30": "1.13190", "2020-03-31": "0.88270", "2019-12-31": "0.78060", "2019-09-30": "0.80690", "2019-06-30": "0.84410", "2019-03-31": "0.83620", "2018-12-31": "0.82960", "2018-09-30": "0.96200", "2018-06-30": "1.00440", "2018-03-31": "1.01640", "2017-12-31": "0.87340", "2017-09-30": "0.92180", "2017-06-30": "1.01220", "2017-03-31": "1.05250", "2016-12-31": "1.07300", "2016-09-30": "0.54330", "2016-06-30": "0.56760", "2016-03-31": "0.86750", "2015-12-31": "0.61130", "2015-09-30": "0.62410", "2015-06-30": "0.61390", "2015-03-31": "0.64150", "2014-12-31": "0.60370", "2014-09-30": "0.56540", "2014-06-30": "0.55320", "2014-03-31": "0.55760", "2013-12-31": "0.55380", "2013-09-30": "0.55700", "2013-06-30": "0.58670", "2013-03-31": "0.59070", "2012-12-31": "0.58100", "2012-09-30": "0.59010", "2012-06-30": "0.61910", "2012-03-31": "0.61880", "2011-12-31": "0.65870", "2011-09-30": "0.61870", "2011-06-30": "", "2011-03-31": "", "2010-12-31": "0.00150", "2010-09-30": "", "2010-06-30": "", "2010-03-31": "", "2009-12-31": ""}, "Gross Margin": {"2020-09-30": "37.78690", "2020-06-30": "37.41380", "2020-03-31": "36.42030", "2019-12-31": "39.16850", "2019-09-30": "39.27470", "2019-06-30": "39.10780", "2019-03-31": "38.31850", "2018-12-31": "39.10530", "2018-09-30": "39.23850", "2018-06-30": "39.40780", "2018-03-31": "37.79790", "2017-12-31": "39.70240", "2017-09-30": "39.41420", "2017-06-30": "39.26120", "2017-03-31": "38.46870", "2016-12-31": "37.16900", "2016-09-30": "39.79930", "2016-06-30": "39.59230", "2016-03-31": "38.84300", "2015-12-31": "39.23540", "2015-09-30": "38.91350", "2015-06-30": "37.82610", "2015-03-31": "37.63440", "2014-12-31": "39.05950", "2014-09-30": "39.04470", "2014-06-30": "38.60700", "2014-03-31": "37.74830", "2013-12-31": "39.69020", "2013-09-30": "39.79280", "2013-06-30": "38.64580", "2013-03-31": "37.99770", "2012-12-31": "39.42210", "2012-09-30": "40.17190", "2012-06-30": "39.64800", "2012-03-31": "39.24320", "2011-12-31": "37.88630", "2011-09-30": "38.87110", "2011-06-30": "39.03190", "2011-03-31": "37.86520", "2010-12-31": "100.00000", "2010-09-30": "38.33750", "2010-06-30": "100.00000", "2010-03-31": "100.00000", "2009-12-31": ""}, "Operating Margin": {"2020-09-30": "5.98360", "2020-06-30": "4.65520", "2020-03-31": "5.43190", "2019-12-31": "14.22320", "2019-09-30": "0.84880", "2019-06-30": "12.71380", "2019-03-31": "8.81160", "2018-12-31": "13.99710", "2018-09-30": "13.67520", "2018-06-30": "12.98410", "2018-03-31": "9.28510", "2017-12-31": "13.86060", "2017-09-30": "12.71970", "2017-06-30": "11.76980", "2017-03-31": "8.02990", "2016-12-31": "10.13700", "2016-09-30": "12.15160", "2016-06-30": "11.69530", "2016-03-31": "9.32700", "2015-12-31": "14.28570", "2015-09-30": "13.30380", "2015-06-30": "11.30440", "2015-03-31": "9.91640", "2014-12-31": "13.53170", "2014-09-30": "13.49950", "2014-06-30": "11.54230", "2014-03-31": "8.38850", "2013-12-31": "12.48790", "2013-09-30": "10.15540", "2013-06-30": "7.29170", "2013-03-31": "7.50850", "2012-12-31": "10.73270", "2012-09-30": "11.92270", "2012-06-30": "13.35400", "2012-03-31": "10.70270", "2011-12-31": "9.97010", "2011-09-30": "8.41320", "2011-06-30": "11.94650", "2011-03-31": "11.23600", "2010-12-31": "100.00000", "2010-09-30": "13.27540", "2010-06-30": "100.00000", "2010-03-31": "100.00000", "2009-12-31": ""}, "EBIT Margin": {"2020-09-30": "5.98360", "2020-06-30": "4.65520", "2020-03-31": "5.43190", "2019-12-31": "14.22320", "2019-09-30": "0.84880", "2019-06-30": "12.71380", "2019-03-31": "8.81160", "2018-12-31": "13.99710", "2018-09-30": "13.67520", "2018-06-30": "12.98410", "2018-03-31": "9.28510", "2017-12-31": "13.86060", "2017-09-30": "12.71970", "2017-06-30": "11.76980", "2017-03-31": "8.02990", "2016-12-31": "10.13700", "2016-09-30": "12.15160", "2016-06-30": "11.69530", "2016-03-31": "9.32700", "2015-12-31": "14.28570", "2015-09-30": "13.30380", "2015-06-30": "11.30440", "2015-03-31": "9.91640", "2014-12-31": "13.53170", "2014-09-30": "13.49950", "2014-06-30": "11.54230", "2014-03-31": "8.38850", "2013-12-31": "12.48790", "2013-09-30": "10.15540", "2013-06-30": "7.29170", "2013-03-31": "7.50850", "2012-12-31": "10.73270", "2012-09-30": "11.92270", "2012-06-30": "13.35400", "2012-03-31": "10.70270", "2011-12-31": "9.97010", "2011-09-30": "8.41320", "2011-06-30": "11.94650", "2011-03-31": "11.23600", "2010-12-31": "100.00000", "2010-09-30": "13.27540", "2010-06-30": "100.00000", "2010-03-31": "100.00000", "2009-12-31": ""}, "EBITDA Margin": {"2020-09-30": "", "2020-06-30": "", "2020-03-31": "", "2019-12-31": "", "2019-09-30": "", "2019-06-30": "", "2019-03-31": "", "2018-12-31": "", "2018-09-30": "", "2018-06-30": "", "2018-03-31": "", "2017-12-31": "", "2017-09-30": "", "2017-06-30": "", "2017-03-31": "", "2016-12-31": "", "2016-09-30": "", "2016-06-30": "", "2016-03-31": "", "2015-12-31": "", "2015-09-30": "", "2015-06-30": "", "2015-03-31": "", "2014-12-31": "", "2014-09-30": "", "2014-06-30": "", "2014-03-31": "", "2013-12-31": "", "2013-09-30": "", "2013-06-30": "", "2013-03-31": "", "2012-12-31": "", "2012-09-30": "", "2012-06-30": "", "2012-03-31": "", "2011-12-31": "", "2011-09-30": "", "2011-06-30": "", "2011-03-31": "", "2010-12-31": "", "2010-09-30": "", "2010-06-30": "", "2010-03-31": "", "2009-12-31": ""}, "Pre-Tax Profit Margin": {"2020-09-30": "4.09840", "2020-06-30": "3.01720", "2020-03-31": "3.74000", "2019-12-31": "12.98320", "2019-09-30": "-0.92590", "2019-06-30": "11.59850", "2019-03-31": "7.59900", "2018-12-31": "12.91490", "2018-09-30": "12.50970", "2018-06-30": "11.38950", "2018-03-31": "7.80610", "2017-12-31": "11.27640", "2017-09-30": "10.96230", "2017-06-30": "10.39520", "2017-03-31": "6.53590", "2016-12-31": "8.21920", "2016-09-30": "10.59090", "2016-06-30": "9.65670", "2016-03-31": "7.67410", "2015-12-31": "12.87730", "2015-09-30": "11.86250", "2015-06-30": "9.89130", "2015-03-31": "9.19950", "2014-12-31": "12.28410", "2014-09-30": "13.29180", "2014-06-30": "10.34830", "2014-03-31": "6.73290", "2013-12-31": "10.35820", "2013-09-30": "8.60100", "2013-06-30": "5.93750", "2013-03-31": "5.80200", "2012-12-31": "9.18470", "2012-09-30": "10.74110", "2012-06-30": "11.90480", "2012-03-31": "9.08110", "2011-12-31": "8.47460", "2011-09-30": "8.73270", "2011-06-30": "11.84350", "2011-03-31": "11.34830", "2010-12-31": "100.00000", "2010-09-30": "13.64760", "2010-06-30": "100.00000", "2010-03-31": "100.00000", "2009-12-31": ""}, "Net Profit Margin": {"2020-09-30": "3.03280", "2020-06-30": "2.67240", "2020-03-31": "3.38380", "2019-12-31": "8.60690", "2019-09-30": "5.01540", "2019-06-30": "10.33460", "2019-03-31": "6.38640", "2018-12-31": "16.23380", "2018-09-30": "10.10100", "2018-06-30": "8.73200", "2018-03-31": "6.49140", "2017-12-31": "5.55990", "2017-09-30": "8.78660", "2017-06-30": "8.50520", "2017-03-31": "5.22880", "2016-12-31": "4.56620", "2016-09-30": "8.13820", "2016-06-30": "7.61800", "2016-03-31": "7.79220", "2015-12-31": "11.46880", "2015-09-30": "9.75610", "2015-06-30": "8.04350", "2015-03-31": "7.64640", "2014-12-31": "9.21310", "2014-09-30": "11.00730", "2014-06-30": "8.55720", "2014-03-31": "5.40840", "2013-12-31": "6.58280", "2013-09-30": "7.56480", "2013-06-30": "4.79170", "2013-03-31": "4.66440", "2012-12-31": "7.53350", "2012-09-30": "7.73360", "2012-06-30": "9.21330", "2012-03-31": "6.81080", "2011-12-31": "5.18440", "2011-09-30": "8.20020", "2011-06-30": "7.41500", "2011-03-31": "8.76400", "2010-12-31": "10.37430", "2010-09-30": "11.29030", "2010-06-30": "10.77310", "2010-03-31": "8.00000", "2009-12-31": ""}, "Asset Turnover": {"2020-09-30": "0.14440", "2020-06-30": "0.13740", "2020-03-31": "0.14790", "2019-12-31": "0.17780", "2019-09-30": "0.17250", "2019-06-30": "0.17530", "2019-03-31": "0.16560", "2018-12-31": "0.19190", "2018-09-30": "0.17570", "2018-06-30": "0.18210", "2018-03-31": "0.16560", "2017-12-31": "0.18620", "2017-09-30": "0.17620", "2017-06-30": "0.17360", "2017-03-31": "0.16410", "2016-12-31": "0.16910", "2016-09-30": "0.18770", "2016-06-30": "0.19860", "2016-03-31": "0.15970", "2015-12-31": "0.21340", "2015-09-30": "0.19420", "2015-06-30": "0.19500", "2015-03-31": "0.18120", "2014-12-31": "0.21560", "2014-09-30": "0.20000", "2014-06-30": "0.20510", "2014-03-31": "0.18540", "2013-12-31": "0.21100", "2013-09-30": "0.20170", "2013-06-30": "0.20820", "2013-03-31": "0.19150", "2012-12-31": "0.20710", "2012-09-30": "0.20260", "2012-06-30": "0.21550", "2012-03-31": "0.20500", "2011-12-31": "0.22800", "2011-09-30": "0.22620", "2011-06-30": "", "2011-03-31": "", "2010-12-31": "0.25030", "2010-09-30": "", "2010-06-30": "", "2010-03-31": "", "2009-12-31": ""}, "Inventory Turnover Ratio": {"2020-09-30": "1.30410", "2020-06-30": "1.22020", "2020-03-31": "1.24610", "2019-12-31": "1.54730", "2019-09-30": "1.35690", "2019-06-30": "1.35600", "2019-03-31": "1.23660", "2018-12-31": "1.41850", "2018-09-30": "1.25720", "2018-06-30": "1.33440", "2018-03-31": "1.30970", "2017-12-31": "1.46950", "2017-09-30": "1.28830", "2017-06-30": "1.27620", "2017-03-31": "1.22040", "2016-12-31": "1.31800", "2016-09-30": "1.10660", "2016-06-30": "1.16560", "2016-03-31": "1.07470", "2015-12-31": "1.39490", "2015-09-30": "1.15510", "2015-06-30": "1.14860", "2015-03-31": "1.03980", "2014-12-31": "1.30660", "2014-09-30": "1.13760", "2014-06-30": "1.17080", "2014-03-31": "1.09300", "2013-12-31": "1.31160", "2013-09-30": "1.17140", "2013-06-30": "1.25050", "2013-03-31": "1.18220", "2012-12-31": "1.32510", "2012-09-30": "1.19270", "2012-06-30": "1.24840", "2012-03-31": "1.20860", "2011-12-31": "1.43880", "2011-09-30": "1.31350", "2011-06-30": "", "2011-03-31": "", "2010-12-31": "", "2010-09-30": "", "2010-06-30": "", "2010-03-31": "", "2009-12-31": ""}, "Receiveable Turnover": {"2020-09-30": "1.26030", "2020-06-30": "1.21340", "2020-03-31": "1.15180", "2019-12-31": "1.32340", "2019-09-30": "1.20220", "2019-06-30": "1.22720", "2019-03-31": "1.21270", "2018-12-31": "1.34430", "2018-09-30": "1.26550", "2018-06-30": "1.29240", "2018-03-31": "1.21820", "2017-12-31": "1.33580", "2017-09-30": "1.20710", "2017-06-30": "1.23310", "2017-03-31": "1.23390", "2016-12-31": "1.29890", "2016-09-30": "1.13260", "2016-06-30": "1.18880", "2016-03-31": "1.12630", "2015-12-31": "1.32710", "2015-09-30": "1.18370", "2015-06-30": "1.19170", "2015-03-31": "1.13410", "2014-12-31": "1.35150", "2014-09-30": "1.19780", "2014-06-30": "1.21080", "2014-03-31": "1.12830", "2013-12-31": "1.26440", "2013-09-30": "1.14200", "2013-06-30": "1.21210", "2013-03-31": "1.14600", "2012-12-31": "1.24870", "2012-09-30": "1.16230", "2012-06-30": "1.25450", "2012-03-31": "1.21550", "2011-12-31": "1.32670", "2011-09-30": "1.24700", "2011-06-30": "", "2011-03-31": "", "2010-12-31": "1.35510", "2010-09-30": "", "2010-06-30": "", "2010-03-31": "", "2009-12-31": ""}, "Days Sales In Receivables": {"2020-09-30": "71.40980", "2020-06-30": "74.17240", "2020-03-31": "78.13890", "2019-12-31": "68.00880", "2019-09-30": "74.86110", "2019-06-30": "73.33830", "2019-03-31": "74.21180", "2018-12-31": "66.94810", "2018-09-30": "71.11890", "2018-06-30": "69.63550", "2018-03-31": "73.87840", "2017-12-31": "67.37670", "2017-09-30": "74.56070", "2017-06-30": "72.98970", "2017-03-31": "72.94120", "2016-12-31": "69.28770", "2016-09-30": "79.46490", "2016-06-30": "75.70820", "2016-03-31": "79.90560", "2015-12-31": "67.81690", "2015-09-30": "76.03100", "2015-06-30": "75.52170", "2015-03-31": "79.35480", "2014-12-31": "66.59310", "2014-09-30": "75.14020", "2014-06-30": "74.32840", "2014-03-31": "79.76820", "2013-12-31": "71.18100", "2013-09-30": "78.80830", "2013-06-30": "74.25000", "2013-03-31": "78.53240", "2012-12-31": "72.07430", "2012-09-30": "77.43290", "2012-06-30": "71.73910", "2012-03-31": "74.04320", "2011-12-31": "67.83650", "2011-09-30": "72.17250", "2011-06-30": "", "2011-03-31": "", "2010-12-31": "66.41710", "2010-09-30": "", "2010-06-30": "", "2010-03-31": "", "2009-12-31": ""}, "ROE - Return On Equity": {"2020-09-30": "1.28700", "2020-06-30": "1.08200", "2020-03-31": "1.34700", "2019-12-31": "3.97710", "2019-09-30": "2.24530", "2019-06-30": "4.78320", "2019-03-31": "2.81340", "2018-12-31": "8.08770", "2018-09-30": "4.94110", "2018-06-30": "4.54730", "2018-03-31": "3.08960", "2017-12-31": "2.77890", "2017-09-30": "4.19350", "2017-06-30": "4.19820", "2017-03-31": "2.46910", "2016-12-31": "2.26550", "2016-09-30": "3.27800", "2016-06-30": "3.26590", "2016-03-31": "3.05700", "2015-12-31": "5.47030", "2015-09-30": "4.30740", "2015-06-30": "3.55770", "2015-03-31": "3.21770", "2014-12-31": "4.51340", "2014-09-30": "4.83360", "2014-06-30": "3.83070", "2014-03-31": "2.19830", "2013-12-31": "3.03440", "2013-09-30": "3.38280", "2013-06-30": "2.24170", "2013-03-31": "2.00980", "2012-12-31": "3.51980", "2012-09-30": "3.50540", "2012-06-30": "4.56880", "2012-03-31": "3.23240", "2011-12-31": "2.84000", "2011-09-30": "3.94670", "2011-06-30": "", "2011-03-31": "", "2010-12-31": "3.56750", "2010-09-30": "", "2010-06-30": "", "2010-03-31": "", "2009-12-31": ""}, "Return On Tangible Equity": {"2020-09-30": "-3.66340", "2020-06-30": "-2.91630", "2020-03-31": "-3.42340", "2019-12-31": "-11.28110", "2019-09-30": "-5.93070", "2019-06-30": "-10.65950", "2019-03-31": "-5.64690", "2018-12-31": "-15.77840", "2018-09-30": "-7.94620", "2018-06-30": "-6.62440", "2018-03-31": "-4.32170", "2017-12-31": "-4.94000", "2017-09-30": "-7.24740", "2017-06-30": "-6.58330", "2017-03-31": "-3.54430", "2016-12-31": "-3.07500", "2016-09-30": "45.06170", "2016-06-30": "67.61910", "2016-03-31": "104.76190", "2015-12-31": "175.38460", "2015-09-30": "352.00000", "2015-06-30": "160.86960", "2015-03-31": "-164.10260", "2014-12-31": "436.36360", "2014-09-30": "135.89740", "2014-06-30": "156.36360", "2014-03-31": "163.33330", "2013-12-31": "194.28570", "2013-09-30": "-169.76740", "2013-06-30": "-38.33330", "2013-03-31": "-30.82710", "2012-12-31": "-128.07020", "2012-09-30": "-138.46150", "2012-06-30": "-64.49280", "2012-03-31": "-34.23910", "2011-12-31": "-18.30990", "2011-09-30": "-38.30850", "2011-06-30": "", "2011-03-31": "", "2010-12-31": "11.20090", "2010-09-30": "", "2010-06-30": "", "2010-03-31": "", "2009-12-31": ""}, "ROA - Return On Assets": {"2020-09-30": "0.43800", "2020-06-30": "0.36710", "2020-03-31": "0.50060", "2019-12-31": "1.53050", "2019-09-30": "0.86490", "2019-06-30": "1.81130", "2019-03-31": "1.05780", "2018-12-31": "3.11550", "2018-09-30": "1.77450", "2018-06-30": "1.59020", "2018-03-31": "1.07480", "2017-12-31": "1.02040", "2017-09-30": "1.53320", "2017-06-30": "1.49100", "2017-03-31": "0.85800", "2016-12-31": "0.77230", "2016-09-30": "1.52780", "2016-06-30": "1.51260", "2016-03-31": "1.24430", "2015-12-31": "2.44790", "2015-09-30": "1.89450", "2015-06-30": "1.56810", "2015-03-31": "1.38530", "2014-12-31": "1.98630", "2014-09-30": "2.20190", "2014-06-30": "1.75510", "2014-03-31": "1.00270", "2013-12-31": "1.38890", "2013-09-30": "1.52590", "2013-06-30": "0.99760", "2013-03-31": "0.89340", "2012-12-31": "1.56020", "2012-09-30": "1.56660", "2012-06-30": "1.98570", "2012-03-31": "1.39600", "2011-12-31": "1.18180", "2011-09-30": "1.85500", "2011-06-30": "", "2011-03-31": "", "2010-12-31": "2.59710", "2010-09-30": "", "2010-06-30": "", "2010-03-31": "", "2009-12-31": ""}, "ROI - Return On Investment": {"2020-09-30": "0.62420", "2020-06-30": "0.52580", "2020-03-31": "0.78320", "2019-12-31": "2.35670", "2019-09-30": "1.31980", "2019-06-30": "2.80410", "2019-03-31": "1.62820", "2018-12-31": "4.65550", "2018-09-30": "2.69710", "2018-06-30": "2.44270", "2018-03-31": "1.65100", "2017-12-31": "1.48340", "2017-09-30": "2.22750", "2017-06-30": "2.19780", "2017-03-31": "1.27450", "2016-12-31": "1.15870", "2016-09-30": "2.16300", "2016-06-30": "2.14050", "2016-03-31": "1.99280", "2015-12-31": "3.47560", "2015-09-30": "2.71690", "2015-06-30": "2.25890", "2015-03-31": "2.01010", "2014-12-31": "2.88980", "2014-09-30": "3.12500", "2014-06-30": "2.49710", "2014-03-31": "1.42940", "2013-12-31": "1.97670", "2013-09-30": "2.17460", "2013-06-30": "1.41490", "2013-03-31": "1.26580", "2012-12-31": "2.23040", "2012-09-30": "2.21330", "2012-06-30": "2.82810", "2012-03-31": "1.99940", "2011-12-31": "1.71500", "2011-09-30": "2.44210", "2011-06-30": "", "2011-03-31": "", "2010-12-31": "3.56220", "2010-09-30": "", "2010-06-30": "", "2010-03-31": "", "2009-12-31": ""}, "Book Value Per Share": {"2020-09-30": "15.96340", "2020-06-30": "15.91670", "2020-03-31": "15.68090", "2019-12-31": "16.46500", "2019-09-30": "16.07440", "2019-06-30": "16.13550", "2019-03-31": "15.60870", "2018-12-31": "15.48140", "2018-09-30": "14.64110", "2018-06-30": "14.08130", "2018-03-31": "14.20560", "2017-12-31": "14.00220", "2017-09-30": "13.80850", "2017-06-30": "13.27020", "2017-03-31": "12.62100", "2016-12-31": "12.29530", "2016-09-30": "12.41360", "2016-06-30": "12.13170", "2016-03-31": "12.06820", "2015-12-31": "11.68160", "2015-09-30": "11.38800", "2015-06-30": "11.46010", "2015-03-31": "10.97080", "2014-12-31": "11.66760", "2014-09-30": "12.05610", "2014-06-30": "12.28790", "2014-03-31": "12.12730", "2013-12-31": "12.13980", "2013-09-30": "11.69650", "2013-06-30": "11.07390", "2013-03-31": "11.00920", "2012-12-31": "11.16860", "2012-09-30": "11.05490", "2012-06-30": "10.49570", "2012-03-31": "10.51810", "2011-12-31": "9.91870", "2011-09-30": "10.57050", "2011-06-30": "", "2011-03-31": "", "2010-12-31": "14.72910", "2010-09-30": "", "2010-06-30": "", "2010-03-31": "", "2009-12-31": ""}, "Operating Cash Flow Per Share": {"2020-09-30": 1.5172, "2020-06-30": 1.0021, "2020-03-31": "-0.01100", "2019-12-31": 2.1412, "2019-09-30": 1.3521, "2019-06-30": 0.6786, "2019-03-31": "0.45830", "2018-12-31": 1.0933, "2018-09-30": 1.032, "2018-06-30": 0.7632, "2018-03-31": "0.34730", "2017-12-31": 1.6971, "2017-09-30": 1.259, "2017-06-30": 0.5483, "2017-03-31": "0.28780", "2016-12-31": 1.2415, "2016-09-30": 0.8248, "2016-06-30": 0.4661, "2016-03-31": "0.22870", "2015-12-31": 1.122, "2015-09-30": 0.757, "2015-06-30": 0.4617, "2015-03-31": "0.21300", "2014-12-31": 0.8791, "2014-09-30": 0.8482, "2014-06-30": 0.4127, "2014-03-31": "0.11840", "2013-12-31": 0.8653, "2013-09-30": 0.5432, "2013-06-30": 0.2258, "2013-03-31": "0.10730", "2012-12-31": 0.8921, "2012-09-30": 0.5632, "2012-06-30": 0.343, "2012-03-31": "0.32810", "2011-12-31": 1.0577, "2011-09-30": 0.4929, "2011-06-30": 0.4876, "2011-03-31": "0.38460", "2010-12-31": 2.1398, "2010-09-30": 0, "2010-06-30": 0, "2010-03-31": "", "2009-12-31": 0}, "Free Cash Flow Per Share": {"2020-09-30": 1.2973, "2020-06-30": 0.7574, "2020-03-31": "-0.29230", "2019-12-31": 1.8598, "2019-09-30": 1.0983, "2019-06-30": 0.3476, "2019-03-31": "0.07730", "2018-12-31": 0.7289, "2018-09-30": 0.701, "2018-06-30": 0.4862, "2018-03-31": "0.01100", "2017-12-31": 1.3598, "2017-09-30": 1.0884, "2017-06-30": 0.3599, "2017-03-31": "0.04980", "2016-12-31": 1.0573, "2016-09-30": 0.6703, "2016-06-30": 0.3279, "2016-03-31": "0.02230", "2015-12-31": 0.902, "2015-09-30": 0.6457, "2015-06-30": 0.3511, "2015-03-31": "0.01090", "2014-12-31": 0.6528, "2014-09-30": 0.694, "2014-06-30": 0.2872, "2014-03-31": "-0.01080", "2013-12-31": 0.6719, "2013-09-30": 0.3978, "2013-06-30": 0.0644, "2013-03-31": "-0.03750", "2012-12-31": 0.7308, "2012-09-30": 0.4398, "2012-06-30": 0.2091, "2012-03-31": "0.17210", "2011-12-31": 0.8163, "2011-09-30": 0.3738, "2011-06-30": 0.3196, "2011-03-31": "0.29250", "2010-12-31": 1.6522, "2010-09-30": 0, "2010-06-30": 0, "2010-03-31": "", "2009-12-31": 0}}, "revenue": {"Xylem Annual Revenue (Millions of US $)": {"2020": "$4,876", "2019": "$5,249", "2018": "$5,207", "2017": "$4,707", "2016": "$3,771", "2015": "$3,653", "2014": "$3,916", "2013": "$3,837", "2012": "$3,791", "2011": "$3,803", "2010": "$3,202", "2009": "$2,849"}, "Xylem Quarterly Revenue (Millions of US $)": {"2020-12-31": "", "2020-09-30": "$1,220", "2020-06-30": "$1,160", "2020-03-31": "$1,123", "2019-12-31": "$1,371", "2019-09-30": "$1,296", "2019-06-30": "$1,345", "2019-03-31": "$1,237", "2018-12-31": "$1,386", "2018-09-30": "$1,287", "2018-06-30": "$1,317", "2018-03-31": "$1,217", "2017-12-31": "$1,277", "2017-09-30": "$1,195", "2017-06-30": "$1,164", "2017-03-31": "$1,071", "2016-12-31": "$1,095", "2016-09-30": "$897", "2016-06-30": "$932", "2016-03-31": "$847", "2015-12-31": "$994", "2015-09-30": "$902", "2015-06-30": "$920", "2015-03-31": "$837", "2014-12-31": "$1,042", "2014-09-30": "$963", "2014-06-30": "$1,005", "2014-03-31": "$906", "2013-12-31": "$1,033", "2013-09-30": "$965", "2013-06-30": "$960", "2013-03-31": "$879", "2012-12-31": "$969", "2012-09-30": "$931", "2012-06-30": "$966", "2012-03-31": "$925", "2011-12-31": "$1,003", "2011-09-30": "$939", "2011-06-30": "$971", "2011-03-31": "$890", "2010-12-31": "$935", "2010-09-30": "$806", "2010-06-30": "$789", "2010-03-31": "$700", "2009-12-31": ""}}, "gross-profit": {"Xylem Annual Gross Profit (Millions of US $)": {"2020": "$1,830", "2019": "$2,046", "2018": "$2,026", "2017": "$1,847", "2016": "$1,462", "2015": "$1,404", "2014": "$1,513", "2013": "$1,499", "2012": "$1,502", "2011": "$1,461", "2010": "$1,214", "2009": "$1,037"}, "Xylem Quarterly Gross Profit (Millions of US $)": {"2020-12-31": "", "2020-09-30": "$461", "2020-06-30": "$434", "2020-03-31": "$409", "2019-12-31": "$537", "2019-09-30": "$509", "2019-06-30": "$526", "2019-03-31": "$474", "2018-12-31": "$542", "2018-09-30": "$505", "2018-06-30": "$519", "2018-03-31": "$460", "2017-12-31": "$507", "2017-09-30": "$471", "2017-06-30": "$457", "2017-03-31": "$412", "2016-12-31": "$407", "2016-09-30": "$357", "2016-06-30": "$369", "2016-03-31": "$329", "2015-12-31": "$390", "2015-09-30": "$351", "2015-06-30": "$348", "2015-03-31": "$315", "2014-12-31": "$407", "2014-09-30": "$376", "2014-06-30": "$388", "2014-03-31": "$342", "2013-12-31": "$410", "2013-09-30": "$384", "2013-06-30": "$371", "2013-03-31": "$334", "2012-12-31": "$382", "2012-09-30": "$374", "2012-06-30": "$383", "2012-03-31": "$363", "2011-12-31": "$380", "2011-09-30": "$365", "2011-06-30": "$379", "2011-03-31": "$337", "2010-12-31": "$935", "2010-09-30": "$309", "2010-06-30": "$789", "2010-03-31": "$700", "2009-12-31": ""}}, "operating-income": {"Xylem Annual Operating Income (Millions of US $)": {"2020": "$367", "2019": "$486", "2018": "$654", "2017": "$552", "2016": "$408", "2015": "$449", "2014": "$463", "2013": "$363", "2012": "$443", "2011": "$395", "2010": "$388", "2009": "$276"}, "Xylem Quarterly Operating Income (Millions of US $)": {"2020-12-31": "", "2020-09-30": "$73", "2020-06-30": "$54", "2020-03-31": "$61", "2019-12-31": "$195", "2019-09-30": "$11", "2019-06-30": "$171", "2019-03-31": "$109", "2018-12-31": "$194", "2018-09-30": "$176", "2018-06-30": "$171", "2018-03-31": "$113", "2017-12-31": "$177", "2017-09-30": "$152", "2017-06-30": "$137", "2017-03-31": "$86", "2016-12-31": "$111", "2016-09-30": "$109", "2016-06-30": "$109", "2016-03-31": "$79", "2015-12-31": "$142", "2015-09-30": "$120", "2015-06-30": "$104", "2015-03-31": "$83", "2014-12-31": "$141", "2014-09-30": "$130", "2014-06-30": "$116", "2014-03-31": "$76", "2013-12-31": "$129", "2013-09-30": "$98", "2013-06-30": "$70", "2013-03-31": "$66", "2012-12-31": "$104", "2012-09-30": "$111", "2012-06-30": "$129", "2012-03-31": "$99", "2011-12-31": "$100", "2011-09-30": "$79", "2011-06-30": "$116", "2011-03-31": "$100", "2010-12-31": "$935", "2010-09-30": "$107", "2010-06-30": "$789", "2010-03-31": "$700", "2009-12-31": ""}}, "ebitda": {"Xylem Annual EBITDA (Millions of US $)": {"2019": "$891", "2018": "$915", "2017": "$786", "2016": "$559", "2015": "$582", "2014": "$605", "2013": "$513", "2012": "$585", "2011": "$532", "2010": "$480", "2009": "$346"}, "Xylem Quarterly EBITDA (Millions of US $)": {"2020-09-30": "$194", "2020-06-30": "$116", "2020-03-31": "$125", "2019-12-31": "$260", "2019-09-30": "$224", "2019-06-30": "$234", "2019-03-31": "$173", "2018-12-31": "$260", "2018-09-30": "$239", "2018-06-30": "$236", "2018-03-31": "$180", "2017-12-31": "$237", "2017-09-30": "$210", "2017-06-30": "$194", "2017-03-31": "$145", "2016-12-31": "$165", "2016-09-30": "$141", "2016-06-30": "$142", "2016-03-31": "$111", "2015-12-31": "$173", "2015-09-30": "$153", "2015-06-30": "$138", "2015-03-31": "$118", "2014-12-31": "$176", "2014-09-30": "$165", "2014-06-30": "$152", "2014-03-31": "$112", "2013-12-31": "$169", "2013-09-30": "$134", "2013-06-30": "$107", "2013-03-31": "$103", "2012-12-31": "$143", "2012-09-30": "$147", "2012-06-30": "$162", "2012-03-31": "$133", "2011-12-31": "$133", "2011-09-30": "$115", "2011-06-30": "$151", "2011-03-31": "$133", "2010-12-31": "$960", "2010-09-30": "$107", "2010-06-30": "$789", "2010-03-31": "$700", "2009-12-31": ""}}, "net-income": {"Xylem Annual Net Income (Millions of US $)": {"2020": "$254", "2019": "$401", "2018": "$549", "2017": "$331", "2016": "$260", "2015": "$340", "2014": "$337", "2013": "$228", "2012": "$297", "2011": "$279", "2010": "$329", "2009": "$263"}, "Xylem Quarterly Net Income (Millions of US $)": {"2020-12-31": "", "2020-09-30": "$37", "2020-06-30": "$31", "2020-03-31": "$38", "2019-12-31": "$118", "2019-09-30": "$65", "2019-06-30": "$139", "2019-03-31": "$79", "2018-12-31": "$225", "2018-09-30": "$130", "2018-06-30": "$115", "2018-03-31": "$79", "2017-12-31": "$71", "2017-09-30": "$105", "2017-06-30": "$99", "2017-03-31": "$56", "2016-12-31": "$50", "2016-09-30": "$73", "2016-06-30": "$71", "2016-03-31": "$66", "2015-12-31": "$114", "2015-09-30": "$88", "2015-06-30": "$74", "2015-03-31": "$64", "2014-12-31": "$96", "2014-09-30": "$106", "2014-06-30": "$86", "2014-03-31": "$49", "2013-12-31": "$68", "2013-09-30": "$73", "2013-06-30": "$46", "2013-03-31": "$41", "2012-12-31": "$73", "2012-09-30": "$72", "2012-06-30": "$89", "2012-03-31": "$63", "2011-12-31": "$52", "2011-09-30": "$77", "2011-06-30": "$72", "2011-03-31": "$78", "2010-12-31": "$97", "2010-09-30": "$91", "2010-06-30": "$85", "2010-03-31": "$56", "2009-12-31": ""}}, "eps-earnings-per-share-diluted": {"Xylem Annual EPS": {"2020": "$1.40", "2019": "$2.21", "2018": "$3.03", "2017": "$1.83", "2016": "$1.45", "2015": "$1.87", "2014": "$1.83", "2013": "$1.22", "2012": "$1.59", "2011": "$1.50", "2010": "$1.78", "2009": "$1.42"}, "Xylem Quarterly EPS": {"2020-12-31": "$0.00", "2020-09-30": "$0.20", "2020-06-30": "$0.17", "2020-03-31": "$0.21", "2019-12-31": "$0.65", "2019-09-30": "$0.36", "2019-06-30": "$0.77", "2019-03-31": "$0.43", "2018-12-31": "$1.24", "2018-09-30": "$0.72", "2018-06-30": "$0.64", "2018-03-31": "$0.43", "2017-12-31": "$0.39", "2017-09-30": "$0.58", "2017-06-30": "$0.55", "2017-03-31": "$0.31", "2016-12-31": "$0.28", "2016-09-30": "$0.41", "2016-06-30": "$0.39", "2016-03-31": "$0.37", "2015-12-31": "$0.63", "2015-09-30": "$0.48", "2015-06-30": "$0.41", "2015-03-31": "$0.35", "2014-12-31": "$0.51", "2014-09-30": "$0.58", "2014-06-30": "$0.47", "2014-03-31": "$0.27", "2013-12-31": "$0.36", "2013-09-30": "$0.39", "2013-06-30": "$0.25", "2013-03-31": "$0.22", "2012-12-31": "$0.39", "2012-09-30": "$0.38", "2012-06-30": "$0.48", "2012-03-31": "$0.34", "2011-12-31": "$0.27", "2011-09-30": "$0.42", "2011-06-30": "$0.39", "2011-03-31": "$0.42", "2010-12-31": "$0.53", "2010-09-30": "$0.00", "2010-06-30": "$0.46", "2010-03-31": "$0.30", "2009-12-31": "$0.00"}}, "shares-outstanding": {"Xylem Annual Shares Outstanding (Millions of Shares)": {"2020": "181", "2019": "181", "2018": "181", "2017": "181", "2016": "180", "2015": "182", "2014": "184", "2013": "186", "2012": "186", "2011": "185", "2010": "185", "2009": "185"}, "Xylem Quarterly Shares Outstanding (Millions of Shares)": {"2020-12-31": "", "2020-09-30": "181", "2020-06-30": "181", "2020-03-31": "181", "2019-12-31": "181", "2019-09-30": "181", "2019-06-30": "181", "2019-03-31": "181", "2018-12-31": "181", "2018-09-30": "181", "2018-06-30": "181", "2018-03-31": "181", "2017-12-31": "181", "2017-09-30": "181", "2017-06-30": "181", "2017-03-31": "181", "2016-12-31": "180", "2016-09-30": "180", "2016-06-30": "180", "2016-03-31": "179", "2015-12-31": "182", "2015-09-30": "182", "2015-06-30": "182", "2015-03-31": "183", "2014-12-31": "184", "2014-09-30": "183", "2014-06-30": "185", "2014-03-31": "186", "2013-12-31": "186", "2013-09-30": "186", "2013-06-30": "186", "2013-03-31": "186", "2012-12-31": "186", "2012-09-30": "186", "2012-06-30": "186", "2012-03-31": "186", "2011-12-31": "185", "2011-09-30": "185", "2011-06-30": "185", "2011-03-31": "185", "2010-12-31": "185", "2010-09-30": "", "2010-06-30": "185", "2010-03-31": "187", "2009-12-31": ""}}, "total-assets": {"Xylem Annual Total Assets (Millions of US $)": {"2019": "$7,710", "2018": "$7,222", "2017": "$6,860", "2016": "$6,474", "2015": "$4,657", "2014": "$4,833", "2013": "$4,896", "2012": "$4,679", "2011": "$4,400", "2010": "$3,735", "2009": "$0"}, "Xylem Quarterly Total Assets (Millions of US $)": {"2020-09-30": "$8,448", "2020-06-30": "$8,444", "2020-03-31": "$7,591", "2019-12-31": "$7,710", "2019-09-30": "$7,515", "2019-06-30": "$7,674", "2019-03-31": "$7,468", "2018-12-31": "$7,222", "2018-09-30": "$7,326", "2018-06-30": "$7,232", "2018-03-31": "$7,350", "2017-12-31": "$6,860", "2017-09-30": "$6,783", "2017-06-30": "$6,707", "2017-03-31": "$6,527", "2016-12-31": "$6,474", "2016-09-30": "$4,778", "2016-06-30": "$4,694", "2016-03-31": "$5,304", "2015-12-31": "$4,657", "2015-09-30": "$4,645", "2015-06-30": "$4,719", "2015-03-31": "$4,620", "2014-12-31": "$4,833", "2014-09-30": "$4,814", "2014-06-30": "$4,900", "2014-03-31": "$4,887", "2013-12-31": "$4,896", "2013-09-30": "$4,784", "2013-06-30": "$4,611", "2013-03-31": "$4,589", "2012-12-31": "$4,679", "2012-09-30": "$4,596", "2012-06-30": "$4,482", "2012-03-31": "$4,513", "2011-12-31": "$4,400", "2011-09-30": "$4,151", "2011-06-30": "$0", "2011-03-31": "$0", "2010-12-31": "$3,735", "2010-09-30": "$0", "2010-06-30": "$0", "2010-03-31": "$0", "2009-12-31": "$0"}}, "cash-on-hand": {"Xylem Annual Cash on Hand (Millions of US $)": {"2019": "$724", "2018": "$296", "2017": "$414", "2016": "$308", "2015": "$680", "2014": "$663", "2013": "$533", "2012": "$504", "2011": "$318", "2010": "$131", "2009": "$"}, "Xylem Quarterly Cash on Hand (Millions of US $)": {"2020-09-30": "$1,602", "2020-06-30": "$1,577", "2020-03-31": "$739", "2019-12-31": "$724", "2019-09-30": "$453", "2019-06-30": "$383", "2019-03-31": "$275", "2018-12-31": "$296", "2018-09-30": "$404", "2018-06-30": "$321", "2018-03-31": "$297", "2017-12-31": "$414", "2017-09-30": "$283", "2017-06-30": "$288", "2017-03-31": "$287", "2016-12-31": "$308", "2016-09-30": "$659", "2016-06-30": "$586", "2016-03-31": "$1,193", "2015-12-31": "$680", "2015-09-30": "$611", "2015-06-30": "$600", "2015-03-31": "$554", "2014-12-31": "$663", "2014-09-30": "$529", "2014-06-30": "$450", "2014-03-31": "$466", "2013-12-31": "$533", "2013-09-30": "$394", "2013-06-30": "$360", "2013-03-31": "$375", "2012-12-31": "$504", "2012-09-30": "$424", "2012-06-30": "$358", "2012-03-31": "$347", "2011-12-31": "$318", "2011-09-30": "$184", "2011-06-30": "", "2011-03-31": "", "2010-12-31": "$131", "2010-09-30": "", "2010-06-30": "", "2010-03-31": "", "2009-12-31": ""}}, "long-term-debt": {"Xylem Annual Long Term Debt (Millions of US $)": {"2019": "$2,040", "2018": "$2,051", "2017": "$2,200", "2016": "$2,108", "2015": "$1,196", "2014": "$1,195", "2013": "$1,199", "2012": "$1,199", "2011": "$1,201", "2010": "$4", "2009": "$"}, "Xylem Quarterly Long Term Debt (Millions of US $)": {"2020-09-30": "$3,053", "2020-06-30": "$3,031", "2020-03-31": "$2,031", "2019-12-31": "$2,040", "2019-09-30": "$2,030", "2019-06-30": "$2,051", "2019-03-31": "$2,044", "2018-12-31": "$2,051", "2018-09-30": "$2,189", "2018-06-30": "$2,179", "2018-03-31": "$2,228", "2017-12-31": "$2,200", "2017-09-30": "$2,189", "2017-06-30": "$2,168", "2017-03-31": "$2,126", "2016-12-31": "$2,108", "2016-09-30": "$1,148", "2016-06-30": "$1,143", "2016-03-31": "$1,153", "2015-12-31": "$1,196", "2015-09-30": "$1,196", "2015-06-30": "$1,196", "2015-03-31": "$1,195", "2014-12-31": "$1,195", "2014-09-30": "$1,199", "2014-06-30": "$1,199", "2014-03-31": "$1,199", "2013-12-31": "$1,199", "2013-09-30": "$1,199", "2013-06-30": "$1,199", "2013-03-31": "$1,199", "2012-12-31": "$1,199", "2012-09-30": "$1,199", "2012-06-30": "$1,199", "2012-03-31": "$1,202", "2011-12-31": "$1,201", "2011-09-30": "$1,202", "2011-06-30": "", "2011-03-31": "", "2010-12-31": "$4", "2010-09-30": "", "2010-06-30": "", "2010-03-31": "", "2009-12-31": ""}}, "total-liabilities": {"Xylem Annual Total Liabilities (Millions of US $)": {"2019": "$4,743", "2018": "$4,440", "2017": "$4,341", "2016": "$4,267", "2015": "$2,573", "2014": "$2,706", "2013": "$2,655", "2012": "$2,605", "2011": "$2,569", "2010": "$1,016", "2009": "$0"}, "Xylem Quarterly Total Liabilities (Millions of US $)": {"2020-09-30": "$5,573", "2020-06-30": "$5,579", "2020-03-31": "$4,770", "2019-12-31": "$4,743", "2019-09-30": "$4,620", "2019-06-30": "$4,768", "2019-03-31": "$4,660", "2018-12-31": "$4,440", "2018-09-30": "$4,695", "2018-06-30": "$4,703", "2018-03-31": "$4,793", "2017-12-31": "$4,341", "2017-09-30": "$4,303", "2017-06-30": "$4,325", "2017-03-31": "$4,259", "2016-12-31": "$4,267", "2016-09-30": "$2,551", "2016-06-30": "$2,520", "2016-03-31": "$3,145", "2015-12-31": "$2,573", "2015-09-30": "$2,602", "2015-06-30": "$2,639", "2015-03-31": "$2,631", "2014-12-31": "$2,706", "2014-09-30": "$2,621", "2014-06-30": "$2,655", "2014-03-31": "$2,658", "2013-12-31": "$2,655", "2013-09-30": "$2,626", "2013-06-30": "$2,559", "2013-03-31": "$2,549", "2012-12-31": "$2,605", "2012-09-30": "$2,542", "2012-06-30": "$2,534", "2012-03-31": "$2,564", "2011-12-31": "$2,569", "2011-09-30": "$2,200", "2011-06-30": "$0", "2011-03-31": "$0", "2010-12-31": "$1,016", "2010-09-30": "$0", "2010-06-30": "", "2010-03-31": "", "2009-12-31": "$0"}}, "total-share-holder-equity": {"Xylem Annual Share Holder Equity (Millions of US $)": {"2019": "$2,967", "2018": "$2,782", "2017": "$2,519", "2016": "$2,207", "2015": "$2,084", "2014": "$2,127", "2013": "$2,241", "2012": "$2,074", "2011": "$1,831", "2010": "$2,719", "2009": "$0"}, "Xylem Quarterly Share Holder Equity (Millions of US $)": {"2020-09-30": "$2,875", "2020-06-30": "$2,865", "2020-03-31": "$2,821", "2019-12-31": "$2,967", "2019-09-30": "$2,895", "2019-06-30": "$2,906", "2019-03-31": "$2,808", "2018-12-31": "$2,782", "2018-09-30": "$2,631", "2018-06-30": "$2,529", "2018-03-31": "$2,557", "2017-12-31": "$2,519", "2017-09-30": "$2,480", "2017-06-30": "$2,382", "2017-03-31": "$2,268", "2016-12-31": "$2,207", "2016-09-30": "$2,227", "2016-06-30": "$2,174", "2016-03-31": "$2,159", "2015-12-31": "$2,084", "2015-09-30": "$2,043", "2015-06-30": "$2,080", "2015-03-31": "$1,989", "2014-12-31": "$2,127", "2014-09-30": "$2,193", "2014-06-30": "$2,245", "2014-03-31": "$2,229", "2013-12-31": "$2,241", "2013-09-30": "$2,158", "2013-06-30": "$2,052", "2013-03-31": "$2,040", "2012-12-31": "$2,074", "2012-09-30": "$2,054", "2012-06-30": "$1,948", "2012-03-31": "$1,949", "2011-12-31": "$1,831", "2011-09-30": "$1,951", "2011-06-30": "$0", "2011-03-31": "$0", "2010-12-31": "$2,719", "2010-09-30": "$0", "2010-06-30": "", "2010-03-31": "", "2009-12-31": "$0"}}, "profit-margins": {"current": "5.21%"}, "gross margin": {"2020-09-30": "37.77%", "2020-06-30": "38.16%", "2020-03-31": "38.58%", "2019-12-31": "38.98%", "2019-09-30": "38.96%", "2019-06-30": "38.95%", "2019-03-31": "39.03%", "2018-12-31": "38.91%", "2018-09-30": "39.05%", "2018-06-30": "39.09%", "2018-03-31": "39.05%", "2017-12-31": "39.24%", "2017-09-30": "38.61%", "2017-06-30": "38.63%", "2017-03-31": "38.67%", "2016-12-31": "38.77%", "2016-09-30": "39.37%", "2016-06-30": "39.16%", "2016-03-31": "38.71%", "2015-12-31": "38.43%", "2015-09-30": "38.40%", "2015-06-30": "38.44%", "2015-03-31": "38.63%", "2014-12-31": "38.64%", "2014-09-30": "38.80%", "2014-06-30": "38.99%", "2014-03-31": "39.00%", "2013-12-31": "39.07%", "2013-09-30": "38.99%", "2013-06-30": "39.07%", "2013-03-31": "39.33%", "2012-12-31": "39.62%", "2012-09-30": "39.22%", "2012-06-30": "38.90%", "2012-03-31": "38.74%", "2011-12-31": "38.42%", "2011-09-30": "53.98%", "2011-06-30": "54.41%", "2011-03-31": "69.30%", "2010-12-31": "84.61%"}, "operating margin": {"2020-09-30": "7.86%", "2020-06-30": "6.48%", "2020-03-31": "8.53%", "2019-12-31": "9.26%", "2019-09-30": "9.21%", "2019-06-30": "12.37%", "2019-03-31": "12.44%", "2018-12-31": "12.56%", "2018-09-30": "12.50%", "2018-06-30": "12.25%", "2018-03-31": "11.93%", "2017-12-31": "11.73%", "2017-09-30": "10.74%", "2017-06-30": "10.48%", "2017-03-31": "10.39%", "2016-12-31": "10.82%", "2016-09-30": "11.96%", "2016-06-30": "12.24%", "2016-03-31": "12.15%", "2015-12-31": "12.29%", "2015-09-30": "12.10%", "2015-06-30": "12.17%", "2015-03-31": "12.22%", "2014-12-31": "11.82%", "2014-09-30": "11.54%", "2014-06-30": "10.72%", "2014-03-31": "9.65%", "2013-12-31": "9.46%", "2013-09-30": "8.96%", "2013-06-30": "9.39%", "2013-03-31": "10.95%", "2012-12-31": "11.69%", "2012-09-30": "11.48%", "2012-06-30": "10.62%", "2012-03-31": "10.27%", "2011-12-31": "10.39%", "2011-09-30": "32.93%", "2011-06-30": "34.93%", "2011-03-31": "56.46%", "2010-12-31": "78.36%"}, "ebitda margin": {"2020-09-30": "14.26%", "2020-06-30": "14.65%", "2020-03-31": "16.42%", "2019-12-31": "16.97%", "2019-09-30": "16.93%", "2019-06-30": "17.24%", "2019-03-31": "17.37%", "2018-12-31": "17.57%", "2018-09-30": "17.50%", "2018-06-30": "17.24%", "2018-03-31": "16.92%", "2017-12-31": "16.70%", "2017-09-30": "15.78%", "2017-06-30": "15.26%", "2017-03-31": "14.84%", "2016-12-31": "14.82%", "2016-09-30": "15.45%", "2016-06-30": "15.76%", "2016-03-31": "15.70%", "2015-12-31": "15.93%", "2015-09-30": "15.81%", "2015-06-30": "15.87%", "2015-03-31": "15.88%", "2014-12-31": "15.45%", "2014-09-30": "15.31%", "2014-06-30": "14.50%", "2014-03-31": "13.51%", "2013-12-31": "13.37%", "2013-09-30": "12.91%", "2013-06-30": "13.37%", "2013-03-31": "14.82%", "2012-12-31": "15.43%", "2012-09-30": "15.03%", "2012-06-30": "14.17%", "2012-03-31": "13.86%", "2011-12-31": "13.99%", "2011-09-30": "36.39%", "2011-06-30": "37.51%", "2011-03-31": "58.16%", "2010-12-31": "79.13%"}, "pre tax profit margin": {"2020-09-30": "6.26%", "2020-06-30": "4.91%", "2020-03-31": "7.09%", "2019-12-31": "7.93%", "2019-09-30": "7.92%", "2019-06-30": "11.23%", "2019-03-31": "11.17%", "2018-12-31": "11.23%", "2018-09-30": "10.79%", "2018-06-30": "10.39%", "2018-03-31": "10.12%", "2017-12-31": "9.90%", "2017-09-30": "9.10%", "2017-06-30": "8.90%", "2017-03-31": "8.64%", "2016-12-31": "9.02%", "2016-09-30": "10.30%", "2016-06-30": "10.61%", "2016-03-31": "10.67%", "2015-12-31": "11.03%", "2015-09-30": "10.89%", "2015-06-30": "11.27%", "2015-03-31": "11.36%", "2014-12-31": "10.75%", "2014-09-30": "10.24%", "2014-06-30": "9.08%", "2014-03-31": "7.97%", "2013-12-31": "7.77%", "2013-09-30": "7.42%", "2013-06-30": "7.94%", "2013-03-31": "9.48%", "2012-12-31": "10.23%", "2012-09-30": "10.04%", "2012-06-30": "9.55%", "2012-03-31": "9.54%", "2011-12-31": "10.07%", "2011-09-30": "33.01%", "2011-06-30": "35.01%", "2011-03-31": "56.58%", "2010-12-31": "78.45%"}, "net profit margin": {"2020-09-30": "4.60%", "2020-06-30": "5.09%", "2020-03-31": "7.01%", "2019-12-31": "7.64%", "2019-09-30": "9.65%", "2019-06-30": "10.90%", "2019-03-31": "10.50%", "2018-12-31": "10.54%", "2018-09-30": "7.75%", "2018-06-30": "7.39%", "2018-03-31": "7.29%", "2017-12-31": "7.03%", "2017-09-30": "6.85%", "2017-06-30": "6.58%", "2017-03-31": "6.26%", "2016-12-31": "6.89%", "2016-09-30": "8.83%", "2016-06-30": "9.22%", "2016-03-31": "9.34%", "2015-12-31": "9.31%", "2015-09-30": "8.70%", "2015-06-30": "9.04%", "2015-03-31": "9.15%", "2014-12-31": "8.61%", "2014-09-30": "7.91%", "2014-06-30": "7.06%", "2014-03-31": "6.11%", "2013-12-31": "5.94%", "2013-09-30": "6.18%", "2013-06-30": "6.20%", "2013-03-31": "7.34%", "2012-12-31": "7.83%", "2012-09-30": "7.22%", "2012-06-30": "7.33%", "2012-03-31": "6.88%", "2011-12-31": "7.34%", "2011-09-30": "8.67%", "2011-06-30": "9.38%", "2011-03-31": "10.26%", "2010-12-31": "10.19%"}, "pe ratio": {"current": "47.67", "2021-02-05": "169.29", "2020-12-31": "175.50", "2020-09-30": "68.19", "2020-06-30": "46.44", "2020-03-31": "32.40", "2019-12-31": "35.19", "2019-09-30": "27.99", "2019-06-30": "25.97", "2019-03-31": "25.51", "2018-12-31": "21.46", "2018-09-30": "35.43", "2018-06-30": "31.85", "2018-03-31": "37.91", "2017-12-31": "35.71", "2017-09-30": "34.98", "2017-06-30": "34.26", "2017-03-31": "34.49", "2016-12-31": "32.48", "2016-09-30": "27.62", "2016-06-30": "22.57", "2016-03-31": "20.38", "2015-12-31": "18.31", "2015-09-30": "17.44", "2015-06-30": "18.54", "2015-03-31": "16.90", "2014-12-31": "19.20", "2014-09-30": "19.43", "2014-06-30": "24.04", "2014-03-31": "26.20", "2013-12-31": "25.61", "2013-09-30": "20.26", "2013-06-30": "19.61", "2013-03-31": "16.85", "2012-12-31": "15.26", "2012-09-30": "15.15"}, "price sales": {"2021-02-05": "5.07", "2020-12-31": "5.26", "2020-09-30": "3.12", "2020-06-30": "2.36", "2020-03-31": "2.28", "2019-12-31": "2.68", "2019-09-30": "2.70", "2019-06-30": "2.83", "2019-03-31": "2.68", "2018-12-31": "2.26", "2018-09-30": "2.76", "2018-06-30": "2.36", "2018-03-31": "2.77", "2017-12-31": "2.52", "2017-09-30": "2.40", "2017-06-30": "2.27", "2017-03-31": "2.16", "2016-12-31": "2.25", "2016-09-30": "2.44", "2016-06-30": "2.07", "2016-03-31": "1.91", "2015-12-31": "1.71", "2015-09-30": "1.52", "2015-06-30": "1.68", "2015-03-31": "1.55", "2014-12-31": "1.66", "2014-09-30": "1.54", "2014-06-30": "1.70", "2014-03-31": "1.60", "2013-12-31": "1.53", "2013-09-30": "1.25", "2013-06-30": "1.21", "2013-03-31": "1.23", "2012-12-31": "1.19", "2012-09-30": "1.09"}, "price book": {"current": "5.95", "2021-02-05": "6.15", "2020-09-30": "5.25", "2020-06-30": "4.06", "2020-03-31": "4.11", "2019-12-31": "4.72", "2019-09-30": "4.87", "2019-06-30": "5.09", "2019-03-31": "4.95", "2018-12-31": "4.20", "2018-09-30": "5.30", "2018-06-30": "4.64", "2018-03-31": "5.23", "2017-12-31": "4.69", "2017-09-30": "4.36", "2017-06-30": "4.00", "2017-03-31": "3.80", "2016-12-31": "3.83", "2016-09-30": "4.01", "2016-06-30": "3.48", "2016-03-31": "3.19", "2015-12-31": "2.93", "2015-09-30": "2.70", "2015-06-30": "3.01", "2015-03-31": "2.96", "2014-12-31": "3.01", "2014-09-30": "2.71", "2014-06-30": "2.92", "2014-03-31": "2.74", "2013-12-31": "2.59", "2013-09-30": "2.17", "2013-06-30": "2.20", "2013-03-31": "2.25", "2012-12-31": "2.17", "2012-09-30": "2.03", "2012-06-30": "2.13", "2012-03-31": "2.33", "2011-12-31": "2.28"}, "price fcf": {"2021-02-05": "", "2020-09-30": "$3.62", "2020-06-30": "$3.42", "2020-03-31": "$3.01", "2019-12-31": "$3.38", "2019-09-30": "$2.25", "2019-06-30": "$1.85", "2019-03-31": "$1.99", "2018-12-31": "$1.93", "2018-09-30": "$2.56", "2018-06-30": "$2.95", "2018-03-31": "$2.82", "2017-12-31": "$2.86", "2017-09-30": "$2.56", "2017-06-30": "$2.14", "2017-03-31": "$2.11", "2016-12-31": "$2.08", "2016-09-30": "$1.92", "2016-06-30": "$1.90", "2016-03-31": "$1.92", "2015-12-31": "$1.91", "2015-09-30": "$1.66", "2015-06-30": "$1.71", "2015-03-31": "$1.64", "2014-12-31": "$1.62", "2014-09-30": "$1.64", "2014-06-30": "$1.35", "2014-03-31": "$1.12", "2013-12-31": "$1.10", "2013-09-30": "$1.16", "2013-06-30": "$1.20", "2013-03-31": "$1.34", "2012-12-31": "$1.55", "2012-09-30": "$2.62"}, "net worth": {"value": "$17.7B"}, "current ratio": {"2020-12-31": "1.80", "2020-09-30": "2.59", "2020-06-30": "2.40", "2020-03-31": "1.55", "2019-12-31": "1.63", "2019-09-30": "1.55", "2019-06-30": "1.47", "2019-03-31": "1.44", "2018-12-31": "1.51", "2018-09-30": "1.49", "2018-06-30": "1.43", "2018-03-31": "1.42", "2017-12-31": "1.88", "2017-09-30": "1.76", "2017-06-30": "1.63", "2017-03-31": "1.56", "2016-12-31": "1.49", "2016-09-30": "2.49", "2016-06-30": "2.45", "2016-03-31": "1.80", "2015-12-31": "2.44", "2015-09-30": "2.48", "2015-06-30": "2.46", "2015-03-31": "2.37", "2014-12-31": "2.29", "2014-09-30": "2.38", "2014-06-30": "2.38", "2014-03-31": "2.32", "2013-12-31": "2.36", "2013-09-30": "2.37", "2013-06-30": "2.42", "2013-03-31": "2.44", "2012-12-31": "2.40", "2012-09-30": "2.34", "2012-06-30": "2.25", "2012-03-31": "2.12", "2011-12-31": "2.02", "2011-09-30": "2.21", "2011-06-30": "0.00", "2011-03-31": "0.00", "2010-12-31": "2.06", "2010-09-30": "0.00", "2010-06-30": "0.00", "2010-03-31": "0.00", "2009-12-31": "0.00"}, "quick ratio": {"2020-12-31": "1.52", "2020-09-30": "2.13", "2020-06-30": "1.97", "2020-03-31": "1.19", "2019-12-31": "1.27", "2019-09-30": "1.15", "2019-06-30": "1.08", "2019-03-31": "1.02", "2018-12-31": "1.08", "2018-09-30": "1.07", "2018-06-30": "1.02", "2018-03-31": "1.02", "2017-12-31": "1.41", "2017-09-30": "1.26", "2017-06-30": "1.17", "2017-03-31": "1.11", "2016-12-31": "1.06", "2016-09-30": "1.91", "2016-06-30": "1.86", "2016-03-31": "1.46", "2015-12-31": "1.91", "2015-09-30": "1.89", "2015-06-30": "1.86", "2015-03-31": "1.77", "2014-12-31": "1.75", "2014-09-30": "1.78", "2014-06-30": "1.76", "2014-03-31": "1.72", "2013-12-31": "1.80", "2013-09-30": "1.75", "2013-06-30": "1.78", "2013-03-31": "1.80", "2012-12-31": "1.83", "2012-09-30": "1.74", "2012-06-30": "1.65", "2012-03-31": "1.55", "2011-12-31": "1.49", "2011-09-30": "1.56", "2011-06-30": "0.00", "2011-03-31": "0.00", "2010-12-31": "1.46", "2010-09-30": "0.00", "2010-06-30": "0.00", "2010-03-31": "0.00", "2009-12-31": "0.00"}, "debt equity ratio": {"current": "0.83", "2020-12-31": "1.94", "2020-09-30": "1.94", "2020-06-30": "1.95", "2020-03-31": "1.69", "2019-12-31": "1.60", "2019-09-30": "1.60", "2019-06-30": "1.64", "2019-03-31": "1.66", "2018-12-31": "1.60", "2018-09-30": "1.78", "2018-06-30": "1.86", "2018-03-31": "1.87", "2017-12-31": "1.72", "2017-09-30": "1.74", "2017-06-30": "1.82", "2017-03-31": "1.88", "2016-12-31": "1.93", "2016-09-30": "1.15", "2016-06-30": "1.16", "2016-03-31": "1.46", "2015-12-31": "1.24", "2015-09-30": "1.27", "2015-06-30": "1.27", "2015-03-31": "1.32", "2014-12-31": "1.27", "2014-09-30": "1.20", "2014-06-30": "1.18", "2014-03-31": "1.19", "2013-12-31": "1.19", "2013-09-30": "1.22", "2013-06-30": "1.25", "2013-03-31": "1.25", "2012-12-31": "1.26", "2012-09-30": "1.24", "2012-06-30": "1.30", "2012-03-31": "1.32", "2011-12-31": "1.40", "2011-09-30": "1.13", "2011-06-30": "0.00", "2011-03-31": "0.00", "2010-12-31": "0.37", "2010-09-30": "0.00", "2010-06-30": "0.00", "2010-03-31": "0.00", "2009-12-31": "0.00"}, "return on equity": {"2020-09-30": "7.77%", "2020-06-30": "8.73%", "2020-03-31": "12.43%", "2019-12-31": "13.86%", "2019-09-30": "17.84%", "2019-06-30": "20.60%", "2019-03-31": "20.43%", "2018-12-31": "20.92%", "2018-09-30": "15.44%", "2018-06-30": "14.68%", "2018-03-31": "14.25%", "2017-12-31": "13.72%", "2017-09-30": "13.28%", "2017-06-30": "12.24%", "2017-03-31": "11.27%", "2016-12-31": "11.86%", "2016-09-30": "14.99%", "2016-06-30": "16.03%", "2016-03-31": "16.35%", "2015-12-31": "16.59%", "2015-09-30": "15.63%", "2015-06-30": "16.21%", "2015-03-31": "16.46%", "2014-12-31": "15.33%", "2014-09-30": "13.88%", "2014-06-30": "12.44%", "2014-03-31": "10.88%", "2013-12-31": "10.74%", "2013-09-30": "11.20%", "2013-06-30": "11.29%", "2013-03-31": "13.55%", "2012-12-31": "14.80%", "2012-09-30": "14.19%", "2012-06-30": "14.64%", "2012-03-31": "18.43%", "2011-12-31": "29.51%", "2011-09-30": "27.75%", "2011-06-30": "49.72%", "2011-03-31": "51.64%", "2010-12-31": "48.40%"}, "return on assets": {"2020-09-30": "2.78%", "2020-06-30": "3.22%", "2020-03-31": "4.72%", "2019-12-31": "5.28%", "2019-09-30": "6.80%", "2019-06-30": "7.72%", "2019-03-31": "7.51%", "2018-12-31": "7.54%", "2018-09-30": "5.49%", "2018-06-30": "5.24%", "2018-03-31": "5.11%", "2017-12-31": "4.93%", "2017-09-30": "4.68%", "2017-06-30": "4.54%", "2017-03-31": "4.45%", "2016-12-31": "4.89%", "2016-09-30": "6.67%", "2016-06-30": "7.03%", "2016-03-31": "7.08%", "2015-12-31": "7.30%", "2015-09-30": "6.84%", "2015-06-30": "7.16%", "2015-03-31": "7.35%", "2014-12-31": "6.94%", "2014-09-30": "6.34%", "2014-06-30": "5.67%", "2014-03-31": "4.92%", "2013-12-31": "4.83%", "2013-09-30": "4.99%", "2013-06-30": "5.02%", "2013-03-31": "6.00%", "2012-12-31": "6.50%", "2012-09-30": "6.14%", "2012-06-30": "6.41%", "2012-03-31": "8.08%", "2011-12-31": "13.05%", "2011-09-30": "16.43%", "2011-06-30": "36.20%", "2011-03-31": "37.59%", "2010-12-31": "35.23%"}, "return on investments": {"2020-09-30": "7.07%", "2020-06-30": "6.21%", "2020-03-31": "8.87%", "2019-12-31": "9.85%", "2019-09-30": "9.91%", "2019-06-30": "13.36%", "2019-03-31": "13.53%", "2018-12-31": "13.66%", "2018-09-30": "13.39%", "2018-06-30": "12.99%", "2018-03-31": "12.37%", "2017-12-31": "12.04%", "2017-09-30": "10.84%", "2017-06-30": "10.65%", "2017-03-31": "10.78%", "2016-12-31": "11.40%", "2016-09-30": "13.22%", "2016-06-30": "13.69%", "2016-03-31": "13.58%", "2015-12-31": "13.84%", "2015-09-30": "13.76%", "2015-06-30": "13.91%", "2015-03-31": "14.09%", "2014-12-31": "13.63%", "2014-09-30": "13.16%", "2014-06-30": "12.26%", "2014-03-31": "11.07%", "2013-12-31": "10.93%", "2013-09-30": "10.30%", "2013-06-30": "10.79%", "2013-03-31": "12.70%", "2012-12-31": "13.82%", "2012-09-30": "13.96%", "2012-06-30": "13.04%", "2012-03-31": "16.88%", "2011-12-31": "25.55%", "2011-09-30": "83.73%", "2011-06-30": "184.80%", "2011-03-31": "283.66%", "2010-12-31": "371.80%"}, "return on tangible equity": {"2020-09-30": "-21.19%", "2020-06-30": "-23.36%", "2020-03-31": "-31.61%", "2019-12-31": "-33.11%", "2019-09-30": "-38.89%", "2019-06-30": "-39.76%", "2019-03-31": "-35.44%", "2018-12-31": "-33.14%", "2018-09-30": "-23.88%", "2018-06-30": "-23.07%", "2018-03-31": "-22.84%", "2017-12-31": "-22.25%", "2017-09-30": "-20.13%", "2017-06-30": "-24.37%", "2017-03-31": "-34.03%", "2016-12-31": "-80.25%", "2016-09-30": "328.10%", "2016-06-30": "525.58%", "2016-03-31": "687.44%", "2015-12-31": "1402.06%", "2015-09-30": "2385.19%", "2015-06-30": "1271.03%", "2015-03-31": "1213.79%", "2014-12-31": "728.65%", "2014-09-30": "624.24%", "2014-06-30": "1433.77%", "2014-03-31": "-963.27%", "2013-12-31": "-349.43%", "2013-09-30": "-264.02%", "2013-06-30": "-256.35%", "2013-03-31": "-289.47%", "2012-12-31": "-275.64%", "2012-09-30": "-167.78%", "2012-06-30": "-139.28%", "2012-03-31": "-157.85%", "2011-12-31": "-230.10%", "2011-09-30": "194.89%", "2011-06-30": "156.12%", "2011-03-31": "162.12%", "2010-12-31": "151.96%"}, "dividend yield history": {"last payout": "$1.04", "last yield": "1.06%"}}