{"ticker": "YUM", "price": {"title": "Yum! Brands Historical Annual Stock Price Data", "value": 105.34, "historical": {"2021": {"Average Stock Price": "105.8138", "Year Open": "105.8200", "Year High": "109.4100", "Year Low": "101.4900", "Year Close": "105.3400", "Annual % Change": "-2.97%"}, "2020": {"Average Stock Price": "93.2731", "Year Open": "102.1700", "Year High": "109.7800", "Year Low": "56.5200", "Year Close": "108.5600", "Annual % Change": "7.77%"}, "2019": {"Average Stock Price": "104.2173", "Year Open": "91.4400", "Year High": "119.2100", "Year Low": "89.1400", "Year Close": "100.7300", "Annual % Change": "9.58%"}, "2018": {"Average Stock Price": "84.5772", "Year Open": "81.6000", "Year High": "93.4600", "Year Low": "76.3000", "Year Close": "91.9200", "Annual % Change": "12.63%"}, "2017": {"Average Stock Price": "72.2889", "Year Open": "63.2100", "Year High": "83.4700", "Year Low": "63.1800", "Year Close": "81.6100", "Annual % Change": "28.86%"}, "2016": {"Average Stock Price": "78.7864", "Year Open": "72.2100", "Year High": "91.2600", "Year Low": "59.7000", "Year Close": "63.3300", "Annual % Change": "-13.31%"}, "2015": {"Average Stock Price": "80.2490", "Year Open": "72.3500", "Year High": "94.8800", "Year Low": "67.1200", "Year Close": "73.0500", "Annual % Change": "0.27%"}, "2014": {"Average Stock Price": "74.2693", "Year Open": "75.0900", "Year High": "83.2900", "Year Low": "66.1600", "Year Close": "72.8500", "Annual % Change": "-3.65%"}, "2013": {"Average Stock Price": "69.8068", "Year Open": "67.1600", "Year High": "78.3000", "Year Low": "62.0800", "Year Close": "75.6100", "Annual % Change": "13.87%"}, "2012": {"Average Stock Price": "67.2692", "Year Open": "58.5700", "Year High": "74.4700", "Year Low": "58.5700", "Year Close": "66.4000", "Annual % Change": "12.52%"}, "2011": {"Average Stock Price": "52.7529", "Year Open": "49.0900", "Year High": "59.5800", "Year Low": "46.4000", "Year Close": "59.0100", "Annual % Change": "20.31%"}, "2010": {"Average Stock Price": "42.3287", "Year Open": "35.0900", "Year High": "51.9000", "Year Low": "32.7200", "Year Close": "49.0500", "Annual % Change": "40.26%"}, "2009": {"Average Stock Price": "32.7840", "Year Open": "32.0000", "Year High": "36.6400", "Year Low": "23.4700", "Year Close": "34.9700", "Annual % Change": "11.02%"}, "2008": {"Average Stock Price": "34.6884", "Year Open": "37.8800", "Year High": "41.3400", "Year Low": "22.2500", "Year Close": "31.5000", "Annual % Change": "-17.69%"}, "2007": {"Average Stock Price": "33.1181", "Year Open": "29.4300", "Year High": "40.2700", "Year Low": "27.6900", "Year Close": "38.2700", "Annual % Change": "30.17%"}, "2006": {"Average Stock Price": "25.9955", "Year Open": "23.3750", "Year High": "31.7350", "Year Low": "22.4650", "Year Close": "29.4000", "Annual % Change": "25.43%"}, "2005": {"Average Stock Price": "24.7913", "Year Open": "23.4100", "Year High": "26.6600", "Year Low": "22.5600", "Year Close": "23.4400", "Annual % Change": "-0.64%"}, "2004": {"Average Stock Price": "19.6045", "Year Open": "16.7650", "Year High": "23.5900", "Year Low": "16.2800", "Year Close": "23.5900", "Annual % Change": "37.15%"}, "2003": {"Average Stock Price": "14.2059", "Year Open": "12.5600", "Year High": "17.5650", "Year Low": "11.0300", "Year Close": "17.2000", "Annual % Change": "42.03%"}, "2002": {"Average Stock Price": "13.9791", "Year Open": "11.9975", "Year High": "16.4450", "Year Low": "10.6550", "Year Close": "12.1100", "Annual % Change": "-1.54%"}, "2001": {"Average Stock Price": "10.6482", "Year Open": "7.9850", "Year High": "13.2700", "Year Low": "7.9850", "Year Close": "12.3000", "Annual % Change": "49.09%"}, "2000": {"Average Stock Price": "7.6112", "Year Open": "9.3275", "Year High": "9.3450", "Year Low": "5.9375", "Year Close": "8.2500", "Annual % Change": "-14.57%"}, "1999": {"Average Stock Price": "12.5840", "Year Open": "12.0325", "Year High": "18.3750", "Year Low": "8.9375", "Year Close": "9.6575", "Annual % Change": "-22.94%"}, "1998": {"Average Stock Price": "8.8078", "Year Open": "7.2825", "Year High": "12.6575", "Year Low": "6.4850", "Year Close": "12.5325", "Annual % Change": "72.51%"}}}, "market cap": {"value": "$31.78B"}, "income statement": {"Revenue": {"2020-12-31": "5652.00000", "2019-12-31": "5597.00000", "2018-12-31": "5688.00000", "2017-12-31": "5878.00000", "2016-12-31": "6356.00000", "2015-12-31": "6418.00000", "2014-12-31": "6587.00000", "2013-12-31": "13084.00000", "2012-12-31": "13633.00000", "2011-12-31": "12626.00000", "2010-12-31": "11343.00000", "2009-12-31": "10836.00000", "2008-12-31": "11304.00000", "2007-12-31": "10435.00000", "2006-12-31": "9561.00000", "2005-12-31": "9349.00000"}, "Cost Of Goods Sold": {"2020-12-31": "1506.00000", "2019-12-31": "1235.00000", "2018-12-31": "1634.00000", "2017-12-31": "2954.00000", "2016-12-31": "3489.00000", "2015-12-31": "2502.00000", "2014-12-31": "2698.00000", "2013-12-31": "7002.00000", "2012-12-31": "7232.00000", "2011-12-31": "6722.00000", "2010-12-31": "5948.00000", "2009-12-31": "5780.00000", "2008-12-31": "6095.00000", "2007-12-31": "5468.00000", "2006-12-31": "4952.00000", "2005-12-31": "4899.00000"}, "Gross Profit": {"2020-12-31": "4146.00000", "2019-12-31": "4362.00000", "2018-12-31": "4054.00000", "2017-12-31": "2924.00000", "2016-12-31": "2867.00000", "2015-12-31": "3916.00000", "2014-12-31": "3889.00000", "2013-12-31": "6082.00000", "2012-12-31": "6401.00000", "2011-12-31": "5904.00000", "2010-12-31": "5395.00000", "2009-12-31": "5056.00000", "2008-12-31": "5209.00000", "2007-12-31": "4967.00000", "2006-12-31": "4609.00000", "2005-12-31": "4450.00000"}, "Research And Development Expenses": {"2020-12-31": "", "2019-12-31": "", "2018-12-31": "", "2017-12-31": "", "2016-12-31": "", "2015-12-31": "", "2014-12-31": "", "2013-12-31": "", "2012-12-31": "", "2011-12-31": "", "2010-12-31": "", "2009-12-31": "", "2008-12-31": "", "2007-12-31": "", "2006-12-31": "", "2005-12-31": ""}, "SG&A Expenses": {"2020-12-31": "2378.00000", "2019-12-31": "2285.00000", "2018-12-31": "2103.00000", "2017-12-31": "999.00000", "2016-12-31": "1129.00000", "2015-12-31": "2183.00000", "2014-12-31": "2200.00000", "2013-12-31": "3911.00000", "2012-12-31": "4130.00000", "2011-12-31": "3790.00000", "2010-12-31": "3449.00000", "2009-12-31": "3375.00000", "2008-12-31": "3712.00000", "2007-12-31": "3598.00000", "2006-12-31": "3329.00000", "2005-12-31": "3329.00000"}, "Other Operating Income Or Expenses": {"2020-12-31": "-265.00000", "2019-12-31": "-147.00000", "2018-12-31": "345.00000", "2017-12-31": "836.00000", "2016-12-31": "-56.00000", "2015-12-31": "-299.00000", "2014-12-31": "-172.00000", "2013-12-31": "-373.00000", "2012-12-31": "23.00000", "2011-12-31": "-299.00000", "2010-12-31": "-177.00000", "2009-12-31": "-91.00000", "2008-12-31": "20.00000", "2007-12-31": "-12.00000", "2006-12-31": "-18.00000", "2005-12-31": "32.00000"}, "Operating Expenses": {"2020-12-31": "4149.00000", "2019-12-31": "3667.00000", "2018-12-31": "3392.00000", "2017-12-31": "3117.00000", "2016-12-31": "4674.00000", "2015-12-31": "4984.00000", "2014-12-31": "5070.00000", "2013-12-31": "11286.00000", "2012-12-31": "11339.00000", "2011-12-31": "10811.00000", "2010-12-31": "9574.00000", "2009-12-31": "9246.00000", "2008-12-31": "9787.00000", "2007-12-31": "9078.00000", "2006-12-31": "8299.00000", "2005-12-31": "8196.00000"}, "Operating Income": {"2020-12-31": "1503.00000", "2019-12-31": "1930.00000", "2018-12-31": "2296.00000", "2017-12-31": "2761.00000", "2016-12-31": "1682.00000", "2015-12-31": "1434.00000", "2014-12-31": "1517.00000", "2013-12-31": "1798.00000", "2012-12-31": "2294.00000", "2011-12-31": "1815.00000", "2010-12-31": "1769.00000", "2009-12-31": "1590.00000", "2008-12-31": "1517.00000", "2007-12-31": "1357.00000", "2006-12-31": "1262.00000", "2005-12-31": "1153.00000"}, "Total Non-Operating Income/Expense": {"2020-12-31": "-483.00000", "2019-12-31": "-557.00000", "2018-12-31": "-457.00000", "2017-12-31": "-487.00000", "2016-12-31": "-337.00000", "2015-12-31": "-181.00000", "2014-12-31": "-143.00000", "2013-12-31": "-247.00000", "2012-12-31": "-149.00000", "2011-12-31": "-156.00000", "2010-12-31": "-175.00000", "2009-12-31": "-194.00000", "2008-12-31": "-226.00000", "2007-12-31": "-166.00000", "2006-12-31": "-154.00000", "2005-12-31": "-127.00000"}, "Pre-Tax Income": {"2020-12-31": "1020.00000", "2019-12-31": "1373.00000", "2018-12-31": "1839.00000", "2017-12-31": "2274.00000", "2016-12-31": "1345.00000", "2015-12-31": "1253.00000", "2014-12-31": "1374.00000", "2013-12-31": "1551.00000", "2012-12-31": "2145.00000", "2011-12-31": "1659.00000", "2010-12-31": "1594.00000", "2009-12-31": "1396.00000", "2008-12-31": "1291.00000", "2007-12-31": "1191.00000", "2006-12-31": "1108.00000", "2005-12-31": "1026.00000"}, "Income Taxes": {"2020-12-31": "116.00000", "2019-12-31": "79.00000", "2018-12-31": "297.00000", "2017-12-31": "934.00000", "2016-12-31": "327.00000", "2015-12-31": "327.00000", "2014-12-31": "368.00000", "2013-12-31": "487.00000", "2012-12-31": "537.00000", "2011-12-31": "324.00000", "2010-12-31": "416.00000", "2009-12-31": "313.00000", "2008-12-31": "319.00000", "2007-12-31": "282.00000", "2006-12-31": "284.00000", "2005-12-31": "264.00000"}, "Income After Taxes": {"2020-12-31": "904.00000", "2019-12-31": "1294.00000", "2018-12-31": "1542.00000", "2017-12-31": "1340.00000", "2016-12-31": "1018.00000", "2015-12-31": "926.00000", "2014-12-31": "1006.00000", "2013-12-31": "1064.00000", "2012-12-31": "1608.00000", "2011-12-31": "1335.00000", "2010-12-31": "1178.00000", "2009-12-31": "1083.00000", "2008-12-31": "972.00000", "2007-12-31": "909.00000", "2006-12-31": "824.00000", "2005-12-31": "762.00000"}, "Other Income": {"2020-12-31": "", "2019-12-31": "", "2018-12-31": "", "2017-12-31": "", "2016-12-31": "", "2015-12-31": "", "2014-12-31": "", "2013-12-31": "", "2012-12-31": "", "2011-12-31": "", "2010-12-31": "", "2009-12-31": "", "2008-12-31": "", "2007-12-31": "", "2006-12-31": "", "2005-12-31": ""}, "Income From Continuous Operations": {"2020-12-31": "904.00000", "2019-12-31": "1294.00000", "2018-12-31": "1542.00000", "2017-12-31": "1340.00000", "2016-12-31": "1018.00000", "2015-12-31": "926.00000", "2014-12-31": "1006.00000", "2013-12-31": "1064.00000", "2012-12-31": "1608.00000", "2011-12-31": "1335.00000", "2010-12-31": "1178.00000", "2009-12-31": "1083.00000", "2008-12-31": "972.00000", "2007-12-31": "909.00000", "2006-12-31": "824.00000", "2005-12-31": "762.00000"}, "Income From Discontinued Operations": {"2020-12-31": "", "2019-12-31": "", "2018-12-31": "", "2017-12-31": "", "2016-12-31": "625.00000", "2015-12-31": "357.00000", "2014-12-31": "45.00000", "2013-12-31": "", "2012-12-31": "", "2011-12-31": "", "2010-12-31": "", "2009-12-31": "", "2008-12-31": "", "2007-12-31": "", "2006-12-31": "", "2005-12-31": ""}, "Net Income": {"2020-12-31": "904.00000", "2019-12-31": "1294.00000", "2018-12-31": "1542.00000", "2017-12-31": "1340.00000", "2016-12-31": "1643.00000", "2015-12-31": "1283.00000", "2014-12-31": "1051.00000", "2013-12-31": "1091.00000", "2012-12-31": "1597.00000", "2011-12-31": "1319.00000", "2010-12-31": "1158.00000", "2009-12-31": "1071.00000", "2008-12-31": "964.00000", "2007-12-31": "909.00000", "2006-12-31": "824.00000", "2005-12-31": "762.00000"}, "EBITDA": {"2020-12-31": "1649.00000", "2019-12-31": "2042.00000", "2018-12-31": "2433.00000", "2017-12-31": "3014.00000", "2016-12-31": "1992.00000", "2015-12-31": "1753.00000", "2014-12-31": "1845.00000", "2013-12-31": "2519.00000", "2012-12-31": "2959.00000", "2011-12-31": "2452.00000", "2010-12-31": "2358.00000", "2009-12-31": "2170.00000", "2008-12-31": "2073.00000", "2007-12-31": "1899.00000", "2006-12-31": "1741.00000", "2005-12-31": "1622.00000"}, "EBIT": {"2020-12-31": "1503.00000", "2019-12-31": "1930.00000", "2018-12-31": "2296.00000", "2017-12-31": "2761.00000", "2016-12-31": "1682.00000", "2015-12-31": "1434.00000", "2014-12-31": "1517.00000", "2013-12-31": "1798.00000", "2012-12-31": "2294.00000", "2011-12-31": "1815.00000", "2010-12-31": "1769.00000", "2009-12-31": "1590.00000", "2008-12-31": "1517.00000", "2007-12-31": "1357.00000", "2006-12-31": "1262.00000", "2005-12-31": "1153.00000"}, "Basic Shares Outstanding": {"2020-12-31": "302.00000", "2019-12-31": "306.00000", "2018-12-31": "322.00000", "2017-12-31": "347.00000", "2016-12-31": "394.00000", "2015-12-31": "435.00000", "2014-12-31": "444.00000", "2013-12-31": "452.00000", "2012-12-31": "461.00000", "2011-12-31": "469.00000", "2010-12-31": "474.00000", "2009-12-31": "471.00000", "2008-12-31": "475.00000", "2007-12-31": "522.00000", "2006-12-31": "546.00000", "2005-12-31": "572.00000"}, "Shares Outstanding": {"2020-12-31": "307.00000", "2019-12-31": "313.00000", "2018-12-31": "329.00000", "2017-12-31": "355.00000", "2016-12-31": "400.00000", "2015-12-31": "443.00000", "2014-12-31": "453.00000", "2013-12-31": "461.00000", "2012-12-31": "473.00000", "2011-12-31": "481.00000", "2010-12-31": "486.00000", "2009-12-31": "483.00000", "2008-12-31": "491.00000", "2007-12-31": "541.00000", "2006-12-31": "564.00000", "2005-12-31": "597.00000"}, "Basic EPS": {"2020-12-31": "2.99000", "2019-12-31": "4.23000", "2018-12-31": "4.80000", "2017-12-31": "3.86000", "2016-12-31": "4.17000", "2015-12-31": "2.95000", "2014-12-31": "2.37000", "2013-12-31": "2.41000", "2012-12-31": "3.46000", "2011-12-31": "2.81000", "2010-12-31": "2.44000", "2009-12-31": "2.28000", "2008-12-31": "2.03000", "2007-12-31": "1.74000", "2006-12-31": "1.51000", "2005-12-31": "1.33000"}, "EPS - Earnings Per Share": {"2020-12-31": "2.94000", "2019-12-31": "4.14000", "2018-12-31": "4.69000", "2017-12-31": "3.77000", "2016-12-31": "4.10000", "2015-12-31": "2.90000", "2014-12-31": "2.32000", "2013-12-31": "2.36000", "2012-12-31": "3.38000", "2011-12-31": "2.74000", "2010-12-31": "2.38000", "2009-12-31": "2.22000", "2008-12-31": "1.96000", "2007-12-31": "1.68000", "2006-12-31": "1.46000", "2005-12-31": "1.28000"}}, "income statement, quarterly": {"Revenue": {"2020-12-31": "1743.00000", "2020-09-30": "1448.00000", "2020-06-30": "1198.00000", "2020-03-31": "1263.00000", "2019-12-31": "1694.00000", "2019-09-30": "1339.00000", "2019-06-30": "1310.00000", "2019-03-31": "1254.00000", "2018-12-31": "1558.00000", "2018-09-30": "1391.00000", "2018-06-30": "1368.00000", "2018-03-31": "1371.00000", "2017-12-31": "1577.00000", "2017-09-30": "1436.00000", "2017-06-30": "1448.00000", "2017-03-31": "1417.00000", "2016-12-31": "2024.00000", "2016-09-30": "1518.00000", "2016-06-30": "1509.00000", "2016-03-31": "1443.00000", "2015-12-31": "1976.00000", "2015-09-30": "3427.00000", "2015-06-30": "3105.00000", "2015-03-31": "2622.00000", "2014-12-31": "3997.00000", "2014-09-30": "3354.00000", "2014-06-30": "3204.00000", "2014-03-31": "2724.00000", "2013-12-31": "4179.00000", "2013-09-30": "3466.00000", "2013-06-30": "2904.00000", "2013-03-31": "2535.00000", "2012-12-31": "4153.00000", "2012-09-30": "3569.00000", "2012-06-30": "3168.00000", "2012-03-31": "2743.00000", "2011-12-31": "4111.00000", "2011-09-30": "3274.00000", "2011-06-30": "2816.00000", "2011-03-31": "2425.00000", "2010-12-31": "3562.00000", "2010-09-30": "2862.00000", "2010-06-30": "2574.00000", "2010-03-31": "2345.00000", "2009-12-31": "3365.00000", "2009-09-30": "2778.00000", "2009-06-30": "2476.00000", "2009-03-31": "2217.00000", "2008-12-31": "3390.00000", "2008-09-30": "2842.00000", "2008-06-30": "2659.00000", "2008-03-31": "2413.00000", "2007-12-31": "3281.00000", "2007-09-30": "2564.00000", "2007-06-30": "2367.00000", "2007-03-31": "2223.00000", "2006-12-31": "3016.00000", "2006-09-30": "2278.00000", "2006-06-30": "2182.00000", "2006-03-31": "2085.00000", "2005-12-31": "2899.00000", "2005-09-30": "2243.00000", "2005-06-30": "2153.00000", "2005-03-31": "2054.00000"}, "Cost Of Goods Sold": {"2020-12-31": "460.00000", "2020-09-30": "399.00000", "2020-06-30": "349.00000", "2020-03-31": "298.00000", "2019-12-31": "385.00000", "2019-09-30": "292.00000", "2019-06-30": "286.00000", "2019-03-31": "272.00000", "2018-12-31": "376.00000", "2018-09-30": "399.00000", "2018-06-30": "421.00000", "2018-03-31": "438.00000", "2017-12-31": "731.00000", "2017-09-30": "717.00000", "2017-06-30": "748.00000", "2017-03-31": "758.00000", "2016-12-31": "748.00000", "2016-09-30": "571.00000", "2016-06-30": "576.00000", "2016-03-31": "548.00000", "2015-12-31": "761.00000", "2015-09-30": "1804.00000", "2015-06-30": "1646.00000", "2015-03-31": "1304.00000", "2014-12-31": "2215.00000", "2014-09-30": "1820.00000", "2014-06-30": "1710.00000", "2014-03-31": "1358.00000", "2013-12-31": "2283.00000", "2013-09-30": "1869.00000", "2013-06-30": "1574.00000", "2013-03-31": "1276.00000", "2012-12-31": "2232.00000", "2012-09-30": "1893.00000", "2012-06-30": "1716.00000", "2012-03-31": "1391.00000", "2011-12-31": "2235.00000", "2011-09-30": "1760.00000", "2011-06-30": "1497.00000", "2011-03-31": "1230.00000", "2010-12-31": "1901.00000", "2010-09-30": "1501.00000", "2010-06-30": "1351.00000", "2010-03-31": "1195.00000", "2009-12-31": "1820.00000", "2009-09-30": "1484.00000", "2009-06-30": "1323.00000", "2009-03-31": "1153.00000", "2008-12-31": "1855.00000", "2008-09-30": "1549.00000", "2008-06-30": "1438.00000", "2008-03-31": "1253.00000", "2007-12-31": "1746.00000", "2007-09-30": "1346.00000", "2007-06-30": "1236.00000", "2007-03-31": "1140.00000", "2006-12-31": "1599.00000", "2006-09-30": "1176.00000", "2006-06-30": "1119.00000", "2006-03-31": "1058.00000", "2005-12-31": "1524.00000", "2005-09-30": "1180.00000", "2005-06-30": "1130.00000", "2005-03-31": "1065.00000"}, "Gross Profit": {"2020-12-31": "1283.00000", "2020-09-30": "1049.00000", "2020-06-30": "849.00000", "2020-03-31": "965.00000", "2019-12-31": "1309.00000", "2019-09-30": "1047.00000", "2019-06-30": "1024.00000", "2019-03-31": "982.00000", "2018-12-31": "1182.00000", "2018-09-30": "992.00000", "2018-06-30": "947.00000", "2018-03-31": "933.00000", "2017-12-31": "846.00000", "2017-09-30": "719.00000", "2017-06-30": "700.00000", "2017-03-31": "659.00000", "2016-12-31": "1276.00000", "2016-09-30": "947.00000", "2016-06-30": "933.00000", "2016-03-31": "895.00000", "2015-12-31": "1215.00000", "2015-09-30": "1623.00000", "2015-06-30": "1459.00000", "2015-03-31": "1318.00000", "2014-12-31": "1782.00000", "2014-09-30": "1534.00000", "2014-06-30": "1494.00000", "2014-03-31": "1366.00000", "2013-12-31": "1896.00000", "2013-09-30": "1597.00000", "2013-06-30": "1330.00000", "2013-03-31": "1259.00000", "2012-12-31": "1921.00000", "2012-09-30": "1676.00000", "2012-06-30": "1452.00000", "2012-03-31": "1352.00000", "2011-12-31": "1876.00000", "2011-09-30": "1514.00000", "2011-06-30": "1319.00000", "2011-03-31": "1195.00000", "2010-12-31": "1661.00000", "2010-09-30": "1361.00000", "2010-06-30": "1223.00000", "2010-03-31": "1150.00000", "2009-12-31": "1545.00000", "2009-09-30": "1294.00000", "2009-06-30": "1153.00000", "2009-03-31": "1064.00000", "2008-12-31": "1535.00000", "2008-09-30": "1293.00000", "2008-06-30": "1221.00000", "2008-03-31": "1160.00000", "2007-12-31": "1535.00000", "2007-09-30": "1218.00000", "2007-06-30": "1131.00000", "2007-03-31": "1083.00000", "2006-12-31": "1417.00000", "2006-09-30": "1102.00000", "2006-06-30": "1063.00000", "2006-03-31": "1027.00000", "2005-12-31": "1375.00000", "2005-09-30": "1063.00000", "2005-06-30": "1023.00000", "2005-03-31": "989.00000"}, "Research And Development Expenses": {"2020-12-31": "", "2020-09-30": "", "2020-06-30": "", "2020-03-31": "", "2019-12-31": "", "2019-09-30": "", "2019-06-30": "", "2019-03-31": "", "2018-12-31": "", "2018-09-30": "", "2018-06-30": "", "2018-03-31": "", "2017-12-31": "", "2017-09-30": "", "2017-06-30": "", "2017-03-31": "", "2016-12-31": "", "2016-09-30": "", "2016-06-30": "", "2016-03-31": "", "2015-12-31": "", "2015-09-30": "", "2015-06-30": "", "2015-03-31": "", "2014-12-31": "", "2014-09-30": "", "2014-06-30": "", "2014-03-31": "", "2013-12-31": "", "2013-09-30": "", "2013-06-30": "", "2013-03-31": "", "2012-12-31": "", "2012-09-30": "", "2012-06-30": "", "2012-03-31": "", "2011-12-31": "", "2011-09-30": "", "2011-06-30": "", "2011-03-31": "", "2010-12-31": "", "2010-09-30": "", "2010-06-30": "", "2010-03-31": "", "2009-12-31": "", "2009-09-30": "", "2009-06-30": "", "2009-03-31": "", "2008-12-31": "", "2008-09-30": "", "2008-06-30": "", "2008-03-31": "", "2007-12-31": "", "2007-09-30": "", "2007-06-30": "", "2007-03-31": "", "2006-12-31": "", "2006-09-30": "", "2006-06-30": "", "2006-03-31": "", "2005-12-31": "", "2005-09-30": "", "2005-06-30": "", "2005-03-31": ""}, "SG&A Expenses": {"2020-12-31": "767.00000", "2020-09-30": "570.00000", "2020-06-30": "523.00000", "2020-03-31": "518.00000", "2019-12-31": "727.00000", "2019-09-30": "533.00000", "2019-06-30": "513.00000", "2019-03-31": "512.00000", "2018-12-31": "638.00000", "2018-09-30": "492.00000", "2018-06-30": "482.00000", "2018-03-31": "491.00000", "2017-12-31": "300.00000", "2017-09-30": "215.00000", "2017-06-30": "247.00000", "2017-03-31": "237.00000", "2016-12-31": "775.00000", "2016-09-30": "530.00000", "2016-06-30": "517.00000", "2016-03-31": "500.00000", "2015-12-31": "725.00000", "2015-09-30": "953.00000", "2015-06-30": "955.00000", "2015-03-31": "788.00000", "2014-12-31": "1297.00000", "2014-09-30": "965.00000", "2014-06-30": "972.00000", "2014-03-31": "764.00000", "2013-12-31": "1277.00000", "2013-09-30": "948.00000", "2013-06-30": "923.00000", "2013-03-31": "763.00000", "2012-12-31": "1394.00000", "2012-09-30": "982.00000", "2012-06-30": "969.00000", "2012-03-31": "785.00000", "2011-12-31": "1308.00000", "2011-09-30": "910.00000", "2011-06-30": "856.00000", "2011-03-31": "716.00000", "2010-12-31": "1156.00000", "2010-09-30": "801.00000", "2010-06-30": "786.00000", "2010-03-31": "706.00000", "2009-12-31": "1078.00000", "2009-09-30": "799.00000", "2009-06-30": "786.00000", "2009-03-31": "712.00000", "2008-12-31": "1132.00000", "2008-09-30": "880.00000", "2008-06-30": "891.00000", "2008-03-31": "809.00000", "2007-12-31": "1183.00000", "2007-09-30": "825.00000", "2007-06-30": "814.00000", "2007-03-31": "776.00000", "2006-12-31": "1079.00000", "2006-09-30": "763.00000", "2006-06-30": "756.00000", "2006-03-31": "731.00000", "2005-12-31": "1052.00000", "2005-09-30": "765.00000", "2005-06-30": "779.00000", "2005-03-31": "733.00000"}, "Other Operating Income Or Expenses": {"2020-12-31": "-34.00000", "2020-09-30": "-8.00000", "2020-06-30": "-26.00000", "2020-03-31": "-197.00000", "2019-12-31": "-36.00000", "2019-09-30": "-34.00000", "2019-06-30": "-40.00000", "2019-03-31": "-37.00000", "2018-12-31": "197.00000", "2018-09-30": "53.00000", "2018-06-30": "-16.00000", "2018-03-31": "111.00000", "2017-12-31": "669.00000", "2017-09-30": "139.00000", "2017-06-30": "-34.00000", "2017-03-31": "62.00000", "2016-12-31": "-12.00000", "2016-09-30": "-19.00000", "2016-06-30": "-1.00000", "2016-03-31": "-46.00000", "2015-12-31": "-61.00000", "2015-09-30": "-67.00000", "2015-06-30": "-133.00000", "2015-03-31": "-24.00000", "2014-12-31": "-528.00000", "2014-09-30": "-19.00000", "2014-06-30": "-43.00000", "2014-03-31": "-31.00000", "2013-12-31": "-48.00000", "2013-09-30": "-299.00000", "2013-06-30": "-17.00000", "2013-03-31": "-9.00000", "2012-12-31": "-22.00000", "2012-09-30": "-23.00000", "2012-06-30": "-10.00000", "2012-03-31": "78.00000", "2011-12-31": "-61.00000", "2011-09-30": "-116.00000", "2011-06-30": "-44.00000", "2011-03-31": "-78.00000", "2010-12-31": "-65.00000", "2010-09-30": "-16.00000", "2010-06-30": "-16.00000", "2010-03-31": "-80.00000", "2009-12-31": "-92.00000", "2009-09-30": "-25.00000", "2009-06-30": "27.00000", "2009-03-31": "-1.00000", "2008-12-31": "-40.00000", "2008-09-30": "-2.00000", "2008-06-30": "-13.00000", "2008-03-31": "75.00000", "2007-12-31": "-22.00000", "2007-09-30": "8.00000", "2007-06-30": "-7.00000", "2007-03-31": "9.00000", "2006-12-31": "-9.00000", "2006-09-30": "5.00000", "2006-06-30": "0.00000", "2006-03-31": "-14.00000", "2005-12-31": "10.00000", "2005-09-30": "10.00000", "2005-06-30": "17.00000", "2005-03-31": "-5.00000"}, "Operating Expenses": {"2020-12-31": "1261.00000", "2020-09-30": "977.00000", "2020-06-30": "898.00000", "2020-03-31": "1013.00000", "2019-12-31": "1148.00000", "2019-09-30": "859.00000", "2019-06-30": "839.00000", "2019-03-31": "821.00000", "2018-12-31": "817.00000", "2018-09-30": "838.00000", "2018-06-30": "919.00000", "2018-03-31": "818.00000", "2017-12-31": "362.00000", "2017-09-30": "793.00000", "2017-06-30": "1029.00000", "2017-03-31": "933.00000", "2016-12-31": "1535.00000", "2016-09-30": "1120.00000", "2016-06-30": "1094.00000", "2016-03-31": "1094.00000", "2015-12-31": "1547.00000", "2015-09-30": "2824.00000", "2015-06-30": "2734.00000", "2015-03-31": "2116.00000", "2014-12-31": "4040.00000", "2014-09-30": "2804.00000", "2014-06-30": "2725.00000", "2014-03-31": "2153.00000", "2013-12-31": "3608.00000", "2013-09-30": "3116.00000", "2013-06-30": "2514.00000", "2013-03-31": "2048.00000", "2012-12-31": "3648.00000", "2012-09-30": "2898.00000", "2012-06-30": "2695.00000", "2012-03-31": "2098.00000", "2011-12-31": "3604.00000", "2011-09-30": "2786.00000", "2011-06-30": "2397.00000", "2011-03-31": "2024.00000", "2010-12-31": "3122.00000", "2010-09-30": "2318.00000", "2010-06-30": "2153.00000", "2010-03-31": "1981.00000", "2009-12-31": "2990.00000", "2009-09-30": "2308.00000", "2009-06-30": "2082.00000", "2009-03-31": "1866.00000", "2008-12-31": "3027.00000", "2008-09-30": "2431.00000", "2008-06-30": "2342.00000", "2008-03-31": "1987.00000", "2007-12-31": "2951.00000", "2007-09-30": "2163.00000", "2007-06-30": "2057.00000", "2007-03-31": "1907.00000", "2006-12-31": "2687.00000", "2006-09-30": "1934.00000", "2006-06-30": "1875.00000", "2006-03-31": "1803.00000", "2005-12-31": "2566.00000", "2005-09-30": "1935.00000", "2005-06-30": "1892.00000", "2005-03-31": "1803.00000"}, "Operating Income": {"2020-12-31": "482.00000", "2020-09-30": "471.00000", "2020-06-30": "300.00000", "2020-03-31": "250.00000", "2019-12-31": "546.00000", "2019-09-30": "480.00000", "2019-06-30": "471.00000", "2019-03-31": "433.00000", "2018-12-31": "741.00000", "2018-09-30": "553.00000", "2018-06-30": "449.00000", "2018-03-31": "553.00000", "2017-12-31": "1215.00000", "2017-09-30": "643.00000", "2017-06-30": "419.00000", "2017-03-31": "484.00000", "2016-12-31": "489.00000", "2016-09-30": "398.00000", "2016-06-30": "415.00000", "2016-03-31": "349.00000", "2015-12-31": "429.00000", "2015-09-30": "603.00000", "2015-06-30": "371.00000", "2015-03-31": "506.00000", "2014-12-31": "-43.00000", "2014-09-30": "550.00000", "2014-06-30": "479.00000", "2014-03-31": "571.00000", "2013-12-31": "571.00000", "2013-09-30": "350.00000", "2013-06-30": "390.00000", "2013-03-31": "487.00000", "2012-12-31": "505.00000", "2012-09-30": "671.00000", "2012-06-30": "473.00000", "2012-03-31": "645.00000", "2011-12-31": "507.00000", "2011-09-30": "488.00000", "2011-06-30": "419.00000", "2011-03-31": "401.00000", "2010-12-31": "440.00000", "2010-09-30": "544.00000", "2010-06-30": "421.00000", "2010-03-31": "364.00000", "2009-12-31": "375.00000", "2009-09-30": "470.00000", "2009-06-30": "394.00000", "2009-03-31": "351.00000", "2008-12-31": "363.00000", "2008-09-30": "411.00000", "2008-06-30": "317.00000", "2008-03-31": "426.00000", "2007-12-31": "330.00000", "2007-09-30": "401.00000", "2007-06-30": "310.00000", "2007-03-31": "316.00000", "2006-12-31": "329.00000", "2006-09-30": "344.00000", "2006-06-30": "307.00000", "2006-03-31": "282.00000", "2005-12-31": "333.00000", "2005-09-30": "308.00000", "2005-06-30": "261.00000", "2005-03-31": "251.00000"}, "Total Non-Operating Income/Expense": {"2020-12-31": "-130.00000", "2020-09-30": "-155.00000", "2020-06-30": "-43.00000", "2020-03-31": "-155.00000", "2019-12-31": "-149.00000", "2019-09-30": "-180.00000", "2019-06-30": "-94.00000", "2019-03-31": "-134.00000", "2018-12-31": "-302.00000", "2018-09-30": "-19.00000", "2018-06-30": "-92.00000", "2018-03-31": "-44.00000", "2017-12-31": "-123.00000", "2017-09-30": "-119.00000", "2017-06-30": "-108.00000", "2017-03-31": "-137.00000", "2016-12-31": "-136.00000", "2016-09-30": "-97.00000", "2016-06-30": "-51.00000", "2016-03-31": "-41.00000", "2015-12-31": "-38.00000", "2015-09-30": "-32.00000", "2015-06-30": "-33.00000", "2015-03-31": "-34.00000", "2014-12-31": "-40.00000", "2014-09-30": "-28.00000", "2014-06-30": "-29.00000", "2014-03-31": "-33.00000", "2013-12-31": "-153.00000", "2013-09-30": "-31.00000", "2013-06-30": "-32.00000", "2013-03-31": "-31.00000", "2012-12-31": "-42.00000", "2012-09-30": "-32.00000", "2012-06-30": "-38.00000", "2012-03-31": "-37.00000", "2011-12-31": "-46.00000", "2011-09-30": "-32.00000", "2011-06-30": "-35.00000", "2011-03-31": "-43.00000", "2010-12-31": "-54.00000", "2010-09-30": "-38.00000", "2010-06-30": "-42.00000", "2010-03-31": "-41.00000", "2009-12-31": "-56.00000", "2009-09-30": "-42.00000", "2009-06-30": "-43.00000", "2009-03-31": "-53.00000", "2008-12-31": "-74.00000", "2008-09-30": "-47.00000", "2008-06-30": "-52.00000", "2008-03-31": "-53.00000", "2007-12-31": "-54.00000", "2007-09-30": "-38.00000", "2007-06-30": "-38.00000", "2007-03-31": "-36.00000", "2006-12-31": "-49.00000", "2006-09-30": "-34.00000", "2006-06-30": "-36.00000", "2006-03-31": "-35.00000", "2005-12-31": "-41.00000", "2005-09-30": "-28.00000", "2005-06-30": "-30.00000", "2005-03-31": "-28.00000"}, "Pre-Tax Income": {"2020-12-31": "352.00000", "2020-09-30": "316.00000", "2020-06-30": "257.00000", "2020-03-31": "95.00000", "2019-12-31": "397.00000", "2019-09-30": "300.00000", "2019-06-30": "377.00000", "2019-03-31": "299.00000", "2018-12-31": "439.00000", "2018-09-30": "534.00000", "2018-06-30": "357.00000", "2018-03-31": "509.00000", "2017-12-31": "1092.00000", "2017-09-30": "524.00000", "2017-06-30": "311.00000", "2017-03-31": "347.00000", "2016-12-31": "353.00000", "2016-09-30": "301.00000", "2016-06-30": "364.00000", "2016-03-31": "308.00000", "2015-12-31": "391.00000", "2015-09-30": "571.00000", "2015-06-30": "338.00000", "2015-03-31": "472.00000", "2014-12-31": "-83.00000", "2014-09-30": "522.00000", "2014-06-30": "450.00000", "2014-03-31": "538.00000", "2013-12-31": "418.00000", "2013-09-30": "319.00000", "2013-06-30": "358.00000", "2013-03-31": "456.00000", "2012-12-31": "463.00000", "2012-09-30": "639.00000", "2012-06-30": "435.00000", "2012-03-31": "608.00000", "2011-12-31": "461.00000", "2011-09-30": "456.00000", "2011-06-30": "384.00000", "2011-03-31": "358.00000", "2010-12-31": "386.00000", "2010-09-30": "506.00000", "2010-06-30": "379.00000", "2010-03-31": "323.00000", "2009-12-31": "319.00000", "2009-09-30": "428.00000", "2009-06-30": "351.00000", "2009-03-31": "298.00000", "2008-12-31": "289.00000", "2008-09-30": "364.00000", "2008-06-30": "265.00000", "2008-03-31": "373.00000", "2007-12-31": "276.00000", "2007-09-30": "363.00000", "2007-06-30": "272.00000", "2007-03-31": "280.00000", "2006-12-31": "280.00000", "2006-09-30": "310.00000", "2006-06-30": "271.00000", "2006-03-31": "247.00000", "2005-12-31": "292.00000", "2005-09-30": "280.00000", "2005-06-30": "231.00000", "2005-03-31": "223.00000"}, "Income Taxes": {"2020-12-31": "20.00000", "2020-09-30": "33.00000", "2020-06-30": "51.00000", "2020-03-31": "12.00000", "2019-12-31": "-91.00000", "2019-09-30": "45.00000", "2019-06-30": "88.00000", "2019-03-31": "37.00000", "2018-12-31": "105.00000", "2018-09-30": "80.00000", "2018-06-30": "36.00000", "2018-03-31": "76.00000", "2017-12-31": "656.00000", "2017-09-30": "106.00000", "2017-06-30": "105.00000", "2017-03-31": "67.00000", "2016-12-31": "68.00000", "2016-09-30": "83.00000", "2016-06-30": "98.00000", "2016-03-31": "82.00000", "2015-12-31": "101.00000", "2015-09-30": "145.00000", "2015-06-30": "102.00000", "2015-03-31": "111.00000", "2014-12-31": "36.00000", "2014-09-30": "119.00000", "2014-06-30": "112.00000", "2014-03-31": "139.00000", "2013-12-31": "103.00000", "2013-09-30": "182.00000", "2013-06-30": "82.00000", "2013-03-31": "120.00000", "2012-12-31": "127.00000", "2012-09-30": "161.00000", "2012-06-30": "102.00000", "2012-03-31": "147.00000", "2011-12-31": "104.00000", "2011-09-30": "67.00000", "2011-06-30": "62.00000", "2011-03-31": "91.00000", "2010-12-31": "109.00000", "2010-09-30": "139.00000", "2010-06-30": "90.00000", "2010-03-31": "78.00000", "2009-12-31": "101.00000", "2009-09-30": "88.00000", "2009-06-30": "45.00000", "2009-03-31": "79.00000", "2008-12-31": "83.00000", "2008-09-30": "79.00000", "2008-06-30": "40.00000", "2008-03-31": "117.00000", "2007-12-31": "45.00000", "2007-09-30": "93.00000", "2007-06-30": "58.00000", "2007-03-31": "86.00000", "2006-12-31": "48.00000", "2006-09-30": "80.00000", "2006-06-30": "79.00000", "2006-03-31": "77.00000", "2005-12-31": "66.00000", "2005-09-30": "75.00000", "2005-06-30": "53.00000", "2005-03-31": "70.00000"}, "Income After Taxes": {"2020-12-31": "332.00000", "2020-09-30": "283.00000", "2020-06-30": "206.00000", "2020-03-31": "83.00000", "2019-12-31": "488.00000", "2019-09-30": "255.00000", "2019-06-30": "289.00000", "2019-03-31": "262.00000", "2018-12-31": "334.00000", "2018-09-30": "454.00000", "2018-06-30": "321.00000", "2018-03-31": "433.00000", "2017-12-31": "436.00000", "2017-09-30": "418.00000", "2017-06-30": "206.00000", "2017-03-31": "280.00000", "2016-12-31": "285.00000", "2016-09-30": "218.00000", "2016-06-30": "266.00000", "2016-03-31": "226.00000", "2015-12-31": "290.00000", "2015-09-30": "426.00000", "2015-06-30": "236.00000", "2015-03-31": "361.00000", "2014-12-31": "-119.00000", "2014-09-30": "403.00000", "2014-06-30": "338.00000", "2014-03-31": "399.00000", "2013-12-31": "315.00000", "2013-09-30": "137.00000", "2013-06-30": "276.00000", "2013-03-31": "336.00000", "2012-12-31": "336.00000", "2012-09-30": "478.00000", "2012-06-30": "333.00000", "2012-03-31": "461.00000", "2011-12-31": "357.00000", "2011-09-30": "389.00000", "2011-06-30": "322.00000", "2011-03-31": "267.00000", "2010-12-31": "277.00000", "2010-09-30": "367.00000", "2010-06-30": "289.00000", "2010-03-31": "245.00000", "2009-12-31": "218.00000", "2009-09-30": "340.00000", "2009-06-30": "306.00000", "2009-03-31": "219.00000", "2008-12-31": "206.00000", "2008-09-30": "285.00000", "2008-06-30": "225.00000", "2008-03-31": "256.00000", "2007-12-31": "231.00000", "2007-09-30": "270.00000", "2007-06-30": "214.00000", "2007-03-31": "194.00000", "2006-12-31": "232.00000", "2006-09-30": "230.00000", "2006-06-30": "192.00000", "2006-03-31": "170.00000", "2005-12-31": "226.00000", "2005-09-30": "205.00000", "2005-06-30": "178.00000", "2005-03-31": "153.00000"}, "Other Income": {"2020-12-31": "", "2020-09-30": "", "2020-06-30": "", "2020-03-31": "", "2019-12-31": "", "2019-09-30": "", "2019-06-30": "", "2019-03-31": "", "2018-12-31": "", "2018-09-30": "", "2018-06-30": "", "2018-03-31": "", "2017-12-31": "", "2017-09-30": "", "2017-06-30": "", "2017-03-31": "", "2016-12-31": "", "2016-09-30": "", "2016-06-30": "", "2016-03-31": "", "2015-12-31": "", "2015-09-30": "", "2015-06-30": "", "2015-03-31": "", "2014-12-31": "", "2014-09-30": "", "2014-06-30": "", "2014-03-31": "", "2013-12-31": "", "2013-09-30": "", "2013-06-30": "", "2013-03-31": "", "2012-12-31": "", "2012-09-30": "", "2012-06-30": "", "2012-03-31": "", "2011-12-31": "", "2011-09-30": "", "2011-06-30": "", "2011-03-31": "", "2010-12-31": "", "2010-09-30": "", "2010-06-30": "", "2010-03-31": "", "2009-12-31": "", "2009-09-30": "", "2009-06-30": "", "2009-03-31": "", "2008-12-31": "", "2008-09-30": "", "2008-06-30": "", "2008-03-31": "", "2007-12-31": "", "2007-09-30": "", "2007-06-30": "", "2007-03-31": "", "2006-12-31": "", "2006-09-30": "", "2006-06-30": "", "2006-03-31": "", "2005-12-31": "", "2005-09-30": "", "2005-06-30": "", "2005-03-31": ""}, "Income From Continuous Operations": {"2020-12-31": "332.00000", "2020-09-30": "283.00000", "2020-06-30": "206.00000", "2020-03-31": "83.00000", "2019-12-31": "488.00000", "2019-09-30": "255.00000", "2019-06-30": "289.00000", "2019-03-31": "262.00000", "2018-12-31": "334.00000", "2018-09-30": "454.00000", "2018-06-30": "321.00000", "2018-03-31": "433.00000", "2017-12-31": "436.00000", "2017-09-30": "418.00000", "2017-06-30": "206.00000", "2017-03-31": "280.00000", "2016-12-31": "285.00000", "2016-09-30": "218.00000", "2016-06-30": "266.00000", "2016-03-31": "226.00000", "2015-12-31": "290.00000", "2015-09-30": "426.00000", "2015-06-30": "236.00000", "2015-03-31": "361.00000", "2014-12-31": "-119.00000", "2014-09-30": "403.00000", "2014-06-30": "338.00000", "2014-03-31": "399.00000", "2013-12-31": "315.00000", "2013-09-30": "137.00000", "2013-06-30": "276.00000", "2013-03-31": "336.00000", "2012-12-31": "336.00000", "2012-09-30": "478.00000", "2012-06-30": "333.00000", "2012-03-31": "461.00000", "2011-12-31": "357.00000", "2011-09-30": "389.00000", "2011-06-30": "322.00000", "2011-03-31": "267.00000", "2010-12-31": "277.00000", "2010-09-30": "367.00000", "2010-06-30": "289.00000", "2010-03-31": "245.00000", "2009-12-31": "218.00000", "2009-09-30": "340.00000", "2009-06-30": "306.00000", "2009-03-31": "219.00000", "2008-12-31": "206.00000", "2008-09-30": "285.00000", "2008-06-30": "225.00000", "2008-03-31": "256.00000", "2007-12-31": "231.00000", "2007-09-30": "270.00000", "2007-06-30": "214.00000", "2007-03-31": "194.00000", "2006-12-31": "232.00000", "2006-09-30": "230.00000", "2006-06-30": "192.00000", "2006-03-31": "170.00000", "2005-12-31": "226.00000", "2005-09-30": "205.00000", "2005-06-30": "178.00000", "2005-03-31": "153.00000"}, "Income From Discontinued Operations": {"2020-12-31": "", "2020-09-30": "", "2020-06-30": "", "2020-03-31": "", "2019-12-31": "", "2019-09-30": "", "2019-06-30": "", "2019-03-31": "", "2018-12-31": "", "2018-09-30": "", "2018-06-30": "", "2018-03-31": "", "2017-12-31": "", "2017-09-30": "", "2017-06-30": "", "2017-03-31": "", "2016-12-31": "-18.00000", "2016-09-30": "422.00000", "2016-06-30": "70.00000", "2016-03-31": "138.00000", "2015-12-31": "-15.00000", "2015-09-30": "", "2015-06-30": "", "2015-03-31": "", "2014-12-31": "", "2014-09-30": "", "2014-06-30": "", "2014-03-31": "", "2013-12-31": "", "2013-09-30": "", "2013-06-30": "", "2013-03-31": "", "2012-12-31": "", "2012-09-30": "", "2012-06-30": "", "2012-03-31": "", "2011-12-31": "", "2011-09-30": "", "2011-06-30": "", "2011-03-31": "", "2010-12-31": "", "2010-09-30": "", "2010-06-30": "", "2010-03-31": "", "2009-12-31": "", "2009-09-30": "", "2009-06-30": "", "2009-03-31": "", "2008-12-31": "", "2008-09-30": "", "2008-06-30": "", "2008-03-31": "", "2007-12-31": "", "2007-09-30": "", "2007-06-30": "", "2007-03-31": "", "2006-12-31": "", "2006-09-30": "", "2006-06-30": "", "2006-03-31": "", "2005-12-31": "", "2005-09-30": "", "2005-06-30": "", "2005-03-31": ""}, "Net Income": {"2020-12-31": "332.00000", "2020-09-30": "283.00000", "2020-06-30": "206.00000", "2020-03-31": "83.00000", "2019-12-31": "488.00000", "2019-09-30": "255.00000", "2019-06-30": "289.00000", "2019-03-31": "262.00000", "2018-12-31": "334.00000", "2018-09-30": "454.00000", "2018-06-30": "321.00000", "2018-03-31": "433.00000", "2017-12-31": "436.00000", "2017-09-30": "418.00000", "2017-06-30": "206.00000", "2017-03-31": "280.00000", "2016-12-31": "267.00000", "2016-09-30": "640.00000", "2016-06-30": "336.00000", "2016-03-31": "364.00000", "2015-12-31": "275.00000", "2015-09-30": "421.00000", "2015-06-30": "235.00000", "2015-03-31": "362.00000", "2014-12-31": "-86.00000", "2014-09-30": "404.00000", "2014-06-30": "334.00000", "2014-03-31": "399.00000", "2013-12-31": "321.00000", "2013-09-30": "152.00000", "2013-06-30": "281.00000", "2013-03-31": "337.00000", "2012-12-31": "337.00000", "2012-09-30": "471.00000", "2012-06-30": "331.00000", "2012-03-31": "458.00000", "2011-12-31": "356.00000", "2011-09-30": "383.00000", "2011-06-30": "316.00000", "2011-03-31": "264.00000", "2010-12-31": "274.00000", "2010-09-30": "357.00000", "2010-06-30": "286.00000", "2010-03-31": "241.00000", "2009-12-31": "216.00000", "2009-09-30": "334.00000", "2009-06-30": "303.00000", "2009-03-31": "218.00000", "2008-12-31": "204.00000", "2008-09-30": "282.00000", "2008-06-30": "224.00000", "2008-03-31": "254.00000", "2007-12-31": "231.00000", "2007-09-30": "270.00000", "2007-06-30": "214.00000", "2007-03-31": "194.00000", "2006-12-31": "232.00000", "2006-09-30": "230.00000", "2006-06-30": "192.00000", "2006-03-31": "170.00000", "2005-12-31": "226.00000", "2005-09-30": "205.00000", "2005-06-30": "178.00000", "2005-03-31": "153.00000"}, "EBITDA": {"2020-12-31": "", "2020-09-30": "518.00000", "2020-06-30": "326.00000", "2020-03-31": "277.00000", "2019-12-31": "574.00000", "2019-09-30": "510.00000", "2019-06-30": "499.00000", "2019-03-31": "459.00000", "2018-12-31": "775.00000", "2018-09-30": "585.00000", "2018-06-30": "483.00000", "2018-03-31": "590.00000", "2017-12-31": "1273.00000", "2017-09-30": "703.00000", "2017-06-30": "484.00000", "2017-03-31": "554.00000", "2016-12-31": "575.00000", "2016-09-30": "475.00000", "2016-06-30": "489.00000", "2016-03-31": "422.00000", "2015-12-31": "243.00000", "2015-09-30": "782.00000", "2015-06-30": "558.00000", "2015-03-31": "645.00000", "2014-12-31": "-216.00000", "2014-09-30": "731.00000", "2014-06-30": "659.00000", "2014-03-31": "711.00000", "2013-12-31": "819.00000", "2013-09-30": "523.00000", "2013-06-30": "560.00000", "2013-03-31": "617.00000", "2012-12-31": "728.00000", "2012-09-30": "828.00000", "2012-06-30": "631.00000", "2012-03-31": "772.00000", "2011-12-31": "718.00000", "2011-09-30": "645.00000", "2011-06-30": "565.00000", "2011-03-31": "524.00000", "2010-12-31": "646.00000", "2010-09-30": "671.00000", "2010-06-30": "558.00000", "2010-03-31": "483.00000", "2009-12-31": "570.00000", "2009-09-30": "609.00000", "2009-06-30": "523.00000", "2009-03-31": "468.00000", "2008-12-31": "530.00000", "2008-09-30": "550.00000", "2008-06-30": "447.00000", "2008-03-31": "546.00000", "2007-12-31": "510.00000", "2007-09-30": "530.00000", "2007-06-30": "431.00000", "2007-03-31": "428.00000", "2006-12-31": "489.00000", "2006-09-30": "453.00000", "2006-06-30": "418.00000", "2006-03-31": "381.00000", "2005-12-31": "483.00000", "2005-09-30": "419.00000", "2005-06-30": "372.00000", "2005-03-31": "348.00000"}, "EBIT": {"2020-12-31": "482.00000", "2020-09-30": "471.00000", "2020-06-30": "300.00000", "2020-03-31": "250.00000", "2019-12-31": "546.00000", "2019-09-30": "480.00000", "2019-06-30": "471.00000", "2019-03-31": "433.00000", "2018-12-31": "741.00000", "2018-09-30": "553.00000", "2018-06-30": "449.00000", "2018-03-31": "553.00000", "2017-12-31": "1215.00000", "2017-09-30": "643.00000", "2017-06-30": "419.00000", "2017-03-31": "484.00000", "2016-12-31": "489.00000", "2016-09-30": "398.00000", "2016-06-30": "415.00000", "2016-03-31": "349.00000", "2015-12-31": "429.00000", "2015-09-30": "603.00000", "2015-06-30": "371.00000", "2015-03-31": "506.00000", "2014-12-31": "-43.00000", "2014-09-30": "550.00000", "2014-06-30": "479.00000", "2014-03-31": "571.00000", "2013-12-31": "571.00000", "2013-09-30": "350.00000", "2013-06-30": "390.00000", "2013-03-31": "487.00000", "2012-12-31": "505.00000", "2012-09-30": "671.00000", "2012-06-30": "473.00000", "2012-03-31": "645.00000", "2011-12-31": "507.00000", "2011-09-30": "488.00000", "2011-06-30": "419.00000", "2011-03-31": "401.00000", "2010-12-31": "440.00000", "2010-09-30": "544.00000", "2010-06-30": "421.00000", "2010-03-31": "364.00000", "2009-12-31": "375.00000", "2009-09-30": "470.00000", "2009-06-30": "394.00000", "2009-03-31": "351.00000", "2008-12-31": "363.00000", "2008-09-30": "411.00000", "2008-06-30": "317.00000", "2008-03-31": "426.00000", "2007-12-31": "330.00000", "2007-09-30": "401.00000", "2007-06-30": "310.00000", "2007-03-31": "316.00000", "2006-12-31": "329.00000", "2006-09-30": "344.00000", "2006-06-30": "307.00000", "2006-03-31": "282.00000", "2005-12-31": "333.00000", "2005-09-30": "308.00000", "2005-06-30": "261.00000", "2005-03-31": "251.00000"}, "Basic Shares Outstanding": {"2020-12-31": "302.00000", "2020-09-30": "303.00000", "2020-06-30": "303.00000", "2020-03-31": "302.00000", "2019-12-31": "306.00000", "2019-09-30": "306.00000", "2019-06-30": "307.00000", "2019-03-31": "308.00000", "2018-12-31": "322.00000", "2018-09-30": "318.00000", "2018-06-30": "324.00000", "2018-03-31": "332.00000", "2017-12-31": "347.00000", "2017-09-30": "345.00000", "2017-06-30": "350.00000", "2017-03-31": "357.00000", "2016-12-31": "368.00000", "2016-09-30": "388.00000", "2016-06-30": "408.00000", "2016-03-31": "415.00000", "2015-12-31": "433.00000", "2015-09-30": "436.00000", "2015-06-30": "437.00000", "2015-03-31": "438.00000", "2014-12-31": "441.00000", "2014-09-30": "443.00000", "2014-06-30": "446.00000", "2014-03-31": "447.00000", "2013-12-31": "448.00000", "2013-09-30": "451.00000", "2013-06-30": "454.00000", "2013-03-31": "455.00000", "2012-12-31": "461.00000", "2012-09-30": "460.00000", "2012-06-30": "465.00000", "2012-03-31": "465.00000", "2011-12-31": "469.00000", "2011-09-30": "469.00000", "2011-06-30": "471.00000", "2011-03-31": "473.00000", "2010-12-31": "474.00000", "2010-09-30": "473.00000", "2010-06-30": "473.00000", "2010-03-31": "474.00000", "2009-12-31": "471.00000", "2009-09-30": "472.00000", "2009-06-30": "470.00000", "2009-03-31": "466.00000", "2008-12-31": "475.00000", "2008-09-30": "470.00000", "2008-06-30": "480.00000", "2008-03-31": "486.00000", "2007-12-31": "522.00000", "2007-09-30": "523.00000", "2007-06-30": "528.00000", "2007-03-31": "533.00000", "2006-12-31": "546.00000", "2006-09-30": "537.00000", "2006-06-30": "544.00000", "2006-03-31": "552.00000", "2005-12-31": "572.00000", "2005-09-30": "570.00000", "2005-06-30": "576.00000", "2005-03-31": "582.00000"}, "Shares Outstanding": {"2020-12-31": "307.00000", "2020-09-30": "307.00000", "2020-06-30": "307.00000", "2020-03-31": "307.00000", "2019-12-31": "313.00000", "2019-09-30": "313.00000", "2019-06-30": "314.00000", "2019-03-31": "315.00000", "2018-12-31": "329.00000", "2018-09-30": "325.00000", "2018-06-30": "331.00000", "2018-03-31": "340.00000", "2017-12-31": "355.00000", "2017-09-30": "353.00000", "2017-06-30": "358.00000", "2017-03-31": "364.00000", "2016-12-31": "374.00000", "2016-09-30": "395.00000", "2016-06-30": "415.00000", "2016-03-31": "421.00000", "2015-12-31": "439.00000", "2015-09-30": "444.00000", "2015-06-30": "445.00000", "2015-03-31": "446.00000", "2014-12-31": "441.00000", "2014-09-30": "452.00000", "2014-06-30": "455.00000", "2014-03-31": "456.00000", "2013-12-31": "458.00000", "2013-09-30": "461.00000", "2013-06-30": "464.00000", "2013-03-31": "465.00000", "2012-12-31": "473.00000", "2012-09-30": "472.00000", "2012-06-30": "477.00000", "2012-03-31": "478.00000", "2011-12-31": "481.00000", "2011-09-30": "481.00000", "2011-06-30": "484.00000", "2011-03-31": "486.00000", "2010-12-31": "486.00000", "2010-09-30": "484.00000", "2010-06-30": "485.00000", "2010-03-31": "485.00000", "2009-12-31": "483.00000", "2009-09-30": "485.00000", "2009-06-30": "483.00000", "2009-03-31": "479.00000", "2008-12-31": "491.00000", "2008-09-30": "487.00000", "2008-06-30": "498.00000", "2008-03-31": "504.00000", "2007-12-31": "541.00000", "2007-09-30": "541.00000", "2007-06-30": "547.00000", "2007-03-31": "551.00000", "2006-12-31": "564.00000", "2006-09-30": "555.00000", "2006-06-30": "563.00000", "2006-03-31": "572.00000", "2005-12-31": "597.00000", "2005-09-30": "596.00000", "2005-06-30": "602.00000", "2005-03-31": "608.00000"}, "Basic EPS": {"2020-12-31": "1.10000", "2020-09-30": "0.94000", "2020-06-30": "0.68000", "2020-03-31": "0.28000", "2019-12-31": "1.61000", "2019-09-30": "0.83000", "2019-06-30": "0.94000", "2019-03-31": "0.85000", "2018-12-31": "1.08000", "2018-09-30": "1.43000", "2018-06-30": "0.99000", "2018-03-31": "1.30000", "2017-12-31": "1.28000", "2017-09-30": "1.21000", "2017-06-30": "0.59000", "2017-03-31": "0.78000", "2016-12-31": "0.72000", "2016-09-30": "1.65000", "2016-06-30": "0.82000", "2016-03-31": "0.88000", "2015-12-31": "0.64000", "2015-09-30": "0.97000", "2015-06-30": "0.54000", "2015-03-31": "0.83000", "2014-12-31": "-0.20000", "2014-09-30": "0.91000", "2014-06-30": "0.75000", "2014-03-31": "0.89000", "2013-12-31": "0.72000", "2013-09-30": "0.34000", "2013-06-30": "0.62000", "2013-03-31": "0.74000", "2012-12-31": "0.74000", "2012-09-30": "1.02000", "2012-06-30": "0.71000", "2012-03-31": "0.99000", "2011-12-31": "0.76000", "2011-09-30": "0.82000", "2011-06-30": "0.67000", "2011-03-31": "0.56000", "2010-12-31": "0.56000", "2010-09-30": "0.76000", "2010-06-30": "0.61000", "2010-03-31": "0.51000", "2009-12-31": "0.45000", "2009-09-30": "0.71000", "2009-06-30": "0.65000", "2009-03-31": "0.47000", "2008-12-31": "0.44000", "2008-09-30": "0.60000", "2008-06-30": "0.47000", "2008-03-31": "0.52000", "2007-12-31": "0.45000", "2007-09-30": "0.52000", "2007-06-30": "0.41000", "2007-03-31": "0.36000", "2006-12-31": "0.42000", "2006-09-30": "0.43000", "2006-06-30": "0.35000", "2006-03-31": "0.31000", "2005-12-31": "0.40000", "2005-09-30": "0.36000", "2005-06-30": "0.31000", "2005-03-31": "0.26000"}, "EPS - Earnings Per Share": {"2020-12-31": "1.08000", "2020-09-30": "0.92000", "2020-06-30": "0.67000", "2020-03-31": "0.27000", "2019-12-31": "1.58000", "2019-09-30": "0.81000", "2019-06-30": "0.92000", "2019-03-31": "0.83000", "2018-12-31": "1.05000", "2018-09-30": "1.40000", "2018-06-30": "0.97000", "2018-03-31": "1.27000", "2017-12-31": "1.24000", "2017-09-30": "1.18000", "2017-06-30": "0.58000", "2017-03-31": "0.77000", "2016-12-31": "0.71000", "2016-09-30": "1.62000", "2016-06-30": "0.81000", "2016-03-31": "0.87000", "2015-12-31": "0.63000", "2015-09-30": "0.95000", "2015-06-30": "0.53000", "2015-03-31": "0.81000", "2014-12-31": "-0.20000", "2014-09-30": "0.89000", "2014-06-30": "0.73000", "2014-03-31": "0.87000", "2013-12-31": "0.70000", "2013-09-30": "0.33000", "2013-06-30": "0.61000", "2013-03-31": "0.72000", "2012-12-31": "0.73000", "2012-09-30": "1.00000", "2012-06-30": "0.69000", "2012-03-31": "0.96000", "2011-12-31": "0.75000", "2011-09-30": "0.80000", "2011-06-30": "0.65000", "2011-03-31": "0.54000", "2010-12-31": "0.55000", "2010-09-30": "0.74000", "2010-06-30": "0.59000", "2010-03-31": "0.50000", "2009-12-31": "0.44000", "2009-09-30": "0.69000", "2009-06-30": "0.63000", "2009-03-31": "0.46000", "2008-12-31": "0.43000", "2008-09-30": "0.58000", "2008-06-30": "0.45000", "2008-03-31": "0.50000", "2007-12-31": "0.44000", "2007-09-30": "0.50000", "2007-06-30": "0.39000", "2007-03-31": "0.35000", "2006-12-31": "0.40500", "2006-09-30": "0.42000", "2006-06-30": "0.34000", "2006-03-31": "0.29500", "2005-12-31": "0.39000", "2005-09-30": "0.34500", "2005-06-30": "0.29500", "2005-03-31": "0.25000"}}, "balance sheet": {"Cash On Hand": {"2020-12-31": "730.00000", "2019-12-31": "605.00000", "2018-12-31": "292.00000", "2017-12-31": "1522.00000", "2016-12-31": "725.00000", "2015-12-31": "313.00000", "2014-12-31": "578.00000", "2013-12-31": "573.00000", "2012-12-31": "776.00000", "2011-12-31": "1198.00000", "2010-12-31": "1426.00000", "2009-12-31": "353.00000", "2008-12-31": "216.00000", "2007-12-31": "789.00000", "2006-12-31": "319.00000", "2005-12-31": "201.00000"}, "Receivables": {"2020-12-31": "534.00000", "2019-12-31": "584.00000", "2018-12-31": "561.00000", "2017-12-31": "400.00000", "2016-12-31": "370.00000", "2015-12-31": "324.00000", "2014-12-31": "325.00000", "2013-12-31": "319.00000", "2012-12-31": "301.00000", "2011-12-31": "286.00000", "2010-12-31": "256.00000", "2009-12-31": "239.00000", "2008-12-31": "229.00000", "2007-12-31": "225.00000", "2006-12-31": "220.00000", "2005-12-31": "236.00000"}, "Inventory": {"2020-12-31": "", "2019-12-31": "", "2018-12-31": "", "2017-12-31": "", "2016-12-31": "37.00000", "2015-12-31": "40.00000", "2014-12-31": "301.00000", "2013-12-31": "294.00000", "2012-12-31": "313.00000", "2011-12-31": "273.00000", "2010-12-31": "189.00000", "2009-12-31": "122.00000", "2008-12-31": "143.00000", "2007-12-31": "128.00000", "2006-12-31": "93.00000", "2005-12-31": "85.00000"}, "Pre-Paid Expenses": {"2020-12-31": "425.00000", "2019-12-31": "338.00000", "2018-12-31": "354.00000", "2017-12-31": "384.00000", "2016-12-31": "236.00000", "2015-12-31": "133.00000", "2014-12-31": "254.00000", "2013-12-31": "286.00000", "2012-12-31": "272.00000", "2011-12-31": "338.00000", "2010-12-31": "269.00000", "2009-12-31": "314.00000", "2008-12-31": "172.00000", "2007-12-31": "142.00000", "2006-12-31": "138.00000", "2005-12-31": "75.00000"}, "Other Current Assets": {"2020-12-31": "", "2019-12-31": "", "2018-12-31": "", "2017-12-31": "201.00000", "2016-12-31": "137.00000", "2015-12-31": "103.00000", "2014-12-31": "95.00000", "2013-12-31": "96.00000", "2012-12-31": "136.00000", "2011-12-31": "114.00000", "2010-12-31": "112.00000", "2009-12-31": "99.00000", "2008-12-31": "110.00000", "2007-12-31": "72.00000", "2006-12-31": "74.00000", "2005-12-31": "77.00000"}, "Total Current Assets": {"2020-12-31": "1689.00000", "2019-12-31": "1527.00000", "2018-12-31": "1207.00000", "2017-12-31": "2507.00000", "2016-12-31": "1505.00000", "2015-12-31": "1687.00000", "2014-12-31": "1553.00000", "2013-12-31": "1691.00000", "2012-12-31": "1925.00000", "2011-12-31": "2321.00000", "2010-12-31": "2313.00000", "2009-12-31": "1208.00000", "2008-12-31": "951.00000", "2007-12-31": "1481.00000", "2006-12-31": "901.00000", "2005-12-31": "855.00000"}, "Property, Plant, And Equipment": {"2020-12-31": "1235.00000", "2019-12-31": "1170.00000", "2018-12-31": "1237.00000", "2017-12-31": "1594.00000", "2016-12-31": "2113.00000", "2015-12-31": "2347.00000", "2014-12-31": "4498.00000", "2013-12-31": "4459.00000", "2012-12-31": "4250.00000", "2011-12-31": "4042.00000", "2010-12-31": "3830.00000", "2009-12-31": "3899.00000", "2008-12-31": "3710.00000", "2007-12-31": "3849.00000", "2006-12-31": "3631.00000", "2005-12-31": "3356.00000"}, "Long-Term Investments": {"2020-12-31": "", "2019-12-31": "", "2018-12-31": "", "2017-12-31": "", "2016-12-31": "", "2015-12-31": "", "2014-12-31": "52.00000", "2013-12-31": "53.00000", "2012-12-31": "72.00000", "2011-12-31": "167.00000", "2010-12-31": "154.00000", "2009-12-31": "144.00000", "2008-12-31": "65.00000", "2007-12-31": "153.00000", "2006-12-31": "138.00000", "2005-12-31": "173.00000"}, "Goodwill And Intangible Assets": {"2020-12-31": "940.00000", "2019-12-31": "774.00000", "2018-12-31": "767.00000", "2017-12-31": "726.00000", "2016-12-31": "687.00000", "2015-12-31": "735.00000", "2014-12-31": "1018.00000", "2013-12-31": "1527.00000", "2012-12-31": "1724.00000", "2011-12-31": "980.00000", "2010-12-31": "1134.00000", "2009-12-31": "1102.00000", "2008-12-31": "940.00000", "2007-12-31": "1026.00000", "2006-12-31": "1009.00000", "2005-12-31": "868.00000"}, "Other Long-Term Assets": {"2020-12-31": "1435.00000", "2019-12-31": "1313.00000", "2018-12-31": "724.00000", "2017-12-31": "345.00000", "2016-12-31": "376.00000", "2015-12-31": "330.00000", "2014-12-31": "560.00000", "2013-12-31": "566.00000", "2012-12-31": "575.00000", "2011-12-31": "775.00000", "2010-12-31": "519.00000", "2009-12-31": "544.00000", "2008-12-31": "561.00000", "2007-12-31": "443.00000", "2006-12-31": "369.00000", "2005-12-31": "320.00000"}, "Total Long-Term Assets": {"2020-12-31": "4163.00000", "2019-12-31": "3704.00000", "2018-12-31": "2923.00000", "2017-12-31": "2804.00000", "2016-12-31": "3948.00000", "2015-12-31": "6374.00000", "2014-12-31": "6781.00000", "2013-12-31": "7004.00000", "2012-12-31": "7088.00000", "2011-12-31": "6513.00000", "2010-12-31": "6003.00000", "2009-12-31": "5940.00000", "2008-12-31": "5576.00000", "2007-12-31": "5707.00000", "2006-12-31": "5467.00000", "2005-12-31": "4942.00000"}, "Total Assets": {"2020-12-31": "5852.00000", "2019-12-31": "5231.00000", "2018-12-31": "4130.00000", "2017-12-31": "5311.00000", "2016-12-31": "5453.00000", "2015-12-31": "8061.00000", "2014-12-31": "8334.00000", "2013-12-31": "8695.00000", "2012-12-31": "9013.00000", "2011-12-31": "8834.00000", "2010-12-31": "8316.00000", "2009-12-31": "7148.00000", "2008-12-31": "6527.00000", "2007-12-31": "7188.00000", "2006-12-31": "6368.00000", "2005-12-31": "5797.00000"}, "Total Current Liabilities": {"2020-12-31": "1675.00000", "2019-12-31": "1541.00000", "2018-12-31": "1301.00000", "2017-12-31": "1512.00000", "2016-12-31": "1306.00000", "2015-12-31": "3087.00000", "2014-12-31": "2409.00000", "2013-12-31": "2265.00000", "2012-12-31": "2279.00000", "2011-12-31": "2450.00000", "2010-12-31": "2448.00000", "2009-12-31": "1653.00000", "2008-12-31": "1722.00000", "2007-12-31": "2062.00000", "2006-12-31": "1724.00000", "2005-12-31": "1623.00000"}, "Long Term Debt": {"2020-12-31": "10272.00000", "2019-12-31": "10131.00000", "2018-12-31": "9751.00000", "2017-12-31": "9429.00000", "2016-12-31": "9059.00000", "2015-12-31": "3007.00000", "2014-12-31": "3077.00000", "2013-12-31": "2918.00000", "2012-12-31": "2932.00000", "2011-12-31": "2997.00000", "2010-12-31": "2915.00000", "2009-12-31": "3207.00000", "2008-12-31": "3564.00000", "2007-12-31": "2924.00000", "2006-12-31": "2045.00000", "2005-12-31": "1649.00000"}, "Other Non-Current Liabilities": {"2020-12-31": "1796.00000", "2019-12-31": "1575.00000", "2018-12-31": "1004.00000", "2017-12-31": "704.00000", "2016-12-31": "703.00000", "2015-12-31": "745.00000", "2014-12-31": "1235.00000", "2013-12-31": "1244.00000", "2012-12-31": "1490.00000", "2011-12-31": "1471.00000", "2010-12-31": "1284.00000", "2009-12-31": "1174.00000", "2008-12-31": "1335.00000", "2007-12-31": "1063.00000", "2006-12-31": "1147.00000", "2005-12-31": "1076.00000"}, "Total Long Term Liabilities": {"2020-12-31": "12068.00000", "2019-12-31": "11706.00000", "2018-12-31": "10755.00000", "2017-12-31": "10133.00000", "2016-12-31": "9762.00000", "2015-12-31": "4005.00000", "2014-12-31": "4321.00000", "2013-12-31": "4201.00000", "2012-12-31": "4481.00000", "2011-12-31": "4468.00000", "2010-12-31": "4199.00000", "2009-12-31": "4381.00000", "2008-12-31": "4899.00000", "2007-12-31": "3987.00000", "2006-12-31": "3192.00000", "2005-12-31": "2725.00000"}, "Total Liabilities": {"2020-12-31": "13743.00000", "2019-12-31": "13247.00000", "2018-12-31": "12056.00000", "2017-12-31": "11645.00000", "2016-12-31": "11068.00000", "2015-12-31": "7092.00000", "2014-12-31": "6730.00000", "2013-12-31": "6466.00000", "2012-12-31": "6760.00000", "2011-12-31": "6918.00000", "2010-12-31": "6647.00000", "2009-12-31": "6034.00000", "2008-12-31": "6621.00000", "2007-12-31": "6049.00000", "2006-12-31": "4916.00000", "2005-12-31": "4348.00000"}, "Common Stock Net": {"2020-12-31": "-7480.00000", "2019-12-31": "", "2018-12-31": "", "2017-12-31": "", "2016-12-31": "", "2015-12-31": "", "2014-12-31": "", "2013-12-31": "0.00000", "2012-12-31": "0.00000", "2011-12-31": "18.00000", "2010-12-31": "86.00000", "2009-12-31": "253.00000", "2008-12-31": "7.00000", "2007-12-31": "", "2006-12-31": "", "2005-12-31": ""}, "Retained Earnings (Accumulated Deficit)": {"2020-12-31": "", "2019-12-31": "-7628.00000", "2018-12-31": "-7592.00000", "2017-12-31": "-6063.00000", "2016-12-31": "-5157.00000", "2015-12-31": "1150.00000", "2014-12-31": "1737.00000", "2013-12-31": "2102.00000", "2012-12-31": "2286.00000", "2011-12-31": "2052.00000", "2010-12-31": "1717.00000", "2009-12-31": "996.00000", "2008-12-31": "303.00000", "2007-12-31": "1119.00000", "2006-12-31": "1608.00000", "2005-12-31": "1619.00000"}, "Comprehensive Income": {"2020-12-31": "-411.00000", "2019-12-31": "-388.00000", "2018-12-31": "-334.00000", "2017-12-31": "-271.00000", "2016-12-31": "-458.00000", "2015-12-31": "-239.00000", "2014-12-31": "-190.00000", "2013-12-31": "64.00000", "2012-12-31": "-132.00000", "2011-12-31": "-247.00000", "2010-12-31": "-227.00000", "2009-12-31": "-224.00000", "2008-12-31": "-418.00000", "2007-12-31": "20.00000", "2006-12-31": "-156.00000", "2005-12-31": "-170.00000"}, "Other Share Holders Equity": {"2020-12-31": "", "2019-12-31": "", "2018-12-31": "", "2017-12-31": "", "2016-12-31": "", "2015-12-31": "", "2014-12-31": "", "2013-12-31": "", "2012-12-31": "", "2011-12-31": "", "2010-12-31": "", "2009-12-31": "", "2008-12-31": "", "2007-12-31": "", "2006-12-31": "", "2005-12-31": ""}, "Share Holder Equity": {"2020-12-31": "-7891.00000", "2019-12-31": "-8016.00000", "2018-12-31": "-7926.00000", "2017-12-31": "-6334.00000", "2016-12-31": "-5615.00000", "2015-12-31": "969.00000", "2014-12-31": "1604.00000", "2013-12-31": "2229.00000", "2012-12-31": "2253.00000", "2011-12-31": "1916.00000", "2010-12-31": "1669.00000", "2009-12-31": "1114.00000", "2008-12-31": "-94.00000", "2007-12-31": "1139.00000", "2006-12-31": "1452.00000", "2005-12-31": "1449.00000"}, "Total Liabilities And Share Holders Equity": {"2020-12-31": "5852.00000", "2019-12-31": "5231.00000", "2018-12-31": "4130.00000", "2017-12-31": "5311.00000", "2016-12-31": "5453.00000", "2015-12-31": "8061.00000", "2014-12-31": "8334.00000", "2013-12-31": "8695.00000", "2012-12-31": "9013.00000", "2011-12-31": "8834.00000", "2010-12-31": "8316.00000", "2009-12-31": "7148.00000", "2008-12-31": "6527.00000", "2007-12-31": "7188.00000", "2006-12-31": "6368.00000", "2005-12-31": "5797.00000"}}, "balance sheet, quarterly": {"Cash On Hand": {"2020-12-31": "730.00000", "2020-09-30": "1110.00000", "2020-06-30": "1243.00000", "2020-03-31": "1154.00000", "2019-12-31": "605.00000", "2019-09-30": "691.00000", "2019-06-30": "252.00000", "2019-03-31": "278.00000", "2018-12-31": "292.00000", "2018-09-30": "198.00000", "2018-06-30": "313.00000", "2018-03-31": "982.00000", "2017-12-31": "1522.00000", "2017-09-30": "980.00000", "2017-06-30": "970.00000", "2017-03-31": "525.00000", "2016-12-31": "725.00000", "2016-09-30": "2885.00000", "2016-06-30": "795.00000", "2016-03-31": "934.00000", "2015-12-31": "313.00000", "2015-09-30": "861.00000", "2015-06-30": "636.00000", "2015-03-31": "675.00000", "2014-12-31": "578.00000", "2014-09-30": "1011.00000", "2014-06-30": "831.00000", "2014-03-31": "734.00000", "2013-12-31": "573.00000", "2013-09-30": "753.00000", "2013-06-30": "500.00000", "2013-03-31": "762.00000", "2012-12-31": "776.00000", "2012-09-30": "942.00000", "2012-06-30": "984.00000", "2012-03-31": "1099.00000", "2011-12-31": "1198.00000", "2011-09-30": "1236.00000", "2011-06-30": "955.00000", "2011-03-31": "1529.00000", "2010-12-31": "1426.00000", "2010-09-30": "1274.00000", "2010-06-30": "530.00000", "2010-03-31": "444.00000", "2009-12-31": "353.00000", "2009-09-30": "424.00000", "2009-06-30": "284.00000", "2009-03-31": "289.00000", "2008-12-31": "216.00000", "2008-09-30": "294.00000", "2008-06-30": "325.00000", "2008-03-31": "481.00000", "2007-12-31": "789.00000", "2007-09-30": "507.00000", "2007-06-30": "436.00000", "2007-03-31": "341.00000", "2006-12-31": "319.00000", "2006-09-30": "394.00000", "2006-06-30": "341.00000", "2006-03-31": "195.00000", "2005-12-31": "201.00000", "2005-09-30": "352.00000", "2005-06-30": "200.00000", "2005-03-31": "192.00000"}, "Receivables": {"2020-12-31": "534.00000", "2020-09-30": "522.00000", "2020-06-30": "530.00000", "2020-03-31": "511.00000", "2019-12-31": "584.00000", "2019-09-30": "527.00000", "2019-06-30": "535.00000", "2019-03-31": "543.00000", "2018-12-31": "561.00000", "2018-09-30": "528.00000", "2018-06-30": "527.00000", "2018-03-31": "501.00000", "2017-12-31": "400.00000", "2017-09-30": "358.00000", "2017-06-30": "356.00000", "2017-03-31": "355.00000", "2016-12-31": "370.00000", "2016-09-30": "440.00000", "2016-06-30": "395.00000", "2016-03-31": "418.00000", "2015-12-31": "324.00000", "2015-09-30": "355.00000", "2015-06-30": "350.00000", "2015-03-31": "373.00000", "2014-12-31": "325.00000", "2014-09-30": "373.00000", "2014-06-30": "352.00000", "2014-03-31": "354.00000", "2013-12-31": "319.00000", "2013-09-30": "348.00000", "2013-06-30": "352.00000", "2013-03-31": "368.00000", "2012-12-31": "301.00000", "2012-09-30": "302.00000", "2012-06-30": "323.00000", "2012-03-31": "341.00000", "2011-12-31": "286.00000", "2011-09-30": "281.00000", "2011-06-30": "295.00000", "2011-03-31": "311.00000", "2010-12-31": "256.00000", "2010-09-30": "249.00000", "2010-06-30": "260.00000", "2010-03-31": "303.00000", "2009-12-31": "239.00000", "2009-09-30": "241.00000", "2009-06-30": "278.00000", "2009-03-31": "283.00000", "2008-12-31": "229.00000", "2008-09-30": "251.00000", "2008-06-30": "237.00000", "2008-03-31": "268.00000", "2007-12-31": "225.00000", "2007-09-30": "250.00000", "2007-06-30": "252.00000", "2007-03-31": "278.00000", "2006-12-31": "220.00000", "2006-09-30": "223.00000", "2006-06-30": "223.00000", "2006-03-31": "258.00000", "2005-12-31": "236.00000", "2005-09-30": "227.00000", "2005-06-30": "212.00000", "2005-03-31": "200.00000"}, "Inventory": {"2020-12-31": "", "2020-09-30": "", "2020-06-30": "", "2020-03-31": "", "2019-12-31": "", "2019-09-30": "", "2019-06-30": "", "2019-03-31": "", "2018-12-31": "", "2018-09-30": "", "2018-06-30": "", "2018-03-31": "", "2017-12-31": "", "2017-09-30": "15.00000", "2017-06-30": "31.00000", "2017-03-31": "34.00000", "2016-12-31": "37.00000", "2016-09-30": "255.00000", "2016-06-30": "255.00000", "2016-03-31": "210.00000", "2015-12-31": "40.00000", "2015-09-30": "230.00000", "2015-06-30": "279.00000", "2015-03-31": "276.00000", "2014-12-31": "301.00000", "2014-09-30": "266.00000", "2014-06-30": "282.00000", "2014-03-31": "258.00000", "2013-12-31": "294.00000", "2013-09-30": "300.00000", "2013-06-30": "319.00000", "2013-03-31": "288.00000", "2012-12-31": "313.00000", "2012-09-30": "291.00000", "2012-06-30": "305.00000", "2012-03-31": "291.00000", "2011-12-31": "273.00000", "2011-09-30": "186.00000", "2011-06-30": "173.00000", "2011-03-31": "156.00000", "2010-12-31": "189.00000", "2010-09-30": "149.00000", "2010-06-30": "138.00000", "2010-03-31": "113.00000", "2009-12-31": "122.00000", "2009-09-30": "116.00000", "2009-06-30": "134.00000", "2009-03-31": "124.00000", "2008-12-31": "143.00000", "2008-09-30": "157.00000", "2008-06-30": "139.00000", "2008-03-31": "130.00000", "2007-12-31": "128.00000", "2007-09-30": "96.00000", "2007-06-30": "98.00000", "2007-03-31": "97.00000", "2006-12-31": "93.00000", "2006-09-30": "80.00000", "2006-06-30": "84.00000", "2006-03-31": "84.00000", "2005-12-31": "85.00000", "2005-09-30": "74.00000", "2005-06-30": "77.00000", "2005-03-31": "81.00000"}, "Pre-Paid Expenses": {"2020-12-31": "425.00000", "2020-09-30": "398.00000", "2020-06-30": "625.00000", "2020-03-31": "326.00000", "2019-12-31": "338.00000", "2019-09-30": "330.00000", "2019-06-30": "335.00000", "2019-03-31": "365.00000", "2018-12-31": "354.00000", "2018-09-30": "443.00000", "2018-06-30": "363.00000", "2018-03-31": "406.00000", "2017-12-31": "384.00000", "2017-09-30": "465.00000", "2017-06-30": "267.00000", "2017-03-31": "215.00000", "2016-12-31": "236.00000", "2016-09-30": "287.00000", "2016-06-30": "332.00000", "2016-03-31": "279.00000", "2015-12-31": "133.00000", "2015-09-30": "248.00000", "2015-06-30": "276.00000", "2015-03-31": "259.00000", "2014-12-31": "254.00000", "2014-09-30": "226.00000", "2014-06-30": "231.00000", "2014-03-31": "238.00000", "2013-12-31": "286.00000", "2013-09-30": "233.00000", "2013-06-30": "238.00000", "2013-03-31": "227.00000", "2012-12-31": "272.00000", "2012-09-30": "323.00000", "2012-06-30": "390.00000", "2012-03-31": "427.00000", "2011-12-31": "338.00000", "2011-09-30": "466.00000", "2011-06-30": "232.00000", "2011-03-31": "264.00000", "2010-12-31": "269.00000", "2010-09-30": "313.00000", "2010-06-30": "340.00000", "2010-03-31": "303.00000", "2009-12-31": "314.00000", "2009-09-30": "287.00000", "2009-06-30": "201.00000", "2009-03-31": "191.00000", "2008-12-31": "172.00000", "2008-09-30": "180.00000", "2008-06-30": "212.00000", "2008-03-31": "197.00000", "2007-12-31": "142.00000", "2007-09-30": "139.00000", "2007-06-30": "152.00000", "2007-03-31": "147.00000", "2006-12-31": "138.00000", "2006-09-30": "90.00000", "2006-06-30": "100.00000", "2006-03-31": "95.00000", "2005-12-31": "75.00000", "2005-09-30": "81.00000", "2005-06-30": "91.00000", "2005-03-31": "149.00000"}, "Other Current Assets": {"2020-12-31": "", "2020-09-30": "", "2020-06-30": "", "2020-03-31": "", "2019-12-31": "", "2019-09-30": "", "2019-06-30": "", "2019-03-31": "", "2018-12-31": "", "2018-09-30": "", "2018-06-30": "", "2018-03-31": "", "2017-12-31": "201.00000", "2017-09-30": "181.00000", "2017-06-30": "161.00000", "2017-03-31": "148.00000", "2016-12-31": "137.00000", "2016-09-30": "136.00000", "2016-06-30": "102.00000", "2016-03-31": "122.00000", "2015-12-31": "103.00000", "2015-09-30": "112.00000", "2015-06-30": "84.00000", "2015-03-31": "103.00000", "2014-12-31": "95.00000", "2014-09-30": "73.00000", "2014-06-30": "57.00000", "2014-03-31": "98.00000", "2013-12-31": "96.00000", "2013-09-30": "80.00000", "2013-06-30": "81.00000", "2013-03-31": "120.00000", "2012-12-31": "136.00000", "2012-09-30": "113.00000", "2012-06-30": "104.00000", "2012-03-31": "139.00000", "2011-12-31": "114.00000", "2011-09-30": "106.00000", "2011-06-30": "122.00000", "2011-03-31": "117.00000", "2010-12-31": "112.00000", "2010-09-30": "109.00000", "2010-06-30": "89.00000", "2010-03-31": "96.00000", "2009-12-31": "99.00000", "2009-09-30": "84.00000", "2009-06-30": "90.00000", "2009-03-31": "100.00000", "2008-12-31": "110.00000", "2008-09-30": "103.00000", "2008-06-30": "98.00000", "2008-03-31": "95.00000", "2007-12-31": "72.00000", "2007-09-30": "76.00000", "2007-06-30": "76.00000", "2007-03-31": "90.00000", "2006-12-31": "74.00000", "2006-09-30": "99.00000", "2006-06-30": "97.00000", "2006-03-31": "102.00000", "2005-12-31": "77.00000", "2005-09-30": "76.00000", "2005-06-30": "78.00000", "2005-03-31": "76.00000"}, "Total Current Assets": {"2020-12-31": "1689.00000", "2020-09-30": "2030.00000", "2020-06-30": "2398.00000", "2020-03-31": "1991.00000", "2019-12-31": "1527.00000", "2019-09-30": "1548.00000", "2019-06-30": "1122.00000", "2019-03-31": "1186.00000", "2018-12-31": "1207.00000", "2018-09-30": "1169.00000", "2018-06-30": "1203.00000", "2018-03-31": "1889.00000", "2017-12-31": "2507.00000", "2017-09-30": "1999.00000", "2017-06-30": "1785.00000", "2017-03-31": "1277.00000", "2016-12-31": "1505.00000", "2016-09-30": "4003.00000", "2016-06-30": "1879.00000", "2016-03-31": "1963.00000", "2015-12-31": "1687.00000", "2015-09-30": "1919.00000", "2015-06-30": "1729.00000", "2015-03-31": "1783.00000", "2014-12-31": "1553.00000", "2014-09-30": "2070.00000", "2014-06-30": "1882.00000", "2014-03-31": "1809.00000", "2013-12-31": "1691.00000", "2013-09-30": "1830.00000", "2013-06-30": "1605.00000", "2013-03-31": "1898.00000", "2012-12-31": "1925.00000", "2012-09-30": "2079.00000", "2012-06-30": "2231.00000", "2012-03-31": "2425.00000", "2011-12-31": "2321.00000", "2011-09-30": "2351.00000", "2011-06-30": "1841.00000", "2011-03-31": "2436.00000", "2010-12-31": "2313.00000", "2010-09-30": "2175.00000", "2010-06-30": "1464.00000", "2010-03-31": "1404.00000", "2009-12-31": "1208.00000", "2009-09-30": "1206.00000", "2009-06-30": "1071.00000", "2009-03-31": "1065.00000", "2008-12-31": "951.00000", "2008-09-30": "1138.00000", "2008-06-30": "1156.00000", "2008-03-31": "1300.00000", "2007-12-31": "1481.00000", "2007-09-30": "1165.00000", "2007-06-30": "1104.00000", "2007-03-31": "1041.00000", "2006-12-31": "901.00000", "2006-09-30": "1036.00000", "2006-06-30": "1003.00000", "2006-03-31": "893.00000", "2005-12-31": "855.00000", "2005-09-30": "967.00000", "2005-06-30": "801.00000", "2005-03-31": "845.00000"}, "Property, Plant, And Equipment": {"2020-12-31": "1235.00000", "2020-09-30": "1229.00000", "2020-06-30": "1265.00000", "2020-03-31": "1252.00000", "2019-12-31": "1170.00000", "2019-09-30": "1151.00000", "2019-06-30": "1193.00000", "2019-03-31": "1212.00000", "2018-12-31": "1237.00000", "2018-09-30": "1378.00000", "2018-06-30": "1533.00000", "2018-03-31": "1651.00000", "2017-12-31": "1594.00000", "2017-09-30": "1861.00000", "2017-06-30": "2021.00000", "2017-03-31": "2084.00000", "2016-12-31": "2113.00000", "2016-09-30": "4010.00000", "2016-06-30": "4096.00000", "2016-03-31": "4111.00000", "2015-12-31": "2347.00000", "2015-09-30": "4263.00000", "2015-06-30": "4372.00000", "2015-03-31": "4374.00000", "2014-12-31": "4498.00000", "2014-09-30": "4480.00000", "2014-06-30": "4425.00000", "2014-03-31": "4378.00000", "2013-12-31": "4459.00000", "2013-09-30": "4257.00000", "2013-06-30": "4252.00000", "2013-03-31": "4258.00000", "2012-12-31": "4250.00000", "2012-09-30": "4119.00000", "2012-06-30": "4102.00000", "2012-03-31": "4041.00000", "2011-12-31": "4042.00000", "2011-09-30": "3872.00000", "2011-06-30": "3907.00000", "2011-03-31": "3852.00000", "2010-12-31": "3830.00000", "2010-09-30": "3770.00000", "2010-06-30": "3694.00000", "2010-03-31": "3766.00000", "2009-12-31": "3899.00000", "2009-09-30": "3844.00000", "2009-06-30": "3807.00000", "2009-03-31": "3670.00000", "2008-12-31": "3710.00000", "2008-09-30": "3884.00000", "2008-06-30": "3875.00000", "2008-03-31": "3807.00000", "2007-12-31": "3849.00000", "2007-09-30": "3600.00000", "2007-06-30": "3552.00000", "2007-03-31": "3570.00000", "2006-12-31": "3631.00000", "2006-09-30": "3276.00000", "2006-06-30": "3300.00000", "2006-03-31": "3295.00000", "2005-12-31": "3356.00000", "2005-09-30": "3373.00000", "2005-06-30": "3371.00000", "2005-03-31": "3433.00000"}, "Long-Term Investments": {"2020-12-31": "", "2020-09-30": "", "2020-06-30": "", "2020-03-31": "", "2019-12-31": "", "2019-09-30": "", "2019-06-30": "", "2019-03-31": "", "2018-12-31": "", "2018-09-30": "", "2018-06-30": "", "2018-03-31": "", "2017-12-31": "", "2017-09-30": "", "2017-06-30": "", "2017-03-31": "", "2016-12-31": "", "2016-09-30": "64.00000", "2016-06-30": "46.00000", "2016-03-31": "36.00000", "2015-12-31": "", "2015-09-30": "53.00000", "2015-06-30": "39.00000", "2015-03-31": "32.00000", "2014-12-31": "52.00000", "2014-09-30": "58.00000", "2014-06-30": "49.00000", "2014-03-31": "40.00000", "2013-12-31": "53.00000", "2013-09-30": "42.00000", "2013-06-30": "29.00000", "2013-03-31": "31.00000", "2012-12-31": "72.00000", "2012-09-30": "58.00000", "2012-06-30": "42.00000", "2012-03-31": "33.00000", "2011-12-31": "167.00000", "2011-09-30": "158.00000", "2011-06-30": "143.00000", "2011-03-31": "135.00000", "2010-12-31": "154.00000", "2010-09-30": "145.00000", "2010-06-30": "132.00000", "2010-03-31": "124.00000", "2009-12-31": "144.00000", "2009-09-30": "98.00000", "2009-06-30": "23.00000", "2009-03-31": "32.00000", "2008-12-31": "65.00000", "2008-09-30": "57.00000", "2008-06-30": "43.00000", "2008-03-31": "33.00000", "2007-12-31": "153.00000", "2007-09-30": "140.00000", "2007-06-30": "118.00000", "2007-03-31": "108.00000", "2006-12-31": "138.00000", "2006-09-30": "190.00000", "2006-06-30": "173.00000", "2006-03-31": "157.00000", "2005-12-31": "173.00000", "2005-09-30": "190.00000", "2005-06-30": "179.00000", "2005-03-31": "208.00000"}, "Goodwill And Intangible Assets": {"2020-12-31": "940.00000", "2020-09-30": "929.00000", "2020-06-30": "946.00000", "2020-03-31": "943.00000", "2019-12-31": "774.00000", "2019-09-30": "764.00000", "2019-06-30": "769.00000", "2019-03-31": "772.00000", "2018-12-31": "767.00000", "2018-09-30": "573.00000", "2018-06-30": "592.00000", "2018-03-31": "619.00000", "2017-12-31": "726.00000", "2017-09-30": "641.00000", "2017-06-30": "687.00000", "2017-03-31": "689.00000", "2016-12-31": "687.00000", "2016-09-30": "893.00000", "2016-06-30": "913.00000", "2016-03-31": "909.00000", "2015-12-31": "735.00000", "2015-09-30": "961.00000", "2015-06-30": "978.00000", "2015-03-31": "983.00000", "2014-12-31": "1018.00000", "2014-09-30": "1508.00000", "2014-06-30": "1490.00000", "2014-03-31": "1514.00000", "2013-12-31": "1527.00000", "2013-09-30": "1526.00000", "2013-06-30": "1827.00000", "2013-03-31": "1719.00000", "2012-12-31": "1724.00000", "2012-09-30": "1719.00000", "2012-06-30": "1743.00000", "2012-03-31": "1773.00000", "2011-12-31": "980.00000", "2011-09-30": "958.00000", "2011-06-30": "1079.00000", "2011-03-31": "1077.00000", "2010-12-31": "1134.00000", "2010-09-30": "1140.00000", "2010-06-30": "1057.00000", "2010-03-31": "1076.00000", "2009-12-31": "1102.00000", "2009-09-30": "1133.00000", "2009-06-30": "1101.00000", "2009-03-31": "947.00000", "2008-12-31": "940.00000", "2008-09-30": "978.00000", "2008-06-30": "993.00000", "2008-03-31": "988.00000", "2007-12-31": "1026.00000", "2007-09-30": "1011.00000", "2007-06-30": "996.00000", "2007-03-31": "1003.00000", "2006-12-31": "1009.00000", "2006-09-30": "884.00000", "2006-06-30": "881.00000", "2006-03-31": "867.00000", "2005-12-31": "868.00000", "2005-09-30": "882.00000", "2005-06-30": "890.00000", "2005-03-31": "897.00000"}, "Other Long-Term Assets": {"2020-12-31": "1435.00000", "2020-09-30": "1361.00000", "2020-06-30": "1313.00000", "2020-03-31": "1398.00000", "2019-12-31": "1313.00000", "2019-09-30": "1316.00000", "2019-06-30": "1378.00000", "2019-03-31": "1372.00000", "2018-12-31": "724.00000", "2018-09-30": "886.00000", "2018-06-30": "787.00000", "2018-03-31": "490.00000", "2017-12-31": "345.00000", "2017-09-30": "304.00000", "2017-06-30": "340.00000", "2017-03-31": "357.00000", "2016-12-31": "376.00000", "2016-09-30": "562.00000", "2016-06-30": "528.00000", "2016-03-31": "500.00000", "2015-12-31": "330.00000", "2015-09-30": "547.00000", "2015-06-30": "554.00000", "2015-03-31": "547.00000", "2014-12-31": "560.00000", "2014-09-30": "561.00000", "2014-06-30": "557.00000", "2014-03-31": "563.00000", "2013-12-31": "566.00000", "2013-09-30": "567.00000", "2013-06-30": "571.00000", "2013-03-31": "571.00000", "2012-12-31": "575.00000", "2012-09-30": "528.00000", "2012-06-30": "512.00000", "2012-03-31": "531.00000", "2011-12-31": "775.00000", "2011-09-30": "786.00000", "2011-06-30": "816.00000", "2011-03-31": "507.00000", "2010-12-31": "519.00000", "2010-09-30": "529.00000", "2010-06-30": "529.00000", "2010-03-31": "539.00000", "2009-12-31": "544.00000", "2009-09-30": "549.00000", "2009-06-30": "582.00000", "2009-03-31": "558.00000", "2008-12-31": "561.00000", "2008-09-30": "572.00000", "2008-06-30": "471.00000", "2008-03-31": "477.00000", "2007-12-31": "443.00000", "2007-09-30": "388.00000", "2007-06-30": "395.00000", "2007-03-31": "369.00000", "2006-12-31": "369.00000", "2006-09-30": "515.00000", "2006-06-30": "507.00000", "2006-03-31": "505.00000", "2005-12-31": "320.00000", "2005-09-30": "462.00000", "2005-06-30": "434.00000", "2005-03-31": "415.00000"}, "Total Long-Term Assets": {"2020-12-31": "4163.00000", "2020-09-30": "4031.00000", "2020-06-30": "4023.00000", "2020-03-31": "4094.00000", "2019-12-31": "3704.00000", "2019-09-30": "3455.00000", "2019-06-30": "3552.00000", "2019-03-31": "3558.00000", "2018-12-31": "2923.00000", "2018-09-30": "2986.00000", "2018-06-30": "3123.00000", "2018-03-31": "2947.00000", "2017-12-31": "2804.00000", "2017-09-30": "3455.00000", "2017-06-30": "3811.00000", "2017-03-31": "3874.00000", "2016-12-31": "3948.00000", "2016-09-30": "6429.00000", "2016-06-30": "6305.00000", "2016-03-31": "6258.00000", "2015-12-31": "6374.00000", "2015-09-30": "6387.00000", "2015-06-30": "6565.00000", "2015-03-31": "6522.00000", "2014-12-31": "6781.00000", "2014-09-30": "7107.00000", "2014-06-30": "6928.00000", "2014-03-31": "6896.00000", "2013-12-31": "7004.00000", "2013-09-30": "6900.00000", "2013-06-30": "7159.00000", "2013-03-31": "7047.00000", "2012-12-31": "7088.00000", "2012-09-30": "6895.00000", "2012-06-30": "6946.00000", "2012-03-31": "6918.00000", "2011-12-31": "6513.00000", "2011-09-30": "6198.00000", "2011-06-30": "6366.00000", "2011-03-31": "5990.00000", "2010-12-31": "6003.00000", "2010-09-30": "5913.00000", "2010-06-30": "5681.00000", "2010-03-31": "5737.00000", "2009-12-31": "5940.00000", "2009-09-30": "5915.00000", "2009-06-30": "5853.00000", "2009-03-31": "5505.00000", "2008-12-31": "5576.00000", "2008-09-30": "5682.00000", "2008-06-30": "5670.00000", "2008-03-31": "5613.00000", "2007-12-31": "5707.00000", "2007-09-30": "5433.00000", "2007-06-30": "5326.00000", "2007-03-31": "5338.00000", "2006-12-31": "5467.00000", "2006-09-30": "4865.00000", "2006-06-30": "4861.00000", "2006-03-31": "4824.00000", "2005-12-31": "4942.00000", "2005-09-30": "4907.00000", "2005-06-30": "4874.00000", "2005-03-31": "4953.00000"}, "Total Assets": {"2020-12-31": "5852.00000", "2020-09-30": "6061.00000", "2020-06-30": "6421.00000", "2020-03-31": "6085.00000", "2019-12-31": "5231.00000", "2019-09-30": "5003.00000", "2019-06-30": "4674.00000", "2019-03-31": "4744.00000", "2018-12-31": "4130.00000", "2018-09-30": "4155.00000", "2018-06-30": "4326.00000", "2018-03-31": "4836.00000", "2017-12-31": "5311.00000", "2017-09-30": "5454.00000", "2017-06-30": "5596.00000", "2017-03-31": "5151.00000", "2016-12-31": "5453.00000", "2016-09-30": "10432.00000", "2016-06-30": "8184.00000", "2016-03-31": "8221.00000", "2015-12-31": "8061.00000", "2015-09-30": "8306.00000", "2015-06-30": "8294.00000", "2015-03-31": "8305.00000", "2014-12-31": "8334.00000", "2014-09-30": "9177.00000", "2014-06-30": "8810.00000", "2014-03-31": "8705.00000", "2013-12-31": "8695.00000", "2013-09-30": "8730.00000", "2013-06-30": "8764.00000", "2013-03-31": "8945.00000", "2012-12-31": "9013.00000", "2012-09-30": "8974.00000", "2012-06-30": "9177.00000", "2012-03-31": "9343.00000", "2011-12-31": "8834.00000", "2011-09-30": "8549.00000", "2011-06-30": "8207.00000", "2011-03-31": "8426.00000", "2010-12-31": "8316.00000", "2010-09-30": "8088.00000", "2010-06-30": "7145.00000", "2010-03-31": "7141.00000", "2009-12-31": "7148.00000", "2009-09-30": "7121.00000", "2009-06-30": "6924.00000", "2009-03-31": "6570.00000", "2008-12-31": "6527.00000", "2008-09-30": "6820.00000", "2008-06-30": "6826.00000", "2008-03-31": "6913.00000", "2007-12-31": "7188.00000", "2007-09-30": "6598.00000", "2007-06-30": "6430.00000", "2007-03-31": "6379.00000", "2006-12-31": "6368.00000", "2006-09-30": "5901.00000", "2006-06-30": "5864.00000", "2006-03-31": "5717.00000", "2005-12-31": "5797.00000", "2005-09-30": "5874.00000", "2005-06-30": "5675.00000", "2005-03-31": "5798.00000"}, "Total Current Liabilities": {"2020-12-31": "1675.00000", "2020-09-30": "1553.00000", "2020-06-30": "1475.00000", "2020-03-31": "1500.00000", "2019-12-31": "1541.00000", "2019-09-30": "987.00000", "2019-06-30": "1186.00000", "2019-03-31": "1327.00000", "2018-12-31": "1301.00000", "2018-09-30": "1194.00000", "2018-06-30": "924.00000", "2018-03-31": "1109.00000", "2017-12-31": "1512.00000", "2017-09-30": "1403.00000", "2017-06-30": "1478.00000", "2017-03-31": "1558.00000", "2016-12-31": "1306.00000", "2016-09-30": "2299.00000", "2016-06-30": "2279.00000", "2016-03-31": "4648.00000", "2015-12-31": "3087.00000", "2015-09-30": "2642.00000", "2015-06-30": "2689.00000", "2015-03-31": "2290.00000", "2014-12-31": "2409.00000", "2014-09-30": "2112.00000", "2014-06-30": "2153.00000", "2014-03-31": "2150.00000", "2013-12-31": "2265.00000", "2013-09-30": "1989.00000", "2013-06-30": "1990.00000", "2013-03-31": "2089.00000", "2012-12-31": "2279.00000", "2012-09-30": "2057.00000", "2012-06-30": "2313.00000", "2012-03-31": "2391.00000", "2011-12-31": "2450.00000", "2011-09-30": "2267.00000", "2011-06-30": "1711.00000", "2011-03-31": "2288.00000", "2010-12-31": "2448.00000", "2010-09-30": "2301.00000", "2010-06-30": "2213.00000", "2010-03-31": "1596.00000", "2009-12-31": "1653.00000", "2009-09-30": "1534.00000", "2009-06-30": "1552.00000", "2009-03-31": "1505.00000", "2008-12-31": "1722.00000", "2008-09-30": "1703.00000", "2008-06-30": "1646.00000", "2008-03-31": "1960.00000", "2007-12-31": "2062.00000", "2007-09-30": "1866.00000", "2007-06-30": "1695.00000", "2007-03-31": "1488.00000", "2006-12-31": "1724.00000", "2006-09-30": "1587.00000", "2006-06-30": "1359.00000", "2006-03-31": "1651.00000", "2005-12-31": "1623.00000", "2005-09-30": "1665.00000", "2005-06-30": "1574.00000", "2005-03-31": "1378.00000"}, "Long Term Debt": {"2020-12-31": "10272.00000", "2020-09-30": "10647.00000", "2020-06-30": "11252.00000", "2020-03-31": "11059.00000", "2019-12-31": "10131.00000", "2019-09-30": "10491.00000", "2019-06-30": "9869.00000", "2019-03-31": "9736.00000", "2018-12-31": "9751.00000", "2018-09-30": "9405.00000", "2018-06-30": "9612.00000", "2018-03-31": "9419.00000", "2017-12-31": "9429.00000", "2017-09-30": "9479.00000", "2017-06-30": "9474.00000", "2017-03-31": "8715.00000", "2016-12-31": "9059.00000", "2016-09-30": "9119.00000", "2016-06-30": "5324.00000", "2016-03-31": "2510.00000", "2015-12-31": "3007.00000", "2015-09-30": "2651.00000", "2015-06-30": "2831.00000", "2015-03-31": "3121.00000", "2014-12-31": "3077.00000", "2014-09-30": "3315.00000", "2014-06-30": "3095.00000", "2014-03-31": "2949.00000", "2013-12-31": "2918.00000", "2013-09-30": "2917.00000", "2013-06-30": "2918.00000", "2013-03-31": "2924.00000", "2012-12-31": "2932.00000", "2012-09-30": "3003.00000", "2012-06-30": "2995.00000", "2012-03-31": "3006.00000", "2011-12-31": "2997.00000", "2011-09-30": "2940.00000", "2011-06-30": "3269.00000", "2011-03-31": "2918.00000", "2010-12-31": "2915.00000", "2010-09-30": "2905.00000", "2010-06-30": "2518.00000", "2010-03-31": "3219.00000", "2009-12-31": "3207.00000", "2009-09-30": "3258.00000", "2009-06-30": "3516.00000", "2009-03-31": "3512.00000", "2008-12-31": "3564.00000", "2008-09-30": "3596.00000", "2008-06-30": "3374.00000", "2008-03-31": "3372.00000", "2007-12-31": "2924.00000", "2007-09-30": "2124.00000", "2007-06-30": "2088.00000", "2007-03-31": "2208.00000", "2006-12-31": "2045.00000", "2006-09-30": "1932.00000", "2006-06-30": "2027.00000", "2006-03-31": "1710.00000", "2005-12-31": "1649.00000", "2005-09-30": "1590.00000", "2005-06-30": "1562.00000", "2005-03-31": "1708.00000"}, "Other Non-Current Liabilities": {"2020-12-31": "1796.00000", "2020-09-30": "1780.00000", "2020-06-30": "1802.00000", "2020-03-31": "1755.00000", "2019-12-31": "1575.00000", "2019-09-30": "1622.00000", "2019-06-30": "1613.00000", "2019-03-31": "1585.00000", "2018-12-31": "1004.00000", "2018-09-30": "1014.00000", "2018-06-30": "1037.00000", "2018-03-31": "1062.00000", "2017-12-31": "704.00000", "2017-09-30": "693.00000", "2017-06-30": "746.00000", "2017-03-31": "690.00000", "2016-12-31": "703.00000", "2016-09-30": "844.00000", "2016-06-30": "912.00000", "2016-03-31": "846.00000", "2015-12-31": "745.00000", "2015-09-30": "1120.00000", "2015-06-30": "1141.00000", "2015-03-31": "1123.00000", "2014-12-31": "1235.00000", "2014-09-30": "1146.00000", "2014-06-30": "1200.00000", "2014-03-31": "1233.00000", "2013-12-31": "1244.00000", "2013-09-30": "1524.00000", "2013-06-30": "1512.00000", "2013-03-31": "1515.00000", "2012-12-31": "1490.00000", "2012-09-30": "1575.00000", "2012-06-30": "1597.00000", "2012-03-31": "1667.00000", "2011-12-31": "1471.00000", "2011-09-30": "1259.00000", "2011-06-30": "1339.00000", "2011-03-31": "1361.00000", "2010-12-31": "1284.00000", "2010-09-30": "1239.00000", "2010-06-30": "1188.00000", "2010-03-31": "1209.00000", "2009-12-31": "1174.00000", "2009-09-30": "1340.00000", "2009-06-30": "1299.00000", "2009-03-31": "1377.00000", "2008-12-31": "1335.00000", "2008-09-30": "1155.00000", "2008-06-30": "1224.00000", "2008-03-31": "1202.00000", "2007-12-31": "1063.00000", "2007-09-30": "1186.00000", "2007-06-30": "1190.00000", "2007-03-31": "1224.00000", "2006-12-31": "1147.00000", "2006-09-30": "1054.00000", "2006-06-30": "1073.00000", "2006-03-31": "1026.00000", "2005-12-31": "1076.00000", "2005-09-30": "1019.00000", "2005-06-30": "992.00000", "2005-03-31": "1004.00000"}, "Total Long Term Liabilities": {"2020-12-31": "12068.00000", "2020-09-30": "12427.00000", "2020-06-30": "13054.00000", "2020-03-31": "12814.00000", "2019-12-31": "11706.00000", "2019-09-30": "12113.00000", "2019-06-30": "11482.00000", "2019-03-31": "11321.00000", "2018-12-31": "10755.00000", "2018-09-30": "10419.00000", "2018-06-30": "10649.00000", "2018-03-31": "10481.00000", "2017-12-31": "10133.00000", "2017-09-30": "10172.00000", "2017-06-30": "10220.00000", "2017-03-31": "9405.00000", "2016-12-31": "9762.00000", "2016-09-30": "9963.00000", "2016-06-30": "6236.00000", "2016-03-31": "3363.00000", "2015-12-31": "4005.00000", "2015-09-30": "3779.00000", "2015-06-30": "3980.00000", "2015-03-31": "4252.00000", "2014-12-31": "4321.00000", "2014-09-30": "4497.00000", "2014-06-30": "4331.00000", "2014-03-31": "4220.00000", "2013-12-31": "4201.00000", "2013-09-30": "4481.00000", "2013-06-30": "4489.00000", "2013-03-31": "4498.00000", "2012-12-31": "4481.00000", "2012-09-30": "4623.00000", "2012-06-30": "4637.00000", "2012-03-31": "4673.00000", "2011-12-31": "4468.00000", "2011-09-30": "4199.00000", "2011-06-30": "4608.00000", "2011-03-31": "4279.00000", "2010-12-31": "4199.00000", "2010-09-30": "4144.00000", "2010-06-30": "3706.00000", "2010-03-31": "4428.00000", "2009-12-31": "4381.00000", "2009-09-30": "4598.00000", "2009-06-30": "4815.00000", "2009-03-31": "4889.00000", "2008-12-31": "4899.00000", "2008-09-30": "4751.00000", "2008-06-30": "4598.00000", "2008-03-31": "4574.00000", "2007-12-31": "3987.00000", "2007-09-30": "3310.00000", "2007-06-30": "3278.00000", "2007-03-31": "3432.00000", "2006-12-31": "3192.00000", "2006-09-30": "2986.00000", "2006-06-30": "3100.00000", "2006-03-31": "2736.00000", "2005-12-31": "2725.00000", "2005-09-30": "2609.00000", "2005-06-30": "2554.00000", "2005-03-31": "2712.00000"}, "Total Liabilities": {"2020-12-31": "13743.00000", "2020-09-30": "13980.00000", "2020-06-30": "14529.00000", "2020-03-31": "14314.00000", "2019-12-31": "13247.00000", "2019-09-30": "13100.00000", "2019-06-30": "12668.00000", "2019-03-31": "12648.00000", "2018-12-31": "12056.00000", "2018-09-30": "11613.00000", "2018-06-30": "11573.00000", "2018-03-31": "11590.00000", "2017-12-31": "11645.00000", "2017-09-30": "11575.00000", "2017-06-30": "11698.00000", "2017-03-31": "10963.00000", "2016-12-31": "11068.00000", "2016-09-30": "12262.00000", "2016-06-30": "8515.00000", "2016-03-31": "8011.00000", "2015-12-31": "7092.00000", "2015-09-30": "6421.00000", "2015-06-30": "6669.00000", "2015-03-31": "6542.00000", "2014-12-31": "6730.00000", "2014-09-30": "6609.00000", "2014-06-30": "6484.00000", "2014-03-31": "6370.00000", "2013-12-31": "6466.00000", "2013-09-30": "6470.00000", "2013-06-30": "6479.00000", "2013-03-31": "6587.00000", "2012-12-31": "6760.00000", "2012-09-30": "6680.00000", "2012-06-30": "6950.00000", "2012-03-31": "7064.00000", "2011-12-31": "6918.00000", "2011-09-30": "6466.00000", "2011-06-30": "6319.00000", "2011-03-31": "6567.00000", "2010-12-31": "6647.00000", "2010-09-30": "6445.00000", "2010-06-30": "5919.00000", "2010-03-31": "6024.00000", "2009-12-31": "6034.00000", "2009-09-30": "6132.00000", "2009-06-30": "6367.00000", "2009-03-31": "6394.00000", "2008-12-31": "6621.00000", "2008-09-30": "6454.00000", "2008-06-30": "6244.00000", "2008-03-31": "6534.00000", "2007-12-31": "6049.00000", "2007-09-30": "5176.00000", "2007-06-30": "4973.00000", "2007-03-31": "4920.00000", "2006-12-31": "4916.00000", "2006-09-30": "4573.00000", "2006-06-30": "4459.00000", "2006-03-31": "4387.00000", "2005-12-31": "4348.00000", "2005-09-30": "4274.00000", "2005-06-30": "4128.00000", "2005-03-31": "4090.00000"}, "Common Stock Net": {"2020-12-31": "-7480.00000", "2020-09-30": "23.00000", "2020-06-30": "11.00000", "2020-03-31": "15.00000", "2019-12-31": "", "2019-09-30": "", "2019-06-30": "0.00000", "2019-03-31": "0.00000", "2018-12-31": "", "2018-09-30": "", "2018-06-30": "", "2018-03-31": "", "2017-12-31": "", "2017-09-30": "", "2017-06-30": "", "2017-03-31": "", "2016-12-31": "", "2016-09-30": "", "2016-06-30": "", "2016-03-31": "2.00000", "2015-12-31": "", "2015-09-30": "8.00000", "2015-06-30": "", "2015-03-31": "0.00000", "2014-12-31": "", "2014-09-30": "7.00000", "2014-06-30": "", "2014-03-31": "", "2013-12-31": "", "2013-09-30": "", "2013-06-30": "", "2013-03-31": "", "2012-12-31": "", "2012-09-30": "", "2012-06-30": "", "2012-03-31": "5.00000", "2011-12-31": "18.00000", "2011-09-30": "", "2011-06-30": "", "2011-03-31": "", "2010-12-31": "86.00000", "2010-09-30": "112.00000", "2010-06-30": "87.00000", "2010-03-31": "154.00000", "2009-12-31": "253.00000", "2009-09-30": "202.00000", "2009-06-30": "170.00000", "2009-03-31": "63.00000", "2008-12-31": "7.00000", "2008-09-30": "9.00000", "2008-06-30": "51.00000", "2008-03-31": "374.00000", "2007-12-31": "", "2007-09-30": "", "2007-06-30": "", "2007-03-31": "", "2006-12-31": "", "2006-09-30": "", "2006-06-30": "", "2006-03-31": "", "2005-12-31": "", "2005-09-30": "174.00000", "2005-06-30": "328.00000", "2005-03-31": "628.00000"}, "Retained Earnings (Accumulated Deficit)": {"2020-12-31": "", "2020-09-30": "-7490.00000", "2020-06-30": "-7631.00000", "2020-03-31": "-7695.00000", "2019-12-31": "-7628.00000", "2019-09-30": "-7669.00000", "2019-06-30": "-7614.00000", "2019-03-31": "-7580.00000", "2018-12-31": "-7592.00000", "2018-09-30": "-7141.00000", "2018-06-30": "-6965.00000", "2018-03-31": "-6539.00000", "2017-12-31": "-6063.00000", "2017-09-30": "-5817.00000", "2017-06-30": "-5710.00000", "2017-03-31": "-5433.00000", "2016-12-31": "-5157.00000", "2016-09-30": "-1572.00000", "2016-06-30": "-123.00000", "2016-03-31": "454.00000", "2015-12-31": "1150.00000", "2015-09-30": "2079.00000", "2015-06-30": "1726.00000", "2015-03-31": "1978.00000", "2014-12-31": "1737.00000", "2014-09-30": "2462.00000", "2014-06-30": "2258.00000", "2014-03-31": "2248.00000", "2013-12-31": "2102.00000", "2013-09-30": "2326.00000", "2013-06-30": "2324.00000", "2013-03-31": "2413.00000", "2012-12-31": "2286.00000", "2012-09-30": "2450.00000", "2012-06-30": "2378.00000", "2012-03-31": "2362.00000", "2011-12-31": "2052.00000", "2011-09-30": "2082.00000", "2011-06-30": "1907.00000", "2011-03-31": "1960.00000", "2010-12-31": "1717.00000", "2010-09-30": "1681.00000", "2010-06-30": "1325.00000", "2010-03-31": "1138.00000", "2009-12-31": "996.00000", "2009-09-30": "979.00000", "2009-06-30": "646.00000", "2009-03-31": "521.00000", "2008-12-31": "303.00000", "2008-09-30": "349.00000", "2008-06-30": "504.00000", "2008-03-31": "", "2007-12-31": "1119.00000", "2007-09-30": "1541.00000", "2007-06-30": "1579.00000", "2007-03-31": "1613.00000", "2006-12-31": "1608.00000", "2006-09-30": "1462.00000", "2006-06-30": "1548.00000", "2006-03-31": "1484.00000", "2005-12-31": "1619.00000", "2005-09-30": "1573.00000", "2005-06-30": "1359.00000", "2005-03-31": "1205.00000"}, "Comprehensive Income": {"2020-12-31": "-411.00000", "2020-09-30": "-452.00000", "2020-06-30": "-488.00000", "2020-03-31": "-549.00000", "2019-12-31": "-388.00000", "2019-09-30": "-428.00000", "2019-06-30": "-380.00000", "2019-03-31": "-324.00000", "2018-12-31": "-334.00000", "2018-09-30": "-317.00000", "2018-06-30": "-282.00000", "2018-03-31": "-215.00000", "2017-12-31": "-271.00000", "2017-09-30": "-304.00000", "2017-06-30": "-392.00000", "2017-03-31": "-379.00000", "2016-12-31": "-458.00000", "2016-09-30": "-324.00000", "2016-06-30": "-266.00000", "2016-03-31": "-300.00000", "2015-12-31": "-239.00000", "2015-09-30": "-262.00000", "2015-06-30": "-157.00000", "2015-03-31": "-271.00000", "2014-12-31": "-190.00000", "2014-09-30": "36.00000", "2014-06-30": "6.00000", "2014-03-31": "27.00000", "2013-12-31": "64.00000", "2013-09-30": "-132.00000", "2013-06-30": "-101.00000", "2013-03-31": "-120.00000", "2012-12-31": "-132.00000", "2012-09-30": "-253.00000", "2012-06-30": "-243.00000", "2012-03-31": "-225.00000", "2011-12-31": "-247.00000", "2011-09-30": "-89.00000", "2011-06-30": "-102.00000", "2011-03-31": "-177.00000", "2010-12-31": "-227.00000", "2010-09-30": "-237.00000", "2010-06-30": "-263.00000", "2010-03-31": "-249.00000", "2009-12-31": "-224.00000", "2009-09-30": "-279.00000", "2009-06-30": "-340.00000", "2009-03-31": "-416.00000", "2008-12-31": "-418.00000", "2008-09-30": "8.00000", "2008-06-30": "27.00000", "2008-03-31": "5.00000", "2007-12-31": "20.00000", "2007-09-30": "-119.00000", "2007-06-30": "-122.00000", "2007-03-31": "-154.00000", "2006-12-31": "-156.00000", "2006-09-30": "-134.00000", "2006-06-30": "-143.00000", "2006-03-31": "-154.00000", "2005-12-31": "-170.00000", "2005-09-30": "-147.00000", "2005-06-30": "-140.00000", "2005-03-31": "-125.00000"}, "Other Share Holders Equity": {"2020-12-31": "", "2020-09-30": "", "2020-06-30": "", "2020-03-31": "", "2019-12-31": "", "2019-09-30": "", "2019-06-30": "", "2019-03-31": "", "2018-12-31": "", "2018-09-30": "", "2018-06-30": "", "2018-03-31": "", "2017-12-31": "", "2017-09-30": "", "2017-06-30": "", "2017-03-31": "", "2016-12-31": "", "2016-09-30": "", "2016-06-30": "", "2016-03-31": "", "2015-12-31": "", "2015-09-30": "", "2015-06-30": "", "2015-03-31": "", "2014-12-31": "", "2014-09-30": "", "2014-06-30": "", "2014-03-31": "", "2013-12-31": "", "2013-09-30": "", "2013-06-30": "", "2013-03-31": "", "2012-12-31": "", "2012-09-30": "", "2012-06-30": "", "2012-03-31": "", "2011-12-31": "", "2011-09-30": "", "2011-06-30": "", "2011-03-31": "", "2010-12-31": "", "2010-09-30": "", "2010-06-30": "", "2010-03-31": "", "2009-12-31": "", "2009-09-30": "", "2009-06-30": "", "2009-03-31": "", "2008-12-31": "", "2008-09-30": "", "2008-06-30": "", "2008-03-31": "", "2007-12-31": "", "2007-09-30": "", "2007-06-30": "", "2007-03-31": "", "2006-12-31": "", "2006-09-30": "", "2006-06-30": "", "2006-03-31": "", "2005-12-31": "", "2005-09-30": "", "2005-06-30": "", "2005-03-31": ""}, "Share Holder Equity": {"2020-12-31": "-7891.00000", "2020-09-30": "-7919.00000", "2020-06-30": "-8108.00000", "2020-03-31": "-8229.00000", "2019-12-31": "-8016.00000", "2019-09-30": "-8097.00000", "2019-06-30": "-7994.00000", "2019-03-31": "-7904.00000", "2018-12-31": "-7926.00000", "2018-09-30": "-7458.00000", "2018-06-30": "-7247.00000", "2018-03-31": "-6754.00000", "2017-12-31": "-6334.00000", "2017-09-30": "-6121.00000", "2017-06-30": "-6102.00000", "2017-03-31": "-5812.00000", "2016-12-31": "-5615.00000", "2016-09-30": "-1830.00000", "2016-06-30": "-331.00000", "2016-03-31": "210.00000", "2015-12-31": "969.00000", "2015-09-30": "1885.00000", "2015-06-30": "1625.00000", "2015-03-31": "1763.00000", "2014-12-31": "1604.00000", "2014-09-30": "2568.00000", "2014-06-30": "2326.00000", "2014-03-31": "2335.00000", "2013-12-31": "2229.00000", "2013-09-30": "2260.00000", "2013-06-30": "2285.00000", "2013-03-31": "2358.00000", "2012-12-31": "2253.00000", "2012-09-30": "2294.00000", "2012-06-30": "2227.00000", "2012-03-31": "2279.00000", "2011-12-31": "1916.00000", "2011-09-30": "2083.00000", "2011-06-30": "1888.00000", "2011-03-31": "1859.00000", "2010-12-31": "1669.00000", "2010-09-30": "1643.00000", "2010-06-30": "1226.00000", "2010-03-31": "1117.00000", "2009-12-31": "1114.00000", "2009-09-30": "989.00000", "2009-06-30": "557.00000", "2009-03-31": "176.00000", "2008-12-31": "-94.00000", "2008-09-30": "366.00000", "2008-06-30": "582.00000", "2008-03-31": "379.00000", "2007-12-31": "1139.00000", "2007-09-30": "1422.00000", "2007-06-30": "1457.00000", "2007-03-31": "1459.00000", "2006-12-31": "1452.00000", "2006-09-30": "1328.00000", "2006-06-30": "1405.00000", "2006-03-31": "1330.00000", "2005-12-31": "1449.00000", "2005-09-30": "1600.00000", "2005-06-30": "1547.00000", "2005-03-31": "1708.00000"}, "Total Liabilities And Share Holders Equity": {"2020-12-31": "5852.00000", "2020-09-30": "6061.00000", "2020-06-30": "6421.00000", "2020-03-31": "6085.00000", "2019-12-31": "5231.00000", "2019-09-30": "5003.00000", "2019-06-30": "4674.00000", "2019-03-31": "4744.00000", "2018-12-31": "4130.00000", "2018-09-30": "4155.00000", "2018-06-30": "4326.00000", "2018-03-31": "4836.00000", "2017-12-31": "5311.00000", "2017-09-30": "5454.00000", "2017-06-30": "5596.00000", "2017-03-31": "5151.00000", "2016-12-31": "5453.00000", "2016-09-30": "10432.00000", "2016-06-30": "8184.00000", "2016-03-31": "8221.00000", "2015-12-31": "8061.00000", "2015-09-30": "8306.00000", "2015-06-30": "8294.00000", "2015-03-31": "8305.00000", "2014-12-31": "8334.00000", "2014-09-30": "9177.00000", "2014-06-30": "8810.00000", "2014-03-31": "8705.00000", "2013-12-31": "8695.00000", "2013-09-30": "8730.00000", "2013-06-30": "8764.00000", "2013-03-31": "8945.00000", "2012-12-31": "9013.00000", "2012-09-30": "8974.00000", "2012-06-30": "9177.00000", "2012-03-31": "9343.00000", "2011-12-31": "8834.00000", "2011-09-30": "8549.00000", "2011-06-30": "8207.00000", "2011-03-31": "8426.00000", "2010-12-31": "8316.00000", "2010-09-30": "8088.00000", "2010-06-30": "7145.00000", "2010-03-31": "7141.00000", "2009-12-31": "7148.00000", "2009-09-30": "7121.00000", "2009-06-30": "6924.00000", "2009-03-31": "6570.00000", "2008-12-31": "6527.00000", "2008-09-30": "6820.00000", "2008-06-30": "6826.00000", "2008-03-31": "6913.00000", "2007-12-31": "7188.00000", "2007-09-30": "6598.00000", "2007-06-30": "6430.00000", "2007-03-31": "6379.00000", "2006-12-31": "6368.00000", "2006-09-30": "5901.00000", "2006-06-30": "5864.00000", "2006-03-31": "5717.00000", "2005-12-31": "5797.00000", "2005-09-30": "5874.00000", "2005-06-30": "5675.00000", "2005-03-31": "5798.00000"}}, "cash flow statement": {"Net Income/Loss": {"2020-12-31": "904.00000", "2019-12-31": "1294.00000", "2018-12-31": "1542.00000", "2017-12-31": "1340.00000", "2016-12-31": "1643.00000", "2015-12-31": "1283.00000", "2014-12-31": "1051.00000", "2013-12-31": "1064.00000", "2012-12-31": "1608.00000", "2011-12-31": "1335.00000", "2010-12-31": "1178.00000", "2009-12-31": "1083.00000", "2008-12-31": "972.00000", "2007-12-31": "909.00000", "2006-12-31": "824.00000", "2005-12-31": "762.00000"}, "Total Depreciation And Amortization - Cash Flow": {"2020-12-31": "146.00000", "2019-12-31": "112.00000", "2018-12-31": "137.00000", "2017-12-31": "253.00000", "2016-12-31": "310.00000", "2015-12-31": "319.00000", "2014-12-31": "328.00000", "2013-12-31": "721.00000", "2012-12-31": "665.00000", "2011-12-31": "637.00000", "2010-12-31": "589.00000", "2009-12-31": "580.00000", "2008-12-31": "556.00000", "2007-12-31": "542.00000", "2006-12-31": "479.00000", "2005-12-31": "469.00000"}, "Other Non-Cash Items": {"2020-12-31": "167.00000", "2019-12-31": "-14.00000", "2018-12-31": "-434.00000", "2017-12-31": "-306.00000", "2016-12-31": "-662.00000", "2015-12-31": "-396.00000", "2014-12-31": "-29.00000", "2013-12-31": "457.00000", "2012-12-31": "-91.00000", "2011-12-31": "84.00000", "2010-12-31": "55.00000", "2009-12-31": "-125.00000", "2008-12-31": "-54.00000", "2007-12-31": "-31.00000", "2006-12-31": "28.00000", "2005-12-31": "-115.00000"}, "Total Non-Cash Items": {"2020-12-31": "313.00000", "2019-12-31": "98.00000", "2018-12-31": "-297.00000", "2017-12-31": "-53.00000", "2016-12-31": "-352.00000", "2015-12-31": "-77.00000", "2014-12-31": "299.00000", "2013-12-31": "1178.00000", "2012-12-31": "574.00000", "2011-12-31": "721.00000", "2010-12-31": "644.00000", "2009-12-31": "455.00000", "2008-12-31": "502.00000", "2007-12-31": "511.00000", "2006-12-31": "507.00000", "2005-12-31": "354.00000"}, "Change In Accounts Receivable": {"2020-12-31": "62.00000", "2019-12-31": "-56.00000", "2018-12-31": "-66.00000", "2017-12-31": "-19.00000", "2016-12-31": "-23.00000", "2015-12-31": "-36.00000", "2014-12-31": "-21.00000", "2013-12-31": "-12.00000", "2012-12-31": "-18.00000", "2011-12-31": "-39.00000", "2010-12-31": "-12.00000", "2009-12-31": "3.00000", "2008-12-31": "-6.00000", "2007-12-31": "-4.00000", "2006-12-31": "24.00000", "2005-12-31": "-1.00000"}, "Change In Inventories": {"2020-12-31": "", "2019-12-31": "", "2018-12-31": "", "2017-12-31": "", "2016-12-31": "", "2015-12-31": "-4.00000", "2014-12-31": "-2.00000", "2013-12-31": "18.00000", "2012-12-31": "9.00000", "2011-12-31": "-75.00000", "2010-12-31": "-68.00000", "2009-12-31": "27.00000", "2008-12-31": "-8.00000", "2007-12-31": "-31.00000", "2006-12-31": "-3.00000", "2005-12-31": "-4.00000"}, "Change In Accounts Payable": {"2020-12-31": "", "2019-12-31": "", "2018-12-31": "", "2017-12-31": "", "2016-12-31": "", "2015-12-31": "", "2014-12-31": "", "2013-12-31": "", "2012-12-31": "", "2011-12-31": "", "2010-12-31": "", "2009-12-31": "", "2008-12-31": "", "2007-12-31": "", "2006-12-31": "", "2005-12-31": ""}, "Change In Assets/Liabilities": {"2020-12-31": "8.00000", "2019-12-31": "-8.00000", "2018-12-31": "", "2017-12-31": "-10.00000", "2016-12-31": "", "2015-12-31": "-14.00000", "2014-12-31": "2.00000", "2013-12-31": "-21.00000", "2012-12-31": "-14.00000", "2011-12-31": "-25.00000", "2010-12-31": "61.00000", "2009-12-31": "-7.00000", "2008-12-31": "4.00000", "2007-12-31": "-6.00000", "2006-12-31": "-33.00000", "2005-12-31": "78.00000"}, "Total Change In Assets/Liabilities": {"2020-12-31": "88.00000", "2019-12-31": "-77.00000", "2018-12-31": "-69.00000", "2017-12-31": "-257.00000", "2016-12-31": "-43.00000", "2015-12-31": "54.00000", "2014-12-31": "-133.00000", "2013-12-31": "-103.00000", "2012-12-31": "112.00000", "2011-12-31": "114.00000", "2010-12-31": "146.00000", "2009-12-31": "-134.00000", "2008-12-31": "47.00000", "2007-12-31": "131.00000", "2006-12-31": "-74.00000", "2005-12-31": "117.00000"}, "Cash Flow From Operating Activities": {"2020-12-31": "1305.00000", "2019-12-31": "1315.00000", "2018-12-31": "1176.00000", "2017-12-31": "1030.00000", "2016-12-31": "1248.00000", "2015-12-31": "1260.00000", "2014-12-31": "1217.00000", "2013-12-31": "2139.00000", "2012-12-31": "2294.00000", "2011-12-31": "2170.00000", "2010-12-31": "1968.00000", "2009-12-31": "1404.00000", "2008-12-31": "1521.00000", "2007-12-31": "1551.00000", "2006-12-31": "1257.00000", "2005-12-31": "1233.00000"}, "Net Change In Property, Plant, And Equipment": {"2020-12-31": "-160.00000", "2019-12-31": "-196.00000", "2018-12-31": "-234.00000", "2017-12-31": "-318.00000", "2016-12-31": "-427.00000", "2015-12-31": "-442.00000", "2014-12-31": "-508.00000", "2013-12-31": "-1049.00000", "2012-12-31": "-1099.00000", "2011-12-31": "-940.00000", "2010-12-31": "-796.00000", "2009-12-31": "-763.00000", "2008-12-31": "-863.00000", "2007-12-31": "-670.00000", "2006-12-31": "-515.00000", "2005-12-31": "-528.00000"}, "Net Change In Intangible Assets": {"2020-12-31": "", "2019-12-31": "", "2018-12-31": "", "2017-12-31": "", "2016-12-31": "", "2015-12-31": "", "2014-12-31": "", "2013-12-31": "", "2012-12-31": "", "2011-12-31": "", "2010-12-31": "", "2009-12-31": "", "2008-12-31": "", "2007-12-31": "", "2006-12-31": "", "2005-12-31": ""}, "Net Acquisitions/Divestitures": {"2020-12-31": "-389.00000", "2019-12-31": "110.00000", "2018-12-31": "759.00000", "2017-12-31": "1773.00000", "2016-12-31": "370.00000", "2015-12-31": "213.00000", "2014-12-31": "83.00000", "2013-12-31": "161.00000", "2012-12-31": "-179.00000", "2011-12-31": "165.00000", "2010-12-31": "203.00000", "2009-12-31": "55.00000", "2008-12-31": "231.00000", "2007-12-31": "241.00000", "2006-12-31": "72.00000", "2005-12-31": "143.00000"}, "Net Change In Short-term Investments": {"2020-12-31": "", "2019-12-31": "", "2018-12-31": "", "2017-12-31": "", "2016-12-31": "", "2015-12-31": "", "2014-12-31": "", "2013-12-31": "", "2012-12-31": "", "2011-12-31": "", "2010-12-31": "", "2009-12-31": "", "2008-12-31": "", "2007-12-31": "", "2006-12-31": "", "2005-12-31": "12.00000"}, "Net Change In Long-Term Investments": {"2020-12-31": "206.00000", "2019-12-31": "", "2018-12-31": "-200.00000", "2017-12-31": "", "2016-12-31": "", "2015-12-31": "", "2014-12-31": "", "2013-12-31": "", "2012-12-31": "", "2011-12-31": "", "2010-12-31": "", "2009-12-31": "", "2008-12-31": "", "2007-12-31": "", "2006-12-31": "", "2005-12-31": ""}, "Net Change In Investments - Total": {"2020-12-31": "206.00000", "2019-12-31": "", "2018-12-31": "-200.00000", "2017-12-31": "", "2016-12-31": "", "2015-12-31": "", "2014-12-31": "", "2013-12-31": "", "2012-12-31": "", "2011-12-31": "", "2010-12-31": "", "2009-12-31": "", "2008-12-31": "", "2007-12-31": "", "2006-12-31": "", "2005-12-31": "12.00000"}, "Investing Activities - Other": {"2020-12-31": "8.00000", "2019-12-31": "-2.00000", "2018-12-31": "-12.00000", "2017-12-31": "17.00000", "2016-12-31": "53.00000", "2015-12-31": "30.00000", "2014-12-31": "1.00000", "2013-12-31": "2.00000", "2012-12-31": "273.00000", "2011-12-31": "-231.00000", "2010-12-31": "14.00000", "2009-12-31": "-19.00000", "2008-12-31": "-9.00000", "2007-12-31": "13.00000", "2006-12-31": "9.00000", "2005-12-31": "28.00000"}, "Cash Flow From Investing Activities": {"2020-12-31": "-335.00000", "2019-12-31": "-88.00000", "2018-12-31": "313.00000", "2017-12-31": "1472.00000", "2016-12-31": "-4.00000", "2015-12-31": "-199.00000", "2014-12-31": "-424.00000", "2013-12-31": "-886.00000", "2012-12-31": "-1005.00000", "2011-12-31": "-1006.00000", "2010-12-31": "-579.00000", "2009-12-31": "-727.00000", "2008-12-31": "-641.00000", "2007-12-31": "-416.00000", "2006-12-31": "-434.00000", "2005-12-31": "-345.00000"}, "Net Long-Term Debt": {"2020-12-31": "133.00000", "2019-12-31": "469.00000", "2018-12-31": "292.00000", "2017-12-31": "703.00000", "2016-12-31": "6577.00000", "2015-12-31": "-267.00000", "2014-12-31": "-65.00000", "2013-12-31": "-67.00000", "2012-12-31": "-282.00000", "2011-12-31": "-262.00000", "2010-12-31": "321.00000", "2009-12-31": "-29.00000", "2008-12-31": "107.00000", "2007-12-31": "1171.00000", "2006-12-31": "89.00000", "2005-12-31": "-14.00000"}, "Net Current Debt": {"2020-12-31": "-5.00000", "2019-12-31": "4.00000", "2018-12-31": "", "2017-12-31": "", "2016-12-31": "-1285.00000", "2015-12-31": "912.00000", "2014-12-31": "416.00000", "2013-12-31": "", "2012-12-31": "", "2011-12-31": "", "2010-12-31": "-8.00000", "2009-12-31": "-303.00000", "2008-12-31": "268.00000", "2007-12-31": "-340.00000", "2006-12-31": "163.00000", "2005-12-31": "126.00000"}, "Debt Issuance/Retirement Net - Total": {"2020-12-31": "128.00000", "2019-12-31": "473.00000", "2018-12-31": "292.00000", "2017-12-31": "703.00000", "2016-12-31": "5292.00000", "2015-12-31": "645.00000", "2014-12-31": "351.00000", "2013-12-31": "-67.00000", "2012-12-31": "-282.00000", "2011-12-31": "-262.00000", "2010-12-31": "313.00000", "2009-12-31": "-332.00000", "2008-12-31": "375.00000", "2007-12-31": "831.00000", "2006-12-31": "252.00000", "2005-12-31": "112.00000"}, "Net Common Equity Issued/Repurchased": {"2020-12-31": "-239.00000", "2019-12-31": "-815.00000", "2018-12-31": "-2390.00000", "2017-12-31": "-1960.00000", "2016-12-31": "-5403.00000", "2015-12-31": "-1200.00000", "2014-12-31": "-820.00000", "2013-12-31": "-733.00000", "2012-12-31": "-903.00000", "2011-12-31": "-693.00000", "2010-12-31": "-269.00000", "2009-12-31": "113.00000", "2008-12-31": "-1556.00000", "2007-12-31": "-1298.00000", "2006-12-31": "-841.00000", "2005-12-31": "-908.00000"}, "Net Total Equity Issued/Repurchased": {"2020-12-31": "-239.00000", "2019-12-31": "-815.00000", "2018-12-31": "-2390.00000", "2017-12-31": "-1960.00000", "2016-12-31": "-5403.00000", "2015-12-31": "-1200.00000", "2014-12-31": "-820.00000", "2013-12-31": "-733.00000", "2012-12-31": "-903.00000", "2011-12-31": "-693.00000", "2010-12-31": "-269.00000", "2009-12-31": "113.00000", "2008-12-31": "-1556.00000", "2007-12-31": "-1298.00000", "2006-12-31": "-841.00000", "2005-12-31": "-908.00000"}, "Total Common And Preferred Stock Dividends Paid": {"2020-12-31": "-566.00000", "2019-12-31": "-511.00000", "2018-12-31": "-462.00000", "2017-12-31": "-416.00000", "2016-12-31": "-744.00000", "2015-12-31": "-730.00000", "2014-12-31": "-669.00000", "2013-12-31": "-615.00000", "2012-12-31": "-544.00000", "2011-12-31": "-481.00000", "2010-12-31": "-412.00000", "2009-12-31": "-362.00000", "2008-12-31": "-322.00000", "2007-12-31": "-273.00000", "2006-12-31": "-144.00000", "2005-12-31": "-123.00000"}, "Financial Activities - Other": {"2020-12-31": "-61.00000", "2019-12-31": "-85.00000", "2018-12-31": "-60.00000", "2017-12-31": "-122.00000", "2016-12-31": "111.00000", "2015-12-31": "196.00000", "2014-12-31": "399.00000", "2013-12-31": "-36.00000", "2012-12-31": "13.00000", "2011-12-31": "23.00000", "2010-12-31": "31.00000", "2009-12-31": "39.00000", "2008-12-31": "44.00000", "2007-12-31": "62.00000", "2006-12-31": "63.00000", "2005-12-31": "92.00000"}, "Cash Flow From Financial Activities": {"2020-12-31": "-738.00000", "2019-12-31": "-938.00000", "2018-12-31": "-2620.00000", "2017-12-31": "-1795.00000", "2016-12-31": "-744.00000", "2015-12-31": "-1089.00000", "2014-12-31": "-739.00000", "2013-12-31": "-1451.00000", "2012-12-31": "-1716.00000", "2011-12-31": "-1413.00000", "2010-12-31": "-337.00000", "2009-12-31": "-542.00000", "2008-12-31": "-1459.00000", "2007-12-31": "-678.00000", "2006-12-31": "-670.00000", "2005-12-31": "-827.00000"}, "Net Cash Flow": {"2020-12-31": "256.00000", "2019-12-31": "294.00000", "2018-12-31": "-1194.00000", "2017-12-31": "768.00000", "2016-12-31": "466.00000", "2015-12-31": "-28.00000", "2014-12-31": "66.00000", "2013-12-31": "-203.00000", "2012-12-31": "-422.00000", "2011-12-31": "-228.00000", "2010-12-31": "1073.00000", "2009-12-31": "137.00000", "2008-12-31": "-573.00000", "2007-12-31": "470.00000", "2006-12-31": "161.00000", "2005-12-31": "96.00000"}, "Stock-Based Compensation": {"2020-12-31": "97.00000", "2019-12-31": "59.00000", "2018-12-31": "50.00000", "2017-12-31": "65.00000", "2016-12-31": "80.00000", "2015-12-31": "46.00000", "2014-12-31": "45.00000", "2013-12-31": "49.00000", "2012-12-31": "50.00000", "2011-12-31": "59.00000", "2010-12-31": "47.00000", "2009-12-31": "56.00000", "2008-12-31": "59.00000", "2007-12-31": "61.00000", "2006-12-31": "65.00000", "2005-12-31": "62.00000"}, "Common Stock Dividends Paid": {"2020-12-31": "-566.00000", "2019-12-31": "-511.00000", "2018-12-31": "-462.00000", "2017-12-31": "-416.00000", "2016-12-31": "-744.00000", "2015-12-31": "-730.00000", "2014-12-31": "-669.00000", "2013-12-31": "-615.00000", "2012-12-31": "-544.00000", "2011-12-31": "-481.00000", "2010-12-31": "-412.00000", "2009-12-31": "-362.00000", "2008-12-31": "-322.00000", "2007-12-31": "-273.00000", "2006-12-31": "-144.00000", "2005-12-31": "-123.00000"}}, "cash flow statement, quarterly": {"Net Income/Loss": {"2020-12-31": 332, "2020-09-30": 283, "2020-06-30": 206, "2020-03-31": "83.00000", "2019-12-31": 488, "2019-09-30": 255, "2019-06-30": 289, "2019-03-31": "262.00000", "2018-12-31": 334, "2018-09-30": 454, "2018-06-30": 321, "2018-03-31": "433.00000", "2017-12-31": 436, "2017-09-30": 418, "2017-06-30": 206, "2017-03-31": "280.00000", "2016-12-31": 303, "2016-09-30": 640, "2016-06-30": 336, "2016-03-31": "364.00000", "2015-12-31": 260, "2015-09-30": 426, "2015-06-30": 236, "2015-03-31": "361.00000", "2014-12-31": -89, "2014-09-30": 403, "2014-06-30": 338, "2014-03-31": "399.00000", "2013-12-31": 315, "2013-09-30": 137, "2013-06-30": 276, "2013-03-31": "336.00000", "2012-12-31": 336, "2012-09-30": 478, "2012-06-30": 333, "2012-03-31": "461.00000", "2011-12-31": 357, "2011-09-30": 389, "2011-06-30": 322, "2011-03-31": "267.00000", "2010-12-31": 277, "2010-09-30": 367, "2010-06-30": 289, "2010-03-31": "245.00000", "2009-12-31": 218, "2009-09-30": 340, "2009-06-30": 306, "2009-03-31": "219.00000", "2008-12-31": 206, "2008-09-30": 285, "2008-06-30": 227, "2008-03-31": "254.00000", "2007-12-31": 231, "2007-09-30": 270, "2007-06-30": 214, "2007-03-31": "194.00000", "2006-12-31": 232, "2006-09-30": 230, "2006-06-30": 192, "2006-03-31": "170.00000", "2005-12-31": 226, "2005-09-30": 205, "2005-06-30": 178, "2005-03-31": "153.00000"}, "Total Depreciation And Amortization - Cash Flow": {"2020-12-31": 46, "2020-09-30": 47, "2020-06-30": 26, "2020-03-31": "27.00000", "2019-12-31": 28, "2019-09-30": 30, "2019-06-30": 28, "2019-03-31": "26.00000", "2018-12-31": 34, "2018-09-30": 32, "2018-06-30": 34, "2018-03-31": "37.00000", "2017-12-31": 58, "2017-09-30": 60, "2017-06-30": 65, "2017-03-31": "70.00000", "2016-12-31": 86, "2016-09-30": 77, "2016-06-30": 74, "2016-03-31": "73.00000", "2015-12-31": -186, "2015-09-30": 179, "2015-06-30": 187, "2015-03-31": "139.00000", "2014-12-31": -173, "2014-09-30": 181, "2014-06-30": 180, "2014-03-31": "140.00000", "2013-12-31": 248, "2013-09-30": 173, "2013-06-30": 170, "2013-03-31": "130.00000", "2012-12-31": 223, "2012-09-30": 157, "2012-06-30": 158, "2012-03-31": "127.00000", "2011-12-31": 211, "2011-09-30": 157, "2011-06-30": 146, "2011-03-31": "123.00000", "2010-12-31": 206, "2010-09-30": 127, "2010-06-30": 137, "2010-03-31": "119.00000", "2009-12-31": 195, "2009-09-30": 139, "2009-06-30": 129, "2009-03-31": "117.00000", "2008-12-31": 167, "2008-09-30": 139, "2008-06-30": 130, "2008-03-31": "120.00000", "2007-12-31": 180, "2007-09-30": 129, "2007-06-30": 121, "2007-03-31": "112.00000", "2006-12-31": 160, "2006-09-30": 109, "2006-06-30": 111, "2006-03-31": "99.00000", "2005-12-31": 150, "2005-09-30": 111, "2005-06-30": 111, "2005-03-31": "97.00000"}, "Other Non-Cash Items": {"2020-12-31": -4, "2020-09-30": 4, "2020-06-30": -15, "2020-03-31": "182.00000", "2019-12-31": -180, "2019-09-30": 86, "2019-06-30": 14, "2019-03-31": "66.00000", "2018-12-31": -72, "2018-09-30": -104, "2018-06-30": -81, "2018-03-31": "-177.00000", "2017-12-31": -208, "2017-09-30": -103, "2017-06-30": 48, "2017-03-31": "-43.00000", "2016-12-31": -24, "2016-09-30": -379, "2016-06-30": -111, "2016-03-31": "-148.00000", "2015-12-31": -357, "2015-09-30": 49, "2015-06-30": 57, "2015-03-31": "-145.00000", "2014-12-31": 31, "2014-09-30": -12, "2014-06-30": 8, "2014-03-31": "-56.00000", "2013-12-31": 220, "2013-09-30": 250, "2013-06-30": 16, "2013-03-31": "-29.00000", "2012-12-31": -61, "2012-09-30": 98, "2012-06-30": -26, "2012-03-31": "-102.00000", "2011-12-31": -57, "2011-09-30": 83, "2011-06-30": 31, "2011-03-31": "27.00000", "2010-12-31": 33, "2010-09-30": 73, "2010-06-30": -62, "2010-03-31": "11.00000", "2009-12-31": -76, "2009-09-30": 97, "2009-06-30": -147, "2009-03-31": "1.00000", "2008-12-31": -60, "2008-09-30": 0, "2008-06-30": 7, "2008-03-31": "-1.00000", "2007-12-31": -51, "2007-09-30": 12, "2007-06-30": -30, "2007-03-31": "38.00000", "2006-12-31": -11, "2006-09-30": 115, "2006-06-30": -100, "2006-03-31": "24.00000", "2005-12-31": -35, "2005-09-30": -51, "2005-06-30": -26, "2005-03-31": "-3.00000"}, "Total Non-Cash Items": {"2020-12-31": 42, "2020-09-30": 51, "2020-06-30": 11, "2020-03-31": "209.00000", "2019-12-31": -152, "2019-09-30": 116, "2019-06-30": 42, "2019-03-31": "92.00000", "2018-12-31": -38, "2018-09-30": -72, "2018-06-30": -47, "2018-03-31": "-140.00000", "2017-12-31": -150, "2017-09-30": -43, "2017-06-30": 113, "2017-03-31": "27.00000", "2016-12-31": 62, "2016-09-30": -302, "2016-06-30": -37, "2016-03-31": "-75.00000", "2015-12-31": -543, "2015-09-30": 228, "2015-06-30": 244, "2015-03-31": "-6.00000", "2014-12-31": -142, "2014-09-30": 169, "2014-06-30": 188, "2014-03-31": "84.00000", "2013-12-31": 468, "2013-09-30": 423, "2013-06-30": 186, "2013-03-31": "101.00000", "2012-12-31": 162, "2012-09-30": 255, "2012-06-30": 132, "2012-03-31": "25.00000", "2011-12-31": 154, "2011-09-30": 240, "2011-06-30": 177, "2011-03-31": "150.00000", "2010-12-31": 239, "2010-09-30": 200, "2010-06-30": 75, "2010-03-31": "130.00000", "2009-12-31": 119, "2009-09-30": 236, "2009-06-30": -18, "2009-03-31": "118.00000", "2008-12-31": 107, "2008-09-30": 139, "2008-06-30": 137, "2008-03-31": "119.00000", "2007-12-31": 129, "2007-09-30": 141, "2007-06-30": 91, "2007-03-31": "150.00000", "2006-12-31": 149, "2006-09-30": 224, "2006-06-30": 11, "2006-03-31": "123.00000", "2005-12-31": 115, "2005-09-30": 60, "2005-06-30": 85, "2005-03-31": "94.00000"}, "Change In Accounts Receivable": {"2020-12-31": 16, "2020-09-30": 42, "2020-06-30": -21, "2020-03-31": "25.00000", "2019-12-31": -52, "2019-09-30": -11, "2019-06-30": -7, "2019-03-31": "14.00000", "2018-12-31": -31, "2018-09-30": -20, "2018-06-30": -19, "2018-03-31": "4.00000", "2017-12-31": -36, "2017-09-30": -13, "2017-06-30": 12, "2017-03-31": "18.00000", "2016-12-31": -54, "2016-09-30": -3, "2016-06-30": -11, "2016-03-31": "45.00000", "2015-12-31": -21, "2015-09-30": -31, "2015-06-30": 13, "2015-03-31": "3.00000", "2014-12-31": 4, "2014-09-30": -37, "2014-06-30": -11, "2014-03-31": "23.00000", "2013-12-31": -8, "2013-09-30": -8, "2013-06-30": -5, "2013-03-31": "9.00000", "2012-12-31": -25, "2012-09-30": -9, "2012-06-30": -13, "2012-03-31": "29.00000", "2011-12-31": -20, "2011-09-30": -28, "2011-06-30": -2, "2011-03-31": "11.00000", "2010-12-31": -6, "2010-09-30": -34, "2010-06-30": 35, "2010-03-31": "-7.00000", "2009-12-31": -8, "2009-09-30": 13, "2009-06-30": -20, "2009-03-31": "18.00000", "2008-12-31": 12, "2008-09-30": -24, "2008-06-30": 9, "2008-03-31": "-3.00000", "2007-12-31": 15, "2007-09-30": -3, "2007-06-30": -4, "2007-03-31": "-12.00000", "2006-12-31": 2, "2006-09-30": -3, "2006-06-30": 17, "2006-03-31": "8.00000", "2005-12-31": 21, "2005-09-30": -18, "2005-06-30": 2, "2005-03-31": "-6.00000"}, "Change In Inventories": {"2020-12-31": 0, "2020-09-30": 0, "2020-06-30": 0, "2020-03-31": "", "2019-12-31": 0, "2019-09-30": 0, "2019-06-30": 0, "2019-03-31": "", "2018-12-31": 0, "2018-09-30": 0, "2018-06-30": 0, "2018-03-31": "", "2017-12-31": 0, "2017-09-30": 0, "2017-06-30": 0, "2017-03-31": "", "2016-12-31": -6, "2016-09-30": 2, "2016-06-30": 2, "2016-03-31": "2.00000", "2015-12-31": -66, "2015-09-30": 41, "2015-06-30": 0, "2015-03-31": "21.00000", "2014-12-31": -26, "2014-09-30": 19, "2014-06-30": -28, "2014-03-31": "33.00000", "2013-12-31": -1, "2013-09-30": 18, "2013-06-30": -25, "2013-03-31": "26.00000", "2012-12-31": -18, "2012-09-30": 13, "2012-06-30": -13, "2012-03-31": "27.00000", "2011-12-31": -84, "2011-09-30": -11, "2011-06-30": -14, "2011-03-31": "34.00000", "2010-12-31": -38, "2010-09-30": -11, "2010-06-30": -24, "2010-03-31": "5.00000", "2009-12-31": -7, "2009-09-30": 19, "2009-06-30": -4, "2009-03-31": "19.00000", "2008-12-31": 8, "2008-09-30": -15, "2008-06-30": -7, "2008-03-31": "6.00000", "2007-12-31": -30, "2007-09-30": 3, "2007-06-30": 0, "2007-03-31": "-4.00000", "2006-12-31": -10, "2006-09-30": 6, "2006-06-30": -1, "2006-03-31": "2.00000", "2005-12-31": -11, "2005-09-30": 3, "2005-06-30": 4, "2005-03-31": ""}, "Change In Accounts Payable": {"2020-12-31": 0, "2020-09-30": 0, "2020-06-30": 0, "2020-03-31": "", "2019-12-31": 0, "2019-09-30": 0, "2019-06-30": 0, "2019-03-31": "", "2018-12-31": 0, "2018-09-30": 0, "2018-06-30": 0, "2018-03-31": "", "2017-12-31": 0, "2017-09-30": 0, "2017-06-30": 0, "2017-03-31": "", "2016-12-31": 0, "2016-09-30": 0, "2016-06-30": 0, "2016-03-31": "", "2015-12-31": 0, "2015-09-30": 0, "2015-06-30": 0, "2015-03-31": "", "2014-12-31": 0, "2014-09-30": 0, "2014-06-30": 0, "2014-03-31": "", "2013-12-31": 0, "2013-09-30": 0, "2013-06-30": 0, "2013-03-31": "", "2012-12-31": 0, "2012-09-30": 0, "2012-06-30": 0, "2012-03-31": "", "2011-12-31": 0, "2011-09-30": 0, "2011-06-30": 0, "2011-03-31": "", "2010-12-31": 0, "2010-09-30": 0, "2010-06-30": 0, "2010-03-31": "", "2009-12-31": 0, "2009-09-30": 0, "2009-06-30": 0, "2009-03-31": "", "2008-12-31": 0, "2008-09-30": 0, "2008-06-30": 0, "2008-03-31": "", "2007-12-31": 0, "2007-09-30": 0, "2007-06-30": 0, "2007-03-31": "", "2006-12-31": 0, "2006-09-30": 0, "2006-06-30": 0, "2006-03-31": "", "2005-12-31": 0, "2005-09-30": 0, "2005-06-30": 0, "2005-03-31": ""}, "Change In Assets/Liabilities": {"2020-12-31": -3, "2020-09-30": 37, "2020-06-30": -9, "2020-03-31": "-17.00000", "2019-12-31": 1, "2019-09-30": 15, "2019-06-30": -11, "2019-03-31": "-13.00000", "2018-12-31": -10, "2018-09-30": 6, "2018-06-30": 26, "2018-03-31": "-22.00000", "2017-12-31": -3, "2017-09-30": -10, "2017-06-30": 4, "2017-03-31": "-1.00000", "2016-12-31": -19, "2016-09-30": 4, "2016-06-30": 9, "2016-03-31": "6.00000", "2015-12-31": 17, "2015-09-30": 2, "2015-06-30": -6, "2015-03-31": "-27.00000", "2014-12-31": 5, "2014-09-30": 8, "2014-06-30": -9, "2014-03-31": "-2.00000", "2013-12-31": 1, "2013-09-30": -14, "2013-06-30": 0, "2013-03-31": "-8.00000", "2012-12-31": 0, "2012-09-30": -5, "2012-06-30": 6, "2012-03-31": "-15.00000", "2011-12-31": 4, "2011-09-30": -6, "2011-06-30": 2, "2011-03-31": "-25.00000", "2010-12-31": 46, "2010-09-30": 13, "2010-06-30": 1, "2010-03-31": "1.00000", "2009-12-31": 19, "2009-09-30": -8, "2009-06-30": -17, "2009-03-31": "-1.00000", "2008-12-31": 31, "2008-09-30": -18, "2008-06-30": -4, "2008-03-31": "-5.00000", "2007-12-31": -10, "2007-09-30": 3, "2007-06-30": 7, "2007-03-31": "-6.00000", "2006-12-31": -23, "2006-09-30": -76, "2006-06-30": 79, "2006-03-31": "-13.00000", "2005-12-31": -29, "2005-09-30": 21, "2005-06-30": 38, "2005-03-31": "48.00000"}, "Total Change In Assets/Liabilities": {"2020-12-31": 78, "2020-09-30": 157, "2020-06-30": -93, "2020-03-31": "-54.00000", "2019-12-31": 96, "2019-09-30": 51, "2019-06-30": -170, "2019-03-31": "-54.00000", "2018-12-31": 84, "2018-09-30": 33, "2018-06-30": -82, "2018-03-31": "-104.00000", "2017-12-31": 26, "2017-09-30": -96, "2017-06-30": -168, "2017-03-31": "-19.00000", "2016-12-31": -53, "2016-09-30": 11, "2016-06-30": -21, "2016-03-31": "20.00000", "2015-12-31": -274, "2015-09-30": 216, "2015-06-30": -49, "2015-03-31": "161.00000", "2014-12-31": -164, "2014-09-30": -44, "2014-06-30": -12, "2014-03-31": "87.00000", "2013-12-31": -197, "2013-09-30": 264, "2013-06-30": -134, "2013-03-31": "-36.00000", "2012-12-31": -22, "2012-09-30": 161, "2012-06-30": -14, "2012-03-31": "-13.00000", "2011-12-31": -44, "2011-09-30": 151, "2011-06-30": -84, "2011-03-31": "91.00000", "2010-12-31": -45, "2010-09-30": 97, "2010-06-30": 77, "2010-03-31": "17.00000", "2009-12-31": -68, "2009-09-30": 64, "2009-06-30": -90, "2009-03-31": "-40.00000", "2008-12-31": 61, "2008-09-30": 97, "2008-06-30": -105, "2008-03-31": "-6.00000", "2007-12-31": 26, "2007-09-30": 164, "2007-06-30": -55, "2007-03-31": "-4.00000", "2006-12-31": -131, "2006-09-30": -5, "2006-06-30": 58, "2006-03-31": "4.00000", "2005-12-31": -103, "2005-09-30": 159, "2005-06-30": 76, "2005-03-31": "-15.00000"}, "Cash Flow From Operating Activities": {"2020-12-31": 452, "2020-09-30": 491, "2020-06-30": 124, "2020-03-31": "238.00000", "2019-12-31": 432, "2019-09-30": 422, "2019-06-30": 161, "2019-03-31": "300.00000", "2018-12-31": 380, "2018-09-30": 415, "2018-06-30": 192, "2018-03-31": "189.00000", "2017-12-31": 312, "2017-09-30": 279, "2017-06-30": 151, "2017-03-31": "288.00000", "2016-12-31": 312, "2016-09-30": 349, "2016-06-30": 278, "2016-03-31": "309.00000", "2015-12-31": -557, "2015-09-30": 870, "2015-06-30": 431, "2015-03-31": "516.00000", "2014-12-31": -395, "2014-09-30": 528, "2014-06-30": 514, "2014-03-31": "570.00000", "2013-12-31": 586, "2013-09-30": 824, "2013-06-30": 328, "2013-03-31": "401.00000", "2012-12-31": 476, "2012-09-30": 894, "2012-06-30": 451, "2012-03-31": "473.00000", "2011-12-31": 467, "2011-09-30": 780, "2011-06-30": 415, "2011-03-31": "508.00000", "2010-12-31": 471, "2010-09-30": 664, "2010-06-30": 441, "2010-03-31": "392.00000", "2009-12-31": 269, "2009-09-30": 640, "2009-06-30": 198, "2009-03-31": "297.00000", "2008-12-31": 374, "2008-09-30": 521, "2008-06-30": 259, "2008-03-31": "367.00000", "2007-12-31": 386, "2007-09-30": 575, "2007-06-30": 250, "2007-03-31": "340.00000", "2006-12-31": 250, "2006-09-30": 449, "2006-06-30": 261, "2006-03-31": "297.00000", "2005-12-31": 238, "2005-09-30": 424, "2005-06-30": 339, "2005-03-31": "232.00000"}, "Net Change In Property, Plant, And Equipment": {"2020-12-31": -61, "2020-09-30": -32, "2020-06-30": -32, "2020-03-31": "-35.00000", "2019-12-31": -87, "2019-09-30": -33, "2019-06-30": -32, "2019-03-31": "-44.00000", "2018-12-31": -87, "2018-09-30": -62, "2018-06-30": -43, "2018-03-31": "-42.00000", "2017-12-31": -90, "2017-09-30": -78, "2017-06-30": -74, "2017-03-31": "-76.00000", "2016-12-31": -135, "2016-09-30": -106, "2016-06-30": -106, "2016-03-31": "-80.00000", "2015-12-31": 200, "2015-09-30": -238, "2015-06-30": -177, "2015-03-31": "-227.00000", "2014-12-31": 147, "2014-09-30": -247, "2014-06-30": -236, "2014-03-31": "-172.00000", "2013-12-31": -350, "2013-09-30": -227, "2013-06-30": -235, "2013-03-31": "-237.00000", "2012-12-31": -421, "2012-09-30": -272, "2012-06-30": -233, "2012-03-31": "-173.00000", "2011-12-31": -387, "2011-09-30": -223, "2011-06-30": -157, "2011-03-31": "-173.00000", "2010-12-31": -327, "2010-09-30": -155, "2010-06-30": -160, "2010-03-31": "-154.00000", "2009-12-31": -274, "2009-09-30": -155, "2009-06-30": -192, "2009-03-31": "-142.00000", "2008-12-31": -338, "2008-09-30": -211, "2008-06-30": -189, "2008-03-31": "-125.00000", "2007-12-31": -321, "2007-09-30": -157, "2007-06-30": -111, "2007-03-31": "-81.00000", "2006-12-31": -225, "2006-09-30": -130, "2006-06-30": -96, "2006-03-31": "-64.00000", "2005-12-31": -191, "2005-09-30": -149, "2005-06-30": -97, "2005-03-31": "-91.00000"}, "Net Change In Intangible Assets": {"2020-12-31": 0, "2020-09-30": 0, "2020-06-30": 0, "2020-03-31": "", "2019-12-31": 0, "2019-09-30": 0, "2019-06-30": 0, "2019-03-31": "", "2018-12-31": 0, "2018-09-30": 0, "2018-06-30": 0, "2018-03-31": "", "2017-12-31": 0, "2017-09-30": 0, "2017-06-30": 0, "2017-03-31": "", "2016-12-31": 0, "2016-09-30": 0, "2016-06-30": 0, "2016-03-31": "", "2015-12-31": 0, "2015-09-30": 0, "2015-06-30": 0, "2015-03-31": "", "2014-12-31": 0, "2014-09-30": 0, "2014-06-30": 0, "2014-03-31": "", "2013-12-31": 0, "2013-09-30": 0, "2013-06-30": 0, "2013-03-31": "", "2012-12-31": 0, "2012-09-30": 0, "2012-06-30": 0, "2012-03-31": "", "2011-12-31": 0, "2011-09-30": 0, "2011-06-30": 0, "2011-03-31": "", "2010-12-31": 0, "2010-09-30": 0, "2010-06-30": 0, "2010-03-31": "", "2009-12-31": 0, "2009-09-30": 0, "2009-06-30": 0, "2009-03-31": "", "2008-12-31": 0, "2008-09-30": 0, "2008-06-30": 0, "2008-03-31": "", "2007-12-31": 0, "2007-09-30": 0, "2007-06-30": 0, "2007-03-31": "", "2006-12-31": 0, "2006-09-30": 0, "2006-06-30": 0, "2006-03-31": "", "2005-12-31": 0, "2005-09-30": 0, "2005-06-30": 0, "2005-03-31": ""}, "Net Acquisitions/Divestitures": {"2020-12-31": 6, "2020-09-30": 10, "2020-06-30": 1, "2020-03-31": "-406.00000", "2019-12-31": 55, "2019-09-30": 30, "2019-06-30": 11, "2019-03-31": "14.00000", "2018-12-31": 314, "2018-09-30": 193, "2018-06-30": 47, "2018-03-31": "205.00000", "2017-12-31": 1057, "2017-09-30": 395, "2017-06-30": 136, "2017-03-31": "185.00000", "2016-12-31": 223, "2016-09-30": 63, "2016-06-30": 76, "2016-03-31": "8.00000", "2015-12-31": 141, "2015-09-30": 43, "2015-06-30": 7, "2015-03-31": "22.00000", "2014-12-31": 17, "2014-09-30": 49, "2014-06-30": 15, "2014-03-31": "2.00000", "2013-12-31": 41, "2013-09-30": 54, "2013-06-30": -15, "2013-03-31": "81.00000", "2012-12-31": 176, "2012-09-30": 55, "2012-06-30": 28, "2012-03-31": "-438.00000", "2011-12-31": 47, "2011-09-30": 70, "2011-06-30": 35, "2011-03-31": "13.00000", "2010-12-31": 159, "2010-09-30": -37, "2010-06-30": 39, "2010-03-31": "42.00000", "2009-12-31": 63, "2009-09-30": 7, "2009-06-30": -31, "2009-03-31": "16.00000", "2008-12-31": 98, "2008-09-30": 70, "2008-06-30": 44, "2008-03-31": "19.00000", "2007-12-31": 158, "2007-09-30": 18, "2007-06-30": 31, "2007-03-31": "34.00000", "2006-12-31": -13, "2006-09-30": 37, "2006-06-30": 26, "2006-03-31": "22.00000", "2005-12-31": 64, "2005-09-30": 38, "2005-06-30": 37, "2005-03-31": "4.00000"}, "Net Change In Short-term Investments": {"2020-12-31": -206, "2020-09-30": 206, "2020-06-30": 0, "2020-03-31": "", "2019-12-31": 0, "2019-09-30": 0, "2019-06-30": 0, "2019-03-31": "", "2018-12-31": 0, "2018-09-30": 0, "2018-06-30": 0, "2018-03-31": "", "2017-12-31": 0, "2017-09-30": 0, "2017-06-30": 0, "2017-03-31": "", "2016-12-31": 0, "2016-09-30": 0, "2016-06-30": 0, "2016-03-31": "", "2015-12-31": 0, "2015-09-30": 16, "2015-06-30": 8, "2015-03-31": "-24.00000", "2014-12-31": 315, "2014-09-30": -88, "2014-06-30": -227, "2014-03-31": "", "2013-12-31": -1, "2013-09-30": -1, "2013-06-30": 2, "2013-03-31": "", "2012-12-31": 0, "2012-09-30": 82, "2012-06-30": -3, "2012-03-31": "-79.00000", "2011-12-31": 0, "2011-09-30": 0, "2011-06-30": 0, "2011-03-31": "", "2010-12-31": 0, "2010-09-30": 0, "2010-06-30": 0, "2010-03-31": "", "2009-12-31": 0, "2009-09-30": 0, "2009-06-30": 0, "2009-03-31": "", "2008-12-31": 0, "2008-09-30": 0, "2008-06-30": 0, "2008-03-31": "", "2007-12-31": 0, "2007-09-30": 0, "2007-06-30": 0, "2007-03-31": "", "2006-12-31": 79, "2006-09-30": -48, "2006-06-30": -14, "2006-03-31": "-17.00000", "2005-12-31": 44, "2005-09-30": -1, "2005-06-30": -13, "2005-03-31": "-18.00000"}, "Net Change In Long-Term Investments": {"2020-12-31": 206, "2020-09-30": 0, "2020-06-30": 0, "2020-03-31": "", "2019-12-31": 0, "2019-09-30": 0, "2019-06-30": 0, "2019-03-31": "", "2018-12-31": 0, "2018-09-30": 0, "2018-06-30": -200, "2018-03-31": "", "2017-12-31": 0, "2017-09-30": 0, "2017-06-30": 0, "2017-03-31": "", "2016-12-31": 0, "2016-09-30": 0, "2016-06-30": 0, "2016-03-31": "", "2015-12-31": 0, "2015-09-30": 0, "2015-06-30": 0, "2015-03-31": "", "2014-12-31": 0, "2014-09-30": 0, "2014-06-30": 0, "2014-03-31": "", "2013-12-31": 0, "2013-09-30": 0, "2013-06-30": 0, "2013-03-31": "", "2012-12-31": 0, "2012-09-30": 0, "2012-06-30": 0, "2012-03-31": "", "2011-12-31": 0, "2011-09-30": 0, "2011-06-30": 0, "2011-03-31": "", "2010-12-31": 0, "2010-09-30": 0, "2010-06-30": 0, "2010-03-31": "", "2009-12-31": 0, "2009-09-30": 0, "2009-06-30": 0, "2009-03-31": "", "2008-12-31": 0, "2008-09-30": 0, "2008-06-30": 0, "2008-03-31": "", "2007-12-31": 0, "2007-09-30": 0, "2007-06-30": 0, "2007-03-31": "", "2006-12-31": 0, "2006-09-30": 0, "2006-06-30": 0, "2006-03-31": "", "2005-12-31": 0, "2005-09-30": 0, "2005-06-30": 0, "2005-03-31": ""}, "Net Change In Investments - Total": {"2020-12-31": 0, "2020-09-30": 206, "2020-06-30": 0, "2020-03-31": "", "2019-12-31": 0, "2019-09-30": 0, "2019-06-30": 0, "2019-03-31": "", "2018-12-31": 0, "2018-09-30": 0, "2018-06-30": -200, "2018-03-31": "", "2017-12-31": 0, "2017-09-30": 0, "2017-06-30": 0, "2017-03-31": "", "2016-12-31": 0, "2016-09-30": 0, "2016-06-30": 0, "2016-03-31": "", "2015-12-31": 0, "2015-09-30": 16, "2015-06-30": 8, "2015-03-31": "-24.00000", "2014-12-31": 315, "2014-09-30": -88, "2014-06-30": -227, "2014-03-31": "", "2013-12-31": -1, "2013-09-30": -1, "2013-06-30": 2, "2013-03-31": "", "2012-12-31": 0, "2012-09-30": 82, "2012-06-30": -3, "2012-03-31": "-79.00000", "2011-12-31": 0, "2011-09-30": 0, "2011-06-30": 0, "2011-03-31": "", "2010-12-31": 0, "2010-09-30": 0, "2010-06-30": 0, "2010-03-31": "", "2009-12-31": 0, "2009-09-30": 0, "2009-06-30": 0, "2009-03-31": "", "2008-12-31": 0, "2008-09-30": 0, "2008-06-30": 0, "2008-03-31": "", "2007-12-31": 0, "2007-09-30": 0, "2007-06-30": 0, "2007-03-31": "", "2006-12-31": 79, "2006-09-30": -48, "2006-06-30": -14, "2006-03-31": "-17.00000", "2005-12-31": 44, "2005-09-30": -1, "2005-06-30": -13, "2005-03-31": "-18.00000"}, "Investing Activities - Other": {"2020-12-31": -11, "2020-09-30": 19, "2020-06-30": 0, "2020-03-31": "", "2019-12-31": -2, "2019-09-30": 1, "2019-06-30": 3, "2019-03-31": "-4.00000", "2018-12-31": -3, "2018-09-30": 0, "2018-06-30": -10, "2018-03-31": "1.00000", "2017-12-31": 16, "2017-09-30": -1, "2017-06-30": 7, "2017-03-31": "-5.00000", "2016-12-31": 35, "2016-09-30": 6, "2016-06-30": 7, "2016-03-31": "5.00000", "2015-12-31": -18, "2015-09-30": 9, "2015-06-30": 6, "2015-03-31": "33.00000", "2014-12-31": 17, "2014-09-30": -20, "2014-06-30": 2, "2014-03-31": "2.00000", "2013-12-31": 11, "2013-09-30": -3, "2013-06-30": -9, "2013-03-31": "3.00000", "2012-12-31": -13, "2012-09-30": -16, "2012-06-30": 3, "2012-03-31": "299.00000", "2011-12-31": 74, "2011-09-30": -8, "2011-06-30": -301, "2011-03-31": "4.00000", "2010-12-31": 24, "2010-09-30": -4, "2010-06-30": -2, "2010-03-31": "-4.00000", "2009-12-31": -11, "2009-09-30": -1, "2009-06-30": -5, "2009-03-31": "-2.00000", "2008-12-31": -1, "2008-09-30": -4, "2008-06-30": -7, "2008-03-31": "3.00000", "2007-12-31": 3, "2007-09-30": -1, "2007-06-30": 6, "2007-03-31": "5.00000", "2006-12-31": 25, "2006-09-30": 0, "2006-06-30": -14, "2006-03-31": "-2.00000", "2005-12-31": 8, "2005-09-30": -1, "2005-06-30": 21, "2005-03-31": ""}, "Cash Flow From Investing Activities": {"2020-12-31": -66, "2020-09-30": 203, "2020-06-30": -31, "2020-03-31": "-441.00000", "2019-12-31": -34, "2019-09-30": -2, "2019-06-30": -18, "2019-03-31": "-34.00000", "2018-12-31": 224, "2018-09-30": 131, "2018-06-30": -206, "2018-03-31": "164.00000", "2017-12-31": 983, "2017-09-30": 316, "2017-06-30": 69, "2017-03-31": "104.00000", "2016-12-31": 123, "2016-09-30": -37, "2016-06-30": -23, "2016-03-31": "-67.00000", "2015-12-31": 323, "2015-09-30": -170, "2015-06-30": -156, "2015-03-31": "-196.00000", "2014-12-31": 496, "2014-09-30": -306, "2014-06-30": -446, "2014-03-31": "-168.00000", "2013-12-31": -299, "2013-09-30": -177, "2013-06-30": -257, "2013-03-31": "-153.00000", "2012-12-31": -258, "2012-09-30": -151, "2012-06-30": -205, "2012-03-31": "-391.00000", "2011-12-31": -266, "2011-09-30": -161, "2011-06-30": -423, "2011-03-31": "-156.00000", "2010-12-31": -144, "2010-09-30": -196, "2010-06-30": -123, "2010-03-31": "-116.00000", "2009-12-31": -222, "2009-09-30": -149, "2009-06-30": -228, "2009-03-31": "-128.00000", "2008-12-31": -241, "2008-09-30": -145, "2008-06-30": -152, "2008-03-31": "-103.00000", "2007-12-31": -160, "2007-09-30": -140, "2007-06-30": -74, "2007-03-31": "-42.00000", "2006-12-31": -134, "2006-09-30": -141, "2006-06-30": -98, "2006-03-31": "-61.00000", "2005-12-31": -75, "2005-09-30": -113, "2005-06-30": -52, "2005-03-31": "-105.00000"}, "Net Long-Term Debt": {"2020-12-31": -375, "2020-09-30": -51, "2020-06-30": 579, "2020-03-31": "-20.00000", "2019-12-31": -20, "2019-09-30": 529, "2019-06-30": -20, "2019-03-31": "-20.00000", "2018-12-31": 648, "2018-09-30": -13, "2018-06-30": -11, "2018-03-31": "-332.00000", "2017-12-31": -13, "2017-09-30": -12, "2017-06-30": 736, "2017-03-31": "-8.00000", "2016-12-31": -13, "2016-09-30": -6, "2016-06-30": 6598, "2016-03-31": "-2.00000", "2015-12-31": -257, "2015-09-30": -3, "2015-06-30": -4, "2015-03-31": "-3.00000", "2014-12-31": -58, "2014-09-30": -2, "2014-06-30": -3, "2014-03-31": "-2.00000", "2013-12-31": -62, "2013-09-30": -1, "2013-06-30": -3, "2013-03-31": "-1.00000", "2012-12-31": -2, "2012-09-30": -265, "2012-06-30": -12, "2012-03-31": "-3.00000", "2011-12-31": 51, "2011-09-30": 345, "2011-06-30": -654, "2011-03-31": "-4.00000", "2010-12-31": -9, "2010-09-30": 338, "2010-06-30": -5, "2010-03-31": "-3.00000", "2009-12-31": -6, "2009-09-30": 121, "2009-06-30": -142, "2009-03-31": "-2.00000", "2008-12-31": -8, "2008-09-30": 372, "2008-06-30": -253, "2008-03-31": "-4.00000", "2007-12-31": 1182, "2007-09-30": -4, "2007-06-30": -5, "2007-03-31": "-2.00000", "2006-12-31": -4, "2006-09-30": 296, "2006-06-30": -199, "2006-03-31": "-4.00000", "2005-12-31": -3, "2005-09-30": -2, "2005-06-30": -6, "2005-03-31": "-3.00000"}, "Net Current Debt": {"2020-12-31": 0, "2020-09-30": -575, "2020-06-30": -402, "2020-03-31": "972.00000", "2019-12-31": -6, "2019-09-30": -151, "2019-06-30": 144, "2019-03-31": "17.00000", "2018-12-31": -273, "2018-09-30": 63, "2018-06-30": 205, "2018-03-31": "5.00000", "2017-12-31": -35, "2017-09-30": 35, "2017-06-30": 0, "2017-03-31": "", "2016-12-31": 0, "2016-09-30": 0, "2016-06-30": -2080, "2016-03-31": "795.00000", "2015-12-31": 1028, "2015-09-30": -181, "2015-06-30": 12, "2015-03-31": "53.00000", "2014-12-31": 17, "2014-09-30": 221, "2014-06-30": 143, "2014-03-31": "35.00000", "2013-12-31": -2, "2013-09-30": -53, "2013-06-30": 46, "2013-03-31": "9.00000", "2012-12-31": -12, "2012-09-30": 12, "2012-06-30": 0, "2012-03-31": "", "2011-12-31": 0, "2011-09-30": -350, "2011-06-30": 350, "2011-03-31": "", "2010-12-31": -25, "2010-09-30": 25, "2010-06-30": -28, "2010-03-31": "20.00000", "2009-12-31": -19, "2009-09-30": -396, "2009-06-30": 151, "2009-03-31": "-39.00000", "2008-12-31": -22, "2008-09-30": -176, "2008-06-30": 9, "2008-03-31": "457.00000", "2007-12-31": -469, "2007-09-30": -15, "2007-06-30": 172, "2007-03-31": "-28.00000", "2006-12-31": 27, "2006-09-30": -245, "2006-06-30": 299, "2006-03-31": "82.00000", "2005-12-31": 80, "2005-09-30": 23, "2005-06-30": 49, "2005-03-31": "-26.00000"}, "Debt Issuance/Retirement Net - Total": {"2020-12-31": -375, "2020-09-30": -626, "2020-06-30": 177, "2020-03-31": "952.00000", "2019-12-31": -26, "2019-09-30": 378, "2019-06-30": 124, "2019-03-31": "-3.00000", "2018-12-31": 375, "2018-09-30": 50, "2018-06-30": 194, "2018-03-31": "-327.00000", "2017-12-31": -48, "2017-09-30": 23, "2017-06-30": 736, "2017-03-31": "-8.00000", "2016-12-31": -13, "2016-09-30": -6, "2016-06-30": 4518, "2016-03-31": "793.00000", "2015-12-31": 771, "2015-09-30": -184, "2015-06-30": 8, "2015-03-31": "50.00000", "2014-12-31": -41, "2014-09-30": 219, "2014-06-30": 140, "2014-03-31": "33.00000", "2013-12-31": -64, "2013-09-30": -54, "2013-06-30": 43, "2013-03-31": "8.00000", "2012-12-31": -14, "2012-09-30": -253, "2012-06-30": -12, "2012-03-31": "-3.00000", "2011-12-31": 51, "2011-09-30": -5, "2011-06-30": -304, "2011-03-31": "-4.00000", "2010-12-31": -34, "2010-09-30": 363, "2010-06-30": -33, "2010-03-31": "17.00000", "2009-12-31": -25, "2009-09-30": -275, "2009-06-30": 9, "2009-03-31": "-41.00000", "2008-12-31": -30, "2008-09-30": 196, "2008-06-30": -244, "2008-03-31": "453.00000", "2007-12-31": 713, "2007-09-30": -19, "2007-06-30": 167, "2007-03-31": "-30.00000", "2006-12-31": 23, "2006-09-30": 51, "2006-06-30": 100, "2006-03-31": "78.00000", "2005-12-31": 77, "2005-09-30": 21, "2005-06-30": 43, "2005-03-31": "-29.00000"}, "Net Common Equity Issued/Repurchased": {"2020-12-31": -239, "2020-09-30": 0, "2020-06-30": 0, "2020-03-31": "", "2019-12-31": -343, "2019-09-30": -167, "2019-06-30": -196, "2019-03-31": "-109.00000", "2018-12-31": -706, "2018-09-30": -516, "2018-06-30": -670, "2018-03-31": "-498.00000", "2017-12-31": -612, "2017-09-30": -492, "2017-06-30": -395, "2017-03-31": "-461.00000", "2016-12-31": -1087, "2016-09-30": -2249, "2016-06-30": -1142, "2016-03-31": "-925.00000", "2015-12-31": -830, "2015-09-30": -94, "2015-06-30": -162, "2015-03-31": "-114.00000", "2014-12-31": -331, "2014-09-30": -205, "2014-06-30": -171, "2014-03-31": "-113.00000", "2013-12-31": -240, "2013-09-30": -175, "2013-06-30": -225, "2013-03-31": "-93.00000", "2012-12-31": -242, "2012-09-30": -394, "2012-06-30": -205, "2012-03-31": "-62.00000", "2011-12-31": -161, "2011-09-30": -235, "2011-06-30": -154, "2011-03-31": "-143.00000", "2010-12-31": -50, "2010-09-30": -16, "2010-06-30": -88, "2010-03-31": "-115.00000", "2009-12-31": 22, "2009-09-30": 14, "2009-06-30": 56, "2009-03-31": "21.00000", "2008-12-31": -94, "2008-09-30": -508, "2008-06-30": 28, "2008-03-31": "-982.00000", "2007-12-31": -602, "2007-09-30": -282, "2007-06-30": -196, "2007-03-31": "-218.00000", "2006-12-31": -81, "2006-09-30": -315, "2006-06-30": -118, "2006-03-31": "-327.00000", "2005-12-31": -343, "2005-09-30": -165, "2005-06-30": -330, "2005-03-31": "-70.00000"}, "Net Total Equity Issued/Repurchased": {"2020-12-31": -239, "2020-09-30": 0, "2020-06-30": 0, "2020-03-31": "", "2019-12-31": -343, "2019-09-30": -167, "2019-06-30": -196, "2019-03-31": "-109.00000", "2018-12-31": -706, "2018-09-30": -516, "2018-06-30": -670, "2018-03-31": "-498.00000", "2017-12-31": -612, "2017-09-30": -492, "2017-06-30": -395, "2017-03-31": "-461.00000", "2016-12-31": -1087, "2016-09-30": -2249, "2016-06-30": -1142, "2016-03-31": "-925.00000", "2015-12-31": -830, "2015-09-30": -94, "2015-06-30": -162, "2015-03-31": "-114.00000", "2014-12-31": -331, "2014-09-30": -205, "2014-06-30": -171, "2014-03-31": "-113.00000", "2013-12-31": -240, "2013-09-30": -175, "2013-06-30": -225, "2013-03-31": "-93.00000", "2012-12-31": -242, "2012-09-30": -394, "2012-06-30": -205, "2012-03-31": "-62.00000", "2011-12-31": -161, "2011-09-30": -235, "2011-06-30": -154, "2011-03-31": "-143.00000", "2010-12-31": -50, "2010-09-30": -16, "2010-06-30": -88, "2010-03-31": "-115.00000", "2009-12-31": 22, "2009-09-30": 14, "2009-06-30": 56, "2009-03-31": "21.00000", "2008-12-31": -94, "2008-09-30": -508, "2008-06-30": 28, "2008-03-31": "-982.00000", "2007-12-31": -602, "2007-09-30": -282, "2007-06-30": -196, "2007-03-31": "-218.00000", "2006-12-31": -81, "2006-09-30": -315, "2006-06-30": -118, "2006-03-31": "-327.00000", "2005-12-31": -343, "2005-09-30": -165, "2005-06-30": -330, "2005-03-31": "-70.00000"}, "Total Common And Preferred Stock Dividends Paid": {"2020-12-31": -141, "2020-09-30": -142, "2020-06-30": -142, "2020-03-31": "-141.00000", "2019-12-31": -126, "2019-09-30": -128, "2019-06-30": -128, "2019-03-31": "-129.00000", "2018-12-31": -113, "2018-09-30": -113, "2018-06-30": -116, "2018-03-31": "-120.00000", "2017-12-31": -101, "2017-09-30": -104, "2017-06-30": -105, "2017-03-31": "-106.00000", "2016-12-31": -185, "2016-09-30": -180, "2016-06-30": -187, "2016-03-31": "-192.00000", "2015-12-31": -198, "2015-09-30": -177, "2015-06-30": -177, "2015-03-31": "-178.00000", "2014-12-31": -179, "2014-09-30": -163, "2014-06-30": -163, "2014-03-31": "-164.00000", "2013-12-31": -164, "2013-09-30": -150, "2013-06-30": -150, "2013-03-31": "-151.00000", "2012-12-31": -151, "2012-09-30": -131, "2012-06-30": -131, "2012-03-31": "-131.00000", "2011-12-31": -131, "2011-09-30": -116, "2011-06-30": -116, "2011-03-31": "-118.00000", "2010-12-31": -117, "2010-09-30": -98, "2010-06-30": -98, "2010-03-31": "-99.00000", "2009-12-31": -99, "2009-09-30": -88, "2009-06-30": -88, "2009-03-31": "-87.00000", "2008-12-31": -88, "2008-09-30": -88, "2008-06-30": -71, "2008-03-31": "-75.00000", "2007-12-31": -77, "2007-09-30": -77, "2007-06-30": -79, "2007-03-31": "-40.00000", "2006-12-31": -40, "2006-09-30": -41, "2006-06-30": -31, "2006-03-31": "-32.00000", "2005-12-31": -32, "2005-09-30": -33, "2005-06-30": -29, "2005-03-31": "-29.00000"}, "Financial Activities - Other": {"2020-12-31": -7, "2020-09-30": -16, "2020-06-30": -25, "2020-03-31": "-13.00000", "2019-12-31": -3, "2019-09-30": -31, "2019-06-30": -14, "2019-03-31": "-37.00000", "2018-12-31": -15, "2018-09-30": -3, "2018-06-30": -11, "2018-03-31": "-31.00000", "2017-12-31": -5, "2017-09-30": -46, "2017-06-30": -17, "2017-03-31": "-54.00000", "2016-12-31": 99, "2016-09-30": 57, "2016-06-30": 9, "2016-03-31": "-54.00000", "2015-12-31": 187, "2015-09-30": 12, "2015-06-30": 1, "2015-03-31": "-4.00000", "2014-12-31": 398, "2014-09-30": -4, "2014-06-30": -2, "2014-03-31": "7.00000", "2013-12-31": -8, "2013-09-30": -9, "2013-06-30": 4, "2013-03-31": "-23.00000", "2012-12-31": 13, "2012-09-30": -5, "2012-06-30": -3, "2012-03-31": "8.00000", "2011-12-31": 23, "2011-09-30": 1, "2011-06-30": -5, "2011-03-31": "4.00000", "2010-12-31": 15, "2010-09-30": 12, "2010-06-30": -3, "2010-03-31": "7.00000", "2009-12-31": -1, "2009-09-30": -8, "2009-06-30": 40, "2009-03-31": "8.00000", "2008-12-31": 12, "2008-09-30": 1, "2008-06-30": 22, "2008-03-31": "9.00000", "2007-12-31": 18, "2007-09-30": 11, "2007-06-30": 21, "2007-03-31": "12.00000", "2006-12-31": 25, "2006-09-30": 1, "2006-06-30": 17, "2006-03-31": "20.00000", "2005-12-31": 25, "2005-09-30": 16, "2005-06-30": 28, "2005-03-31": "23.00000"}, "Cash Flow From Financial Activities": {"2020-12-31": -762, "2020-09-30": -784, "2020-06-30": 10, "2020-03-31": "798.00000", "2019-12-31": -498, "2019-09-30": 52, "2019-06-30": -214, "2019-03-31": "-278.00000", "2018-12-31": -459, "2018-09-30": -582, "2018-06-30": -603, "2018-03-31": "-976.00000", "2017-12-31": -766, "2017-09-30": -619, "2017-06-30": 219, "2017-03-31": "-629.00000", "2016-12-31": -1186, "2016-09-30": -2378, "2016-06-30": 3198, "2016-03-31": "-378.00000", "2015-12-31": -70, "2015-09-30": -443, "2015-06-30": -330, "2015-03-31": "-246.00000", "2014-12-31": -153, "2014-09-30": -153, "2014-06-30": -196, "2014-03-31": "-237.00000", "2013-12-31": -476, "2013-09-30": -388, "2013-06-30": -328, "2013-03-31": "-259.00000", "2012-12-31": -394, "2012-09-30": -783, "2012-06-30": -351, "2012-03-31": "-188.00000", "2011-12-31": -218, "2011-09-30": -355, "2011-06-30": -579, "2011-03-31": "-261.00000", "2010-12-31": -186, "2010-09-30": 261, "2010-06-30": -222, "2010-03-31": "-190.00000", "2009-12-31": -103, "2009-09-30": -357, "2009-06-30": 17, "2009-03-31": "-99.00000", "2008-12-31": -200, "2008-09-30": -399, "2008-06-30": -265, "2008-03-31": "-595.00000", "2007-12-31": 52, "2007-09-30": -367, "2007-06-30": -87, "2007-03-31": "-276.00000", "2006-12-31": -73, "2006-09-30": -304, "2006-06-30": -32, "2006-03-31": "-261.00000", "2005-12-31": -273, "2005-09-30": -161, "2005-06-30": -288, "2005-03-31": "-105.00000"}, "Net Cash Flow": {"2020-12-31": -351, "2020-09-30": -73, "2020-06-30": 138, "2020-03-31": "542.00000", "2019-12-31": -68, "2019-09-30": 447, "2019-06-30": -85, "2019-03-31": "", "2018-12-31": 137, "2018-09-30": -72, "2018-06-30": -674, "2018-03-31": "-585.00000", "2017-12-31": 548, "2017-09-30": -5, "2017-06-30": 445, "2017-03-31": "-220.00000", "2016-12-31": -777, "2016-09-30": -2073, "2016-06-30": 3449, "2016-03-31": "-133.00000", "2015-12-31": -311, "2015-09-30": 225, "2015-06-30": -39, "2015-03-31": "97.00000", "2014-12-31": -46, "2014-09-30": 88, "2014-06-30": -137, "2014-03-31": "161.00000", "2013-12-31": -180, "2013-09-30": 253, "2013-06-30": -262, "2013-03-31": "-14.00000", "2012-12-31": -166, "2012-09-30": -42, "2012-06-30": -115, "2012-03-31": "-99.00000", "2011-12-31": -38, "2011-09-30": 281, "2011-06-30": -574, "2011-03-31": "103.00000", "2010-12-31": 152, "2010-09-30": 744, "2010-06-30": 86, "2010-03-31": "91.00000", "2009-12-31": -71, "2009-09-30": 140, "2009-06-30": -5, "2009-03-31": "73.00000", "2008-12-31": -78, "2008-09-30": -31, "2008-06-30": -156, "2008-03-31": "-308.00000", "2007-12-31": 282, "2007-09-30": 71, "2007-06-30": 95, "2007-03-31": "22.00000", "2006-12-31": 48, "2006-09-30": 4, "2006-06-30": 133, "2006-03-31": "-24.00000", "2005-12-31": -105, "2005-09-30": 150, "2005-06-30": -5, "2005-03-31": "56.00000"}, "Stock-Based Compensation": {"2020-12-31": 53, "2020-09-30": 15, "2020-06-30": 11, "2020-03-31": "18.00000", "2019-12-31": 14, "2019-09-30": 14, "2019-06-30": 14, "2019-03-31": "17.00000", "2018-12-31": 14, "2018-09-30": 9, "2018-06-30": 10, "2018-03-31": "17.00000", "2017-12-31": 12, "2017-09-30": 10, "2017-06-30": 26, "2017-03-31": "17.00000", "2016-12-31": 38, "2016-09-30": 20, "2016-06-30": 9, "2016-03-31": "13.00000", "2015-12-31": 6, "2015-09-30": 12, "2015-06-30": 13, "2015-03-31": "15.00000", "2014-12-31": 9, "2014-09-30": 11, "2014-06-30": 13, "2014-03-31": "12.00000", "2013-12-31": 17, "2013-09-30": 11, "2013-06-30": 12, "2013-03-31": "9.00000", "2012-12-31": 15, "2012-09-30": 12, "2012-06-30": 12, "2012-03-31": "11.00000", "2011-12-31": 19, "2011-09-30": 14, "2011-06-30": 13, "2011-03-31": "13.00000", "2010-12-31": 10, "2010-09-30": 13, "2010-06-30": 11, "2010-03-31": "13.00000", "2009-12-31": 17, "2009-09-30": 13, "2009-06-30": 13, "2009-03-31": "13.00000", "2008-12-31": 15, "2008-09-30": 15, "2008-06-30": 14, "2008-03-31": "15.00000", "2007-12-31": 18, "2007-09-30": 14, "2007-06-30": 15, "2007-03-31": "14.00000", "2006-12-31": 19, "2006-09-30": 16, "2006-06-30": 14, "2006-03-31": "16.00000", "2005-12-31": 19, "2005-09-30": 16, "2005-06-30": 14, "2005-03-31": "13.00000"}, "Common Stock Dividends Paid": {"2020-12-31": -141, "2020-09-30": -142, "2020-06-30": -142, "2020-03-31": "-141.00000", "2019-12-31": -126, "2019-09-30": -128, "2019-06-30": -128, "2019-03-31": "-129.00000", "2018-12-31": -113, "2018-09-30": -113, "2018-06-30": -116, "2018-03-31": "-120.00000", "2017-12-31": -101, "2017-09-30": -104, "2017-06-30": -105, "2017-03-31": "-106.00000", "2016-12-31": -185, "2016-09-30": -180, "2016-06-30": -187, "2016-03-31": "-192.00000", "2015-12-31": -198, "2015-09-30": -177, "2015-06-30": -177, "2015-03-31": "-178.00000", "2014-12-31": -179, "2014-09-30": -163, "2014-06-30": -163, "2014-03-31": "-164.00000", "2013-12-31": -164, "2013-09-30": -150, "2013-06-30": -150, "2013-03-31": "-151.00000", "2012-12-31": -151, "2012-09-30": -131, "2012-06-30": -131, "2012-03-31": "-131.00000", "2011-12-31": -131, "2011-09-30": -116, "2011-06-30": -116, "2011-03-31": "-118.00000", "2010-12-31": -117, "2010-09-30": -98, "2010-06-30": -98, "2010-03-31": "-99.00000", "2009-12-31": -99, "2009-09-30": -88, "2009-06-30": -88, "2009-03-31": "-87.00000", "2008-12-31": -88, "2008-09-30": -88, "2008-06-30": -71, "2008-03-31": "-75.00000", "2007-12-31": -77, "2007-09-30": -77, "2007-06-30": -79, "2007-03-31": "-40.00000", "2006-12-31": -40, "2006-09-30": -41, "2006-06-30": -31, "2006-03-31": "-32.00000", "2005-12-31": -32, "2005-09-30": -33, "2005-06-30": -29, "2005-03-31": "-29.00000"}}, "financial ratios": {"Current Ratio": {"2019-12-31": "0.99090", "2018-12-31": "0.92770", "2017-12-31": "1.65810", "2016-12-31": "1.15240", "2015-12-31": "0.54650", "2014-12-31": "0.64470", "2013-12-31": "0.74660", "2012-12-31": "0.84470", "2011-12-31": "0.94730", "2010-12-31": "0.94490", "2009-12-31": "0.73080", "2008-12-31": "0.55230", "2007-12-31": "0.71820", "2006-12-31": "0.52260", "2005-12-31": "0.52680"}, "Long-term Debt / Capital": {"2019-12-31": "4.79010", "2018-12-31": "5.34300", "2017-12-31": "3.04650", "2016-12-31": "2.63040", "2015-12-31": "0.75630", "2014-12-31": "0.65730", "2013-12-31": "0.56690", "2012-12-31": "0.56550", "2011-12-31": "0.61000", "2010-12-31": "0.63590", "2009-12-31": "0.74220", "2008-12-31": "1.02710", "2007-12-31": "0.71970", "2006-12-31": "0.58480", "2005-12-31": "0.53230"}, "Debt/Equity Ratio": {"2019-12-31": "-1.31760", "2018-12-31": "-1.27080", "2017-12-31": "-1.54780", "2016-12-31": "-1.62510", "2015-12-31": "4.05370", "2014-12-31": "2.08480", "2013-12-31": "1.34100", "2012-12-31": "1.30580", "2011-12-31": "1.73120", "2010-12-31": "2.14980", "2009-12-31": "2.93180", "2008-12-31": "-38.18090", "2007-12-31": "2.82000", "2006-12-31": "1.56470", "2005-12-31": "1.28360"}, "Gross Margin": {"2019-12-31": "77.93460", "2018-12-31": "71.27290", "2017-12-31": "49.74480", "2016-12-31": "45.10700", "2015-12-31": "61.01590", "2014-12-31": "59.04050", "2013-12-31": "46.48430", "2012-12-31": "46.95230", "2011-12-31": "46.76070", "2010-12-31": "47.56240", "2009-12-31": "46.65930", "2008-12-31": "46.08100", "2007-12-31": "47.59940", "2006-12-31": "48.20630", "2005-12-31": "47.59870"}, "Operating Margin": {"2019-12-31": "34.48280", "2018-12-31": "40.36570", "2017-12-31": "46.97180", "2016-12-31": "26.46320", "2015-12-31": "22.34340", "2014-12-31": "23.03020", "2013-12-31": "13.74200", "2012-12-31": "16.82680", "2011-12-31": "14.37510", "2010-12-31": "15.59550", "2009-12-31": "14.67330", "2008-12-31": "13.42000", "2007-12-31": "13.00430", "2006-12-31": "13.19950", "2005-12-31": "12.33290"}, "EBIT Margin": {"2019-12-31": "34.48280", "2018-12-31": "40.36570", "2017-12-31": "46.97180", "2016-12-31": "26.46320", "2015-12-31": "22.34340", "2014-12-31": "23.03020", "2013-12-31": "13.74200", "2012-12-31": "16.82680", "2011-12-31": "14.37510", "2010-12-31": "15.59550", "2009-12-31": "14.67330", "2008-12-31": "13.42000", "2007-12-31": "13.00430", "2006-12-31": "13.19950", "2005-12-31": "12.33290"}, "EBITDA Margin": {"2019-12-31": "36.48380", "2018-12-31": "42.77430", "2017-12-31": "51.27590", "2016-12-31": "31.34050", "2015-12-31": "27.31380", "2014-12-31": "28.00970", "2013-12-31": "19.25250", "2012-12-31": "21.70470", "2011-12-31": "19.42020", "2010-12-31": "20.78820", "2009-12-31": "20.02580", "2008-12-31": "18.33860", "2007-12-31": "18.19840", "2006-12-31": "18.20940", "2005-12-31": "17.34950"}, "Pre-Tax Profit Margin": {"2019-12-31": "24.53100", "2018-12-31": "32.33120", "2017-12-31": "38.68660", "2016-12-31": "21.16110", "2015-12-31": "19.52320", "2014-12-31": "20.85930", "2013-12-31": "11.85420", "2012-12-31": "15.73390", "2011-12-31": "13.13960", "2010-12-31": "14.05270", "2009-12-31": "12.88300", "2008-12-31": "11.42070", "2007-12-31": "11.41350", "2006-12-31": "11.58880", "2005-12-31": "10.97440"}, "Net Profit Margin": {"2019-12-31": "23.11950", "2018-12-31": "27.10970", "2017-12-31": "22.79690", "2016-12-31": "25.84960", "2015-12-31": "19.99070", "2014-12-31": "15.95570", "2013-12-31": "8.33840", "2012-12-31": "11.71420", "2011-12-31": "10.44670", "2010-12-31": "10.20890", "2009-12-31": "9.88370", "2008-12-31": "8.52800", "2007-12-31": "8.71110", "2006-12-31": "8.61830", "2005-12-31": "8.15060"}, "Asset Turnover": {"2019-12-31": "1.07000", "2018-12-31": "1.37720", "2017-12-31": "1.10680", "2016-12-31": "1.16560", "2015-12-31": "0.79620", "2014-12-31": "0.79040", "2013-12-31": "1.50480", "2012-12-31": "1.51260", "2011-12-31": "1.42930", "2010-12-31": "1.36400", "2009-12-31": "1.51590", "2008-12-31": "1.73190", "2007-12-31": "1.45170", "2006-12-31": "1.50140", "2005-12-31": "1.61270"}, "Inventory Turnover Ratio": {"2019-12-31": "", "2018-12-31": "", "2017-12-31": "", "2016-12-31": "94.29730", "2015-12-31": "62.55000", "2014-12-31": "8.96350", "2013-12-31": "23.81630", "2012-12-31": "23.10540", "2011-12-31": "24.62270", "2010-12-31": "31.47090", "2009-12-31": "47.37710", "2008-12-31": "42.62240", "2007-12-31": "42.71880", "2006-12-31": "53.24730", "2005-12-31": "57.63530"}, "Receiveable Turnover": {"2019-12-31": "9.58390", "2018-12-31": "10.13900", "2017-12-31": "14.69500", "2016-12-31": "17.17840", "2015-12-31": "19.80860", "2014-12-31": "20.26770", "2013-12-31": "41.01570", "2012-12-31": "45.29240", "2011-12-31": "44.14690", "2010-12-31": "44.30860", "2009-12-31": "45.33890", "2008-12-31": "49.36250", "2007-12-31": "46.37780", "2006-12-31": "43.45910", "2005-12-31": "39.61440"}, "Days Sales In Receivables": {"2019-12-31": "38.08470", "2018-12-31": "35.99950", "2017-12-31": "24.83840", "2016-12-31": "21.24760", "2015-12-31": "18.42630", "2014-12-31": "18.00900", "2013-12-31": "8.89900", "2012-12-31": "8.05880", "2011-12-31": "8.26790", "2010-12-31": "8.23770", "2009-12-31": "8.05050", "2008-12-31": "7.39430", "2007-12-31": "7.87010", "2006-12-31": "8.39870", "2005-12-31": "9.21380"}, "ROE - Return On Equity": {"2019-12-31": "-16.14270", "2018-12-31": "-19.45500", "2017-12-31": "-21.15570", "2016-12-31": "-18.13000", "2015-12-31": "95.56240", "2014-12-31": "62.71820", "2013-12-31": "47.73440", "2012-12-31": "71.37150", "2011-12-31": "69.67640", "2010-12-31": "70.58120", "2009-12-31": "97.21720", "2008-12-31": "-1034.04300", "2007-12-31": "79.80690", "2006-12-31": "56.74930", "2005-12-31": "52.58800"}, "Return On Tangible Equity": {"2019-12-31": "-14.72130", "2018-12-31": "-17.73840", "2017-12-31": "-18.98020", "2016-12-31": "-16.15360", "2015-12-31": "395.72650", "2014-12-31": "171.67240", "2013-12-31": "151.56690", "2012-12-31": "303.96980", "2011-12-31": "142.62820", "2010-12-31": "220.18690", "2009-12-31": "9025.00000", "2008-12-31": "-94.00390", "2007-12-31": "804.42470", "2006-12-31": "186.00450", "2005-12-31": "131.15320"}, "ROA - Return On Assets": {"2019-12-31": "24.73710", "2018-12-31": "37.33660", "2017-12-31": "25.23070", "2016-12-31": "18.66860", "2015-12-31": "11.48740", "2014-12-31": "12.07100", "2013-12-31": "12.23690", "2012-12-31": "17.84090", "2011-12-31": "15.11210", "2010-12-31": "14.16550", "2009-12-31": "15.15110", "2008-12-31": "14.89200", "2007-12-31": "12.64610", "2006-12-31": "12.93970", "2005-12-31": "13.14470"}, "ROI - Return On Investment": {"2019-12-31": "61.18200", "2018-12-31": "84.49320", "2017-12-31": "43.29560", "2016-12-31": "29.55870", "2015-12-31": "23.28970", "2014-12-31": "21.49110", "2013-12-31": "20.67220", "2012-12-31": "31.01250", "2011-12-31": "27.17280", "2010-12-31": "25.69810", "2009-12-31": "25.06360", "2008-12-31": "28.01150", "2007-12-31": "22.37260", "2006-12-31": "23.56310", "2005-12-31": "24.59650"}, "Book Value Per Share": {"2019-12-31": "-26.72000", "2018-12-31": "-25.90200", "2017-12-31": "-19.07830", "2016-12-31": "-15.81690", "2015-12-31": "2.30710", "2014-12-31": "3.69590", "2013-12-31": "5.03160", "2012-12-31": "4.99560", "2011-12-31": "4.16520", "2010-12-31": "3.55860", "2009-12-31": "2.37530", "2008-12-31": "-0.20480", "2007-12-31": "2.28260", "2006-12-31": "2.73960", "2005-12-31": "2.60610"}, "Operating Cash Flow Per Share": {"2019-12-31": 0.6268, "2018-12-31": 0.6731, "2017-12-31": -0.2186, "2016-12-31": 0.2758, "2015-12-31": 0.1577, "2014-12-31": -1.9534, "2013-12-31": -0.21, "2012-12-31": 0.3385, "2011-12-31": 0.462, "2010-12-31": 1.1426, "2009-12-31": -0.191, "2008-12-31": 0.2309, "2007-12-31": 0.6382, "2006-12-31": 0.1634, "2005-12-31": 2.0653}, "Free Cash Flow Per Share": {"2019-12-31": 0.7119, "2018-12-31": 0.8576, "2017-12-31": -0.0469, "2016-12-31": 0.206, "2015-12-31": 0.2814, "2014-12-31": -0.7993, "2013-12-31": -0.162, "2012-12-31": -0.0308, "2011-12-31": 0.1457, "2010-12-31": 1.0844, "2009-12-31": -0.013, "2008-12-31": -0.2884, "2007-12-31": 0.3129, "2006-12-31": 0.1347, "2005-12-31": 1.1809}}, "financial ratios, quarterly": {"Current Ratio": {"2020-09-30": "1.30710", "2020-06-30": "1.62580", "2020-03-31": "1.32730", "2019-12-31": "0.99090", "2019-09-30": "1.56840", "2019-06-30": "0.94600", "2019-03-31": "0.89370", "2018-12-31": "0.92770", "2018-09-30": "0.97910", "2018-06-30": "1.30190", "2018-03-31": "1.70330", "2017-12-31": "1.65810", "2017-09-30": "1.42480", "2017-06-30": "1.20770", "2017-03-31": "0.81960", "2016-12-31": "1.15240", "2016-09-30": "1.74120", "2016-06-30": "0.82450", "2016-03-31": "0.42230", "2015-12-31": "0.54650", "2015-09-30": "0.72630", "2015-06-30": "0.64300", "2015-03-31": "0.77860", "2014-12-31": "0.64470", "2014-09-30": "0.98010", "2014-06-30": "0.87410", "2014-03-31": "0.84140", "2013-12-31": "0.74660", "2013-09-30": "0.92010", "2013-06-30": "0.80650", "2013-03-31": "0.90860", "2012-12-31": "0.84470", "2012-09-30": "1.01070", "2012-06-30": "0.96450", "2012-03-31": "1.01420", "2011-12-31": "0.94730", "2011-09-30": "1.03710", "2011-06-30": "1.07600", "2011-03-31": "1.06470", "2010-12-31": "0.94490", "2010-09-30": "0.94520", "2010-06-30": "0.66150", "2010-03-31": "0.87970", "2009-12-31": "0.73080", "2009-09-30": "0.78620", "2009-06-30": "0.69010", "2009-03-31": "0.70760", "2008-12-31": "0.55230", "2008-09-30": "0.66820", "2008-06-30": "0.70230", "2008-03-31": "0.66330", "2007-12-31": "0.71820", "2007-09-30": "0.62430", "2007-06-30": "0.65130", "2007-03-31": "0.69960", "2006-12-31": "0.52260", "2006-09-30": "0.65280", "2006-06-30": "0.73800", "2006-03-31": "0.54090", "2005-12-31": "0.52680", "2005-09-30": "0.58080", "2005-06-30": "0.50890", "2005-03-31": "0.61320"}, "Long-term Debt / Capital": {"2020-09-30": "3.90290", "2020-06-30": "3.57890", "2020-03-31": "3.90780", "2019-12-31": "4.79010", "2019-09-30": "4.38220", "2019-06-30": "5.26350", "2019-03-31": "5.31440", "2018-12-31": "5.34300", "2018-09-30": "4.83050", "2018-06-30": "4.06430", "2018-03-31": "3.53430", "2017-12-31": "3.04650", "2017-09-30": "2.82280", "2017-06-30": "2.80960", "2017-03-31": "3.00210", "2016-12-31": "2.63040", "2016-09-30": "1.25110", "2016-06-30": "1.06630", "2016-03-31": "0.92280", "2015-12-31": "0.75630", "2015-09-30": "0.58440", "2015-06-30": "0.63530", "2015-03-31": "0.63900", "2014-12-31": "0.65730", "2014-09-30": "0.56350", "2014-06-30": "0.57090", "2014-03-31": "0.55810", "2013-12-31": "0.56690", "2013-09-30": "0.56350", "2013-06-30": "0.56080", "2013-03-31": "0.55360", "2012-12-31": "0.56550", "2012-09-30": "0.56690", "2012-06-30": "0.57350", "2012-03-31": "0.56880", "2011-12-31": "0.61000", "2011-09-30": "0.58530", "2011-06-30": "0.63390", "2011-03-31": "0.61080", "2010-12-31": "0.63590", "2010-09-30": "0.63870", "2010-06-30": "0.67250", "2010-03-31": "0.74240", "2009-12-31": "0.74220", "2009-09-30": "0.76710", "2009-06-30": "0.86320", "2009-03-31": "0.95230", "2008-12-31": "1.02710", "2008-09-30": "0.90760", "2008-06-30": "0.85290", "2008-03-31": "0.89900", "2007-12-31": "0.71970", "2007-09-30": "0.59900", "2007-06-30": "0.58900", "2007-03-31": "0.60210", "2006-12-31": "0.58480", "2006-09-30": "0.59260", "2006-06-30": "0.59060", "2006-03-31": "0.56250", "2005-12-31": "0.53230", "2005-09-30": "0.49840", "2005-06-30": "0.50240", "2005-03-31": "0.50000"}, "Debt/Equity Ratio": {"2020-09-30": "-1.40060", "2020-06-30": "-1.44130", "2020-03-31": "-1.39820", "2019-12-31": "-1.31760", "2019-09-30": "-1.30600", "2019-06-30": "-1.27520", "2019-03-31": "-1.27450", "2018-12-31": "-1.27080", "2018-09-30": "-1.30060", "2018-06-30": "-1.33380", "2018-03-31": "-1.40360", "2017-12-31": "-1.54780", "2017-09-30": "-1.60940", "2017-06-30": "-1.61410", "2017-03-31": "-1.56710", "2016-12-31": "-1.62510", "2016-09-30": "-5.00930", "2016-06-30": "-16.20240", "2016-03-31": "23.00480", "2015-12-31": "4.05370", "2015-09-30": "1.70660", "2015-06-30": "2.09170", "2015-03-31": "1.92120", "2014-12-31": "2.08480", "2014-09-30": "1.31890", "2014-06-30": "1.36070", "2014-03-31": "1.29290", "2013-12-31": "1.34100", "2013-09-30": "1.29730", "2013-06-30": "1.30680", "2013-03-31": "1.24890", "2012-12-31": "1.30580", "2012-09-30": "1.31690", "2012-06-30": "1.48680", "2012-03-31": "1.45900", "2011-12-31": "1.73120", "2011-09-30": "1.54920", "2011-06-30": "1.74150", "2011-03-31": "1.93010", "2010-12-31": "2.14980", "2010-09-30": "2.20880", "2010-06-30": "2.63870", "2010-03-31": "2.93200", "2009-12-31": "2.93180", "2009-09-30": "3.32960", "2009-06-30": "6.36980", "2009-03-31": "20.12500", "2008-12-31": "-38.18090", "2008-09-30": "9.88800", "2008-06-30": "5.84710", "2008-03-31": "9.72030", "2007-12-31": "2.82000", "2007-09-30": "1.69830", "2007-06-30": "1.64310", "2007-03-31": "1.53670", "2006-12-31": "1.56470", "2006-09-30": "1.58510", "2006-06-30": "1.45200", "2006-03-31": "1.45340", "2005-12-31": "1.28360", "2005-09-30": "1.12690", "2005-06-30": "1.15320", "2005-03-31": "1.00940"}, "Gross Margin": {"2020-09-30": "72.44480", "2020-06-30": "70.86810", "2020-03-31": "76.40540", "2019-12-31": "77.27270", "2019-09-30": "78.19270", "2019-06-30": "78.16790", "2019-03-31": "78.30940", "2018-12-31": "75.86650", "2018-09-30": "71.31560", "2018-06-30": "69.22510", "2018-03-31": "68.05250", "2017-12-31": "53.64620", "2017-09-30": "50.06960", "2017-06-30": "48.34250", "2017-03-31": "46.50670", "2016-12-31": "63.04350", "2016-09-30": "62.38470", "2016-06-30": "61.82900", "2016-03-31": "62.02360", "2015-12-31": "61.48790", "2015-09-30": "47.35920", "2015-06-30": "46.98870", "2015-03-31": "50.26700", "2014-12-31": "44.58340", "2014-09-30": "45.73640", "2014-06-30": "46.62920", "2014-03-31": "50.14680", "2013-12-31": "45.36970", "2013-09-30": "46.07620", "2013-06-30": "45.79890", "2013-03-31": "49.66470", "2012-12-31": "46.25570", "2012-09-30": "46.95990", "2012-06-30": "45.83330", "2012-03-31": "49.28910", "2011-12-31": "45.63370", "2011-09-30": "46.24310", "2011-06-30": "46.83950", "2011-03-31": "49.27840", "2010-12-31": "46.63110", "2010-09-30": "47.55420", "2010-06-30": "47.51360", "2010-03-31": "49.04050", "2009-12-31": "45.91380", "2009-09-30": "46.58030", "2009-06-30": "46.56700", "2009-03-31": "47.99280", "2008-12-31": "45.28020", "2008-09-30": "45.49610", "2008-06-30": "45.91950", "2008-03-31": "48.07290", "2007-12-31": "46.78450", "2007-09-30": "47.50390", "2007-06-30": "47.78200", "2007-03-31": "48.71800", "2006-12-31": "46.98280", "2006-09-30": "48.37580", "2006-06-30": "48.71680", "2006-03-31": "49.25660", "2005-12-31": "47.43020", "2005-09-30": "47.39190", "2005-06-30": "47.51510", "2005-03-31": "48.15000"}, "Operating Margin": {"2020-09-30": "32.52760", "2020-06-30": "25.04170", "2020-03-31": "19.79410", "2019-12-31": "32.23140", "2019-09-30": "35.84770", "2019-06-30": "35.95420", "2019-03-31": "34.52950", "2018-12-31": "47.56100", "2018-09-30": "39.75560", "2018-06-30": "32.82160", "2018-03-31": "40.33550", "2017-12-31": "77.04500", "2017-09-30": "44.77720", "2017-06-30": "28.93650", "2017-03-31": "34.15670", "2016-12-31": "24.16010", "2016-09-30": "26.21870", "2016-06-30": "27.50170", "2016-03-31": "24.18570", "2015-12-31": "21.71050", "2015-09-30": "17.59560", "2015-06-30": "11.94850", "2015-03-31": "19.29820", "2014-12-31": "-1.07580", "2014-09-30": "16.39830", "2014-06-30": "14.95010", "2014-03-31": "20.96180", "2013-12-31": "13.66360", "2013-09-30": "10.09810", "2013-06-30": "13.42980", "2013-03-31": "19.21100", "2012-12-31": "12.15990", "2012-09-30": "18.80080", "2012-06-30": "14.93060", "2012-03-31": "23.51440", "2011-12-31": "12.33280", "2011-09-30": "14.90530", "2011-06-30": "14.87930", "2011-03-31": "16.53610", "2010-12-31": "12.35260", "2010-09-30": "19.00770", "2010-06-30": "16.35590", "2010-03-31": "15.52240", "2009-12-31": "11.14410", "2009-09-30": "16.91870", "2009-06-30": "15.91280", "2009-03-31": "15.83220", "2008-12-31": "10.70800", "2008-09-30": "14.46170", "2008-06-30": "11.92180", "2008-03-31": "17.65440", "2007-12-31": "10.05790", "2007-09-30": "15.63960", "2007-06-30": "13.09680", "2007-03-31": "14.21500", "2006-12-31": "10.90850", "2006-09-30": "15.10100", "2006-06-30": "14.06970", "2006-03-31": "13.52520", "2005-12-31": "11.48670", "2005-09-30": "13.73160", "2005-06-30": "12.12260", "2005-03-31": "12.22010"}, "EBIT Margin": {"2020-09-30": "32.52760", "2020-06-30": "25.04170", "2020-03-31": "19.79410", "2019-12-31": "32.23140", "2019-09-30": "35.84770", "2019-06-30": "35.95420", "2019-03-31": "34.52950", "2018-12-31": "47.56100", "2018-09-30": "39.75560", "2018-06-30": "32.82160", "2018-03-31": "40.33550", "2017-12-31": "77.04500", "2017-09-30": "44.77720", "2017-06-30": "28.93650", "2017-03-31": "34.15670", "2016-12-31": "24.16010", "2016-09-30": "26.21870", "2016-06-30": "27.50170", "2016-03-31": "24.18570", "2015-12-31": "21.71050", "2015-09-30": "17.59560", "2015-06-30": "11.94850", "2015-03-31": "19.29820", "2014-12-31": "-1.07580", "2014-09-30": "16.39830", "2014-06-30": "14.95010", "2014-03-31": "20.96180", "2013-12-31": "13.66360", "2013-09-30": "10.09810", "2013-06-30": "13.42980", "2013-03-31": "19.21100", "2012-12-31": "12.15990", "2012-09-30": "18.80080", "2012-06-30": "14.93060", "2012-03-31": "23.51440", "2011-12-31": "12.33280", "2011-09-30": "14.90530", "2011-06-30": "14.87930", "2011-03-31": "16.53610", "2010-12-31": "12.35260", "2010-09-30": "19.00770", "2010-06-30": "16.35590", "2010-03-31": "15.52240", "2009-12-31": "11.14410", "2009-09-30": "16.91870", "2009-06-30": "15.91280", "2009-03-31": "15.83220", "2008-12-31": "10.70800", "2008-09-30": "14.46170", "2008-06-30": "11.92180", "2008-03-31": "17.65440", "2007-12-31": "10.05790", "2007-09-30": "15.63960", "2007-06-30": "13.09680", "2007-03-31": "14.21500", "2006-12-31": "10.90850", "2006-09-30": "15.10100", "2006-06-30": "14.06970", "2006-03-31": "13.52520", "2005-12-31": "11.48670", "2005-09-30": "13.73160", "2005-06-30": "12.12260", "2005-03-31": "12.22010"}, "EBITDA Margin": {"2020-09-30": "", "2020-06-30": "", "2020-03-31": "", "2019-12-31": "", "2019-09-30": "", "2019-06-30": "", "2019-03-31": "", "2018-12-31": "", "2018-09-30": "", "2018-06-30": "", "2018-03-31": "", "2017-12-31": "", "2017-09-30": "", "2017-06-30": "", "2017-03-31": "", "2016-12-31": "", "2016-09-30": "", "2016-06-30": "", "2016-03-31": "", "2015-12-31": "", "2015-09-30": "", "2015-06-30": "", "2015-03-31": "", "2014-12-31": "", "2014-09-30": "", "2014-06-30": "", "2014-03-31": "", "2013-12-31": "", "2013-09-30": "", "2013-06-30": "", "2013-03-31": "", "2012-12-31": "", "2012-09-30": "", "2012-06-30": "", "2012-03-31": "", "2011-12-31": "", "2011-09-30": "", "2011-06-30": "", "2011-03-31": "", "2010-12-31": "", "2010-09-30": "", "2010-06-30": "", "2010-03-31": "", "2009-12-31": "", "2009-09-30": "", "2009-06-30": "", "2009-03-31": "", "2008-12-31": "", "2008-09-30": "", "2008-06-30": "", "2008-03-31": "", "2007-12-31": "", "2007-09-30": "", "2007-06-30": "", "2007-03-31": "", "2006-12-31": "", "2006-09-30": "", "2006-06-30": "", "2006-03-31": "", "2005-12-31": "", "2005-09-30": "", "2005-06-30": "", "2005-03-31": ""}, "Pre-Tax Profit Margin": {"2020-09-30": "21.82320", "2020-06-30": "21.45240", "2020-03-31": "7.52180", "2019-12-31": "23.43570", "2019-09-30": "22.40480", "2019-06-30": "28.77860", "2019-03-31": "23.84370", "2018-12-31": "28.17720", "2018-09-30": "38.38970", "2018-06-30": "26.09650", "2018-03-31": "37.12620", "2017-12-31": "69.24540", "2017-09-30": "36.49030", "2017-06-30": "21.47790", "2017-03-31": "24.48840", "2016-12-31": "17.44070", "2016-09-30": "19.82870", "2016-06-30": "24.12190", "2016-03-31": "21.34440", "2015-12-31": "19.78750", "2015-09-30": "16.66180", "2015-06-30": "10.88570", "2015-03-31": "18.00150", "2014-12-31": "-2.07660", "2014-09-30": "15.56350", "2014-06-30": "14.04490", "2014-03-31": "19.75040", "2013-12-31": "10.00240", "2013-09-30": "9.20370", "2013-06-30": "12.32780", "2013-03-31": "17.98820", "2012-12-31": "11.14860", "2012-09-30": "17.90420", "2012-06-30": "13.73110", "2012-03-31": "22.16550", "2011-12-31": "11.21380", "2011-09-30": "13.92790", "2011-06-30": "13.63640", "2011-03-31": "14.76290", "2010-12-31": "10.83660", "2010-09-30": "17.67990", "2010-06-30": "14.72420", "2010-03-31": "13.77400", "2009-12-31": "9.47990", "2009-09-30": "15.40680", "2009-06-30": "14.17610", "2009-03-31": "13.44160", "2008-12-31": "8.52510", "2008-09-30": "12.80790", "2008-06-30": "9.96620", "2008-03-31": "15.45790", "2007-12-31": "8.41210", "2007-09-30": "14.15760", "2007-06-30": "11.49130", "2007-03-31": "12.59560", "2006-12-31": "9.28380", "2006-09-30": "13.60840", "2006-06-30": "12.41980", "2006-03-31": "11.84650", "2005-12-31": "10.07240", "2005-09-30": "12.48330", "2005-06-30": "10.72920", "2005-03-31": "10.85690"}, "Net Profit Margin": {"2020-09-30": "19.54420", "2020-06-30": "17.19530", "2020-03-31": "6.57170", "2019-12-31": "28.80760", "2019-09-30": "19.04410", "2019-06-30": "22.06110", "2019-03-31": "20.89310", "2018-12-31": "21.43770", "2018-09-30": "32.63840", "2018-06-30": "23.46490", "2018-03-31": "31.58280", "2017-12-31": "27.64740", "2017-09-30": "29.10860", "2017-06-30": "14.22650", "2017-03-31": "19.76010", "2016-12-31": "13.19170", "2016-09-30": "42.16070", "2016-06-30": "22.26640", "2016-03-31": "25.22520", "2015-12-31": "13.91700", "2015-09-30": "12.28480", "2015-06-30": "7.56840", "2015-03-31": "13.80630", "2014-12-31": "-2.15160", "2014-09-30": "12.04530", "2014-06-30": "10.42450", "2014-03-31": "14.64760", "2013-12-31": "7.68130", "2013-09-30": "4.38550", "2013-06-30": "9.67630", "2013-03-31": "13.29390", "2012-12-31": "8.11460", "2012-09-30": "13.19700", "2012-06-30": "10.44820", "2012-03-31": "16.69710", "2011-12-31": "8.65970", "2011-09-30": "11.69820", "2011-06-30": "11.22160", "2011-03-31": "10.88660", "2010-12-31": "7.69230", "2010-09-30": "12.47380", "2010-06-30": "11.11110", "2010-03-31": "10.27720", "2009-12-31": "6.41900", "2009-09-30": "12.02300", "2009-06-30": "12.23750", "2009-03-31": "9.83310", "2008-12-31": "6.01770", "2008-09-30": "9.92260", "2008-06-30": "8.42420", "2008-03-31": "10.52630", "2007-12-31": "7.04050", "2007-09-30": "10.53040", "2007-06-30": "9.04100", "2007-03-31": "8.72690", "2006-12-31": "7.69230", "2006-09-30": "10.09660", "2006-06-30": "8.79930", "2006-03-31": "8.15350", "2005-12-31": "7.79580", "2005-09-30": "9.13950", "2005-06-30": "8.26750", "2005-03-31": "7.44890"}, "Asset Turnover": {"2020-09-30": "0.23890", "2020-06-30": "0.18660", "2020-03-31": "0.20760", "2019-12-31": "0.32380", "2019-09-30": "0.26760", "2019-06-30": "0.28030", "2019-03-31": "0.26430", "2018-12-31": "0.37720", "2018-09-30": "0.33480", "2018-06-30": "0.31620", "2018-03-31": "0.28350", "2017-12-31": "0.29690", "2017-09-30": "0.26330", "2017-06-30": "0.25880", "2017-03-31": "0.27510", "2016-12-31": "0.37120", "2016-09-30": "0.14550", "2016-06-30": "0.18440", "2016-03-31": "0.17550", "2015-12-31": "0.24510", "2015-09-30": "0.41260", "2015-06-30": "0.37440", "2015-03-31": "0.31570", "2014-12-31": "0.47960", "2014-09-30": "0.36550", "2014-06-30": "0.36370", "2014-03-31": "0.31290", "2013-12-31": "0.48060", "2013-09-30": "0.39700", "2013-06-30": "0.33140", "2013-03-31": "0.28340", "2012-12-31": "0.46080", "2012-09-30": "0.39770", "2012-06-30": "0.34520", "2012-03-31": "0.29360", "2011-12-31": "0.46540", "2011-09-30": "0.38300", "2011-06-30": "0.34310", "2011-03-31": "0.28780", "2010-12-31": "0.42830", "2010-09-30": "0.35390", "2010-06-30": "0.36030", "2010-03-31": "0.32840", "2009-12-31": "0.47080", "2009-09-30": "0.39010", "2009-06-30": "0.35760", "2009-03-31": "0.33740", "2008-12-31": "0.51940", "2008-09-30": "0.41670", "2008-06-30": "0.38950", "2008-03-31": "0.34910", "2007-12-31": "0.45650", "2007-09-30": "0.38860", "2007-06-30": "0.36810", "2007-03-31": "0.34850", "2006-12-31": "0.47360", "2006-09-30": "0.38600", "2006-06-30": "0.37210", "2006-03-31": "0.36470", "2005-12-31": "0.50010", "2005-09-30": "0.38190", "2005-06-30": "0.37940", "2005-03-31": "0.35430"}, "Inventory Turnover Ratio": {"2020-09-30": "", "2020-06-30": "", "2020-03-31": "", "2019-12-31": "", "2019-09-30": "", "2019-06-30": "", "2019-03-31": "", "2018-12-31": "", "2018-09-30": "", "2018-06-30": "", "2018-03-31": "", "2017-12-31": "", "2017-09-30": "47.80000", "2017-06-30": "24.12900", "2017-03-31": "22.29410", "2016-12-31": "20.21620", "2016-09-30": "2.23920", "2016-06-30": "2.25880", "2016-03-31": "2.60950", "2015-12-31": "19.02500", "2015-09-30": "7.84350", "2015-06-30": "5.89960", "2015-03-31": "4.72460", "2014-12-31": "7.35880", "2014-09-30": "6.84210", "2014-06-30": "6.06380", "2014-03-31": "5.26360", "2013-12-31": "7.76530", "2013-09-30": "6.23000", "2013-06-30": "4.93420", "2013-03-31": "4.43060", "2012-12-31": "7.13100", "2012-09-30": "6.50520", "2012-06-30": "5.62620", "2012-03-31": "4.78010", "2011-12-31": "8.18680", "2011-09-30": "9.46240", "2011-06-30": "8.65320", "2011-03-31": "7.88460", "2010-12-31": "10.05820", "2010-09-30": "10.07380", "2010-06-30": "9.78990", "2010-03-31": "10.57520", "2009-12-31": "14.91800", "2009-09-30": "12.79310", "2009-06-30": "9.87310", "2009-03-31": "9.29840", "2008-12-31": "12.97200", "2008-09-30": "9.86620", "2008-06-30": "10.34530", "2008-03-31": "9.63850", "2007-12-31": "13.64060", "2007-09-30": "14.02080", "2007-06-30": "12.61220", "2007-03-31": "11.75260", "2006-12-31": "17.19360", "2006-09-30": "14.70000", "2006-06-30": "13.32140", "2006-03-31": "12.59520", "2005-12-31": "17.92940", "2005-09-30": "15.94600", "2005-06-30": "14.67530", "2005-03-31": "13.14820"}, "Receiveable Turnover": {"2020-09-30": "2.77390", "2020-06-30": "2.26040", "2020-03-31": "2.47160", "2019-12-31": "2.90070", "2019-09-30": "2.54080", "2019-06-30": "2.44860", "2019-03-31": "2.30940", "2018-12-31": "2.77720", "2018-09-30": "2.63450", "2018-06-30": "2.59580", "2018-03-31": "2.73650", "2017-12-31": "3.94250", "2017-09-30": "4.01120", "2017-06-30": "4.06740", "2017-03-31": "3.99150", "2016-12-31": "5.47030", "2016-09-30": "3.45000", "2016-06-30": "3.82030", "2016-03-31": "3.45220", "2015-12-31": "6.09880", "2015-09-30": "9.65350", "2015-06-30": "8.87140", "2015-03-31": "7.02950", "2014-12-31": "12.29850", "2014-09-30": "8.99200", "2014-06-30": "9.10230", "2014-03-31": "7.69490", "2013-12-31": "13.10030", "2013-09-30": "9.95980", "2013-06-30": "8.25000", "2013-03-31": "6.88860", "2012-12-31": "13.79730", "2012-09-30": "11.81790", "2012-06-30": "9.80800", "2012-03-31": "8.04400", "2011-12-31": "14.37410", "2011-09-30": "11.65130", "2011-06-30": "9.54580", "2011-03-31": "7.79740", "2010-12-31": "13.91410", "2010-09-30": "11.49400", "2010-06-30": "9.90000", "2010-03-31": "7.73930", "2009-12-31": "14.07950", "2009-09-30": "11.52700", "2009-06-30": "8.90650", "2009-03-31": "7.83390", "2008-12-31": "14.80350", "2008-09-30": "11.32270", "2008-06-30": "11.21940", "2008-03-31": "9.00370", "2007-12-31": "14.58220", "2007-09-30": "10.25600", "2007-06-30": "9.39290", "2007-03-31": "7.99640", "2006-12-31": "13.70910", "2006-09-30": "10.21530", "2006-06-30": "9.78480", "2006-03-31": "8.08140", "2005-12-31": "12.28390", "2005-09-30": "9.88110", "2005-06-30": "10.15570", "2005-03-31": "10.27000"}, "Days Sales In Receivables": {"2020-09-30": "32.44480", "2020-06-30": "39.81640", "2020-03-31": "36.41330", "2019-12-31": "31.02720", "2019-09-30": "35.42200", "2019-06-30": "36.75570", "2019-03-31": "38.97130", "2018-12-31": "32.40690", "2018-09-30": "34.16250", "2018-06-30": "34.67110", "2018-03-31": "32.88840", "2017-12-31": "22.82820", "2017-09-30": "22.43730", "2017-06-30": "22.12710", "2017-03-31": "22.54760", "2016-12-31": "16.45260", "2016-09-30": "26.08700", "2016-06-30": "23.55870", "2016-03-31": "26.07070", "2015-12-31": "14.75710", "2015-09-30": "9.32300", "2015-06-30": "10.14490", "2015-03-31": "12.80320", "2014-12-31": "7.31800", "2014-09-30": "10.00890", "2014-06-30": "9.88760", "2014-03-31": "11.69600", "2013-12-31": "6.87010", "2013-09-30": "9.03640", "2013-06-30": "10.90910", "2013-03-31": "13.06510", "2012-12-31": "6.52300", "2012-09-30": "7.61560", "2012-06-30": "9.17610", "2012-03-31": "11.18850", "2011-12-31": "6.26130", "2011-09-30": "7.72450", "2011-06-30": "9.42830", "2011-03-31": "11.54230", "2010-12-31": "6.46830", "2010-09-30": "7.83020", "2010-06-30": "9.09090", "2010-03-31": "11.62900", "2009-12-31": "6.39230", "2009-09-30": "7.80780", "2009-06-30": "10.10500", "2009-03-31": "11.48850", "2008-12-31": "6.07960", "2008-09-30": "7.94860", "2008-06-30": "8.02180", "2008-03-31": "9.99590", "2007-12-31": "6.17190", "2007-09-30": "8.77540", "2007-06-30": "9.58170", "2007-03-31": "11.25510", "2006-12-31": "6.56500", "2006-09-30": "8.81040", "2006-06-30": "9.19800", "2006-03-31": "11.13670", "2005-12-31": "7.32670", "2005-09-30": "9.10830", "2005-06-30": "8.86210", "2005-03-31": "8.76340"}, "ROE - Return On Equity": {"2020-09-30": "-3.57370", "2020-06-30": "-2.54070", "2020-03-31": "-1.00860", "2019-12-31": "-6.08780", "2019-09-30": "-3.14930", "2019-06-30": "-3.61520", "2019-03-31": "-3.31480", "2018-12-31": "-4.21400", "2018-09-30": "-6.08740", "2018-06-30": "-4.42940", "2018-03-31": "-6.41100", "2017-12-31": "-6.88350", "2017-09-30": "-6.82890", "2017-06-30": "-3.37590", "2017-03-31": "-4.81760", "2016-12-31": "-5.07570", "2016-09-30": "-11.91260", "2016-06-30": "-80.36250", "2016-03-31": "107.61900", "2015-12-31": "29.92780", "2015-09-30": "22.59950", "2015-06-30": "14.52310", "2015-03-31": "20.47650", "2014-12-31": "-7.41900", "2014-09-30": "15.69320", "2014-06-30": "14.53140", "2014-03-31": "17.08780", "2013-12-31": "14.13190", "2013-09-30": "6.06190", "2013-06-30": "12.07880", "2013-03-31": "14.24940", "2012-12-31": "14.91350", "2012-09-30": "20.83700", "2012-06-30": "14.95290", "2012-03-31": "20.22820", "2011-12-31": "18.63260", "2011-09-30": "18.67500", "2011-06-30": "17.05510", "2011-03-31": "14.36260", "2010-12-31": "16.59680", "2010-09-30": "22.33720", "2010-06-30": "23.57260", "2010-03-31": "21.93380", "2009-12-31": "19.56910", "2009-09-30": "34.37820", "2009-06-30": "54.93720", "2009-03-31": "124.43180", "2008-12-31": "-219.14890", "2008-09-30": "77.86890", "2008-06-30": "38.65980", "2008-03-31": "67.54620", "2007-12-31": "20.28100", "2007-09-30": "18.98730", "2007-06-30": "14.68770", "2007-03-31": "13.29680", "2006-12-31": "15.97800", "2006-09-30": "17.31930", "2006-06-30": "13.66550", "2006-03-31": "12.78200", "2005-12-31": "15.59700", "2005-09-30": "12.81250", "2005-06-30": "11.50610", "2005-03-31": "8.95780"}, "Return On Tangible Equity": {"2020-09-30": "-3.19850", "2020-06-30": "-2.27520", "2020-03-31": "-0.90490", "2019-12-31": "-5.55180", "2019-09-30": "-2.87780", "2019-06-30": "-3.29800", "2019-03-31": "-3.01980", "2018-12-31": "-3.84220", "2018-09-30": "-5.65310", "2018-06-30": "-4.09490", "2018-03-31": "-5.87280", "2017-12-31": "-6.17560", "2017-09-30": "-6.18160", "2017-06-30": "-3.03430", "2017-03-31": "-4.30700", "2016-12-31": "-4.52240", "2016-09-30": "-8.00590", "2016-06-30": "-21.38260", "2016-03-31": "-32.33190", "2015-12-31": "123.93160", "2015-09-30": "46.10390", "2015-06-30": "36.47600", "2015-03-31": "46.28210", "2014-12-31": "-20.30720", "2014-09-30": "38.01890", "2014-06-30": "40.43060", "2014-03-31": "48.59930", "2013-12-31": "44.87180", "2013-09-30": "18.66490", "2013-06-30": "60.26200", "2013-03-31": "52.58220", "2012-12-31": "63.51610", "2012-09-30": "83.13040", "2012-06-30": "68.80170", "2012-03-31": "91.10670", "2011-12-31": "38.14100", "2011-09-30": "34.57780", "2011-06-30": "39.80220", "2011-03-31": "34.14320", "2010-12-31": "51.77570", "2010-09-30": "72.96220", "2010-06-30": "171.00590", "2010-03-31": "597.56100", "2009-12-31": "1816.66700", "2009-09-30": "-236.11110", "2009-06-30": "-56.25000", "2009-03-31": "-28.40470", "2008-12-31": "-19.92260", "2008-09-30": "-46.56860", "2008-06-30": "-54.74450", "2008-03-31": "-42.03610", "2007-12-31": "204.42480", "2007-09-30": "65.69340", "2007-06-30": "46.42080", "2007-03-31": "42.54390", "2006-12-31": "52.37020", "2006-09-30": "51.80180", "2006-06-30": "36.64120", "2006-03-31": "36.71710", "2005-12-31": "38.89850", "2005-09-30": "28.55150", "2005-06-30": "27.09290", "2005-03-31": "18.86560"}, "ROA - Return On Assets": {"2020-09-30": "4.66920", "2020-06-30": "3.20820", "2020-03-31": "1.36400", "2019-12-31": "9.32900", "2019-09-30": "5.09690", "2019-06-30": "6.18310", "2019-03-31": "5.52280", "2018-12-31": "8.08720", "2018-09-30": "10.92660", "2018-06-30": "7.42020", "2018-03-31": "8.95370", "2017-12-31": "8.20940", "2017-09-30": "7.66410", "2017-06-30": "3.68120", "2017-03-31": "5.43580", "2016-12-31": "5.22650", "2016-09-30": "2.08970", "2016-06-30": "3.25020", "2016-03-31": "2.74910", "2015-12-31": "3.59760", "2015-09-30": "5.12880", "2015-06-30": "2.84540", "2015-03-31": "4.34680", "2014-12-31": "-1.42790", "2014-09-30": "4.39140", "2014-06-30": "3.83660", "2014-03-31": "4.58360", "2013-12-31": "3.62280", "2013-09-30": "1.56930", "2013-06-30": "3.14920", "2013-03-31": "3.75630", "2012-12-31": "3.72790", "2012-09-30": "5.32650", "2012-06-30": "3.62860", "2012-03-31": "4.93420", "2011-12-31": "4.04120", "2011-09-30": "4.55020", "2011-06-30": "3.92350", "2011-03-31": "3.16880", "2010-12-31": "3.33090", "2010-09-30": "4.53760", "2010-06-30": "4.04480", "2010-03-31": "3.43090", "2009-12-31": "3.04980", "2009-09-30": "4.77460", "2009-06-30": "4.41940", "2009-03-31": "3.33330", "2008-12-31": "3.15610", "2008-09-30": "4.17890", "2008-06-30": "3.29620", "2008-03-31": "3.70320", "2007-12-31": "3.21370", "2007-09-30": "4.09210", "2007-06-30": "3.32810", "2007-03-31": "3.04120", "2006-12-31": "3.64320", "2006-09-30": "3.89760", "2006-06-30": "3.27420", "2006-03-31": "2.97360", "2005-12-31": "3.89860", "2005-09-30": "3.49000", "2005-06-30": "3.13660", "2005-03-31": "2.63880"}, "ROI - Return On Investment": {"2020-09-30": "10.37390", "2020-06-30": "6.55220", "2020-03-31": "2.93290", "2019-12-31": "23.07330", "2019-09-30": "10.65160", "2019-06-30": "15.41330", "2019-03-31": "14.30130", "2018-12-31": "18.30140", "2018-09-30": "23.31790", "2018-06-30": "13.57290", "2018-03-31": "16.24770", "2017-12-31": "14.08720", "2017-09-30": "12.44790", "2017-06-30": "6.10910", "2017-03-31": "9.64520", "2016-12-31": "8.27530", "2016-09-30": "2.99080", "2016-06-30": "5.32750", "2016-03-31": "8.30880", "2015-12-31": "7.29380", "2015-09-30": "9.39150", "2015-06-30": "5.29620", "2015-03-31": "7.39150", "2014-12-31": "-2.54220", "2014-09-30": "6.85020", "2014-06-30": "6.23500", "2014-03-31": "7.55110", "2013-12-31": "6.12010", "2013-09-30": "2.64630", "2013-06-30": "5.30460", "2013-03-31": "6.36120", "2012-12-31": "6.48020", "2012-09-30": "9.02400", "2012-06-30": "6.37690", "2012-03-31": "8.72280", "2011-12-31": "7.26640", "2011-09-30": "7.74440", "2011-06-30": "6.24390", "2011-03-31": "5.58930", "2010-12-31": "6.04280", "2010-09-30": "8.06950", "2010-06-30": "7.71900", "2010-03-31": "5.65040", "2009-12-31": "5.04510", "2009-09-30": "8.00570", "2009-06-30": "7.51290", "2009-03-31": "5.93820", "2008-12-31": "5.93660", "2008-09-30": "7.19330", "2008-06-30": "5.68760", "2008-03-31": "6.82480", "2007-12-31": "5.68550", "2007-09-30": "7.61420", "2007-06-30": "6.03670", "2007-03-31": "5.29040", "2006-12-31": "6.63430", "2006-09-30": "7.05520", "2006-06-30": "5.59440", "2006-03-31": "5.59210", "2005-12-31": "7.29500", "2005-09-30": "6.42630", "2005-06-30": "5.72530", "2005-03-31": "4.47890"}, "Book Value Per Share": {"2020-09-30": "-26.22190", "2020-06-30": "-26.93690", "2020-03-31": "-27.33890", "2019-12-31": "-26.72000", "2019-09-30": "-26.72280", "2019-06-30": "-26.29610", "2019-03-31": "-25.83010", "2018-12-31": "-25.90200", "2018-09-30": "-23.82750", "2018-06-30": "-22.71790", "2018-03-31": "-20.65440", "2017-12-31": "-19.07830", "2017-09-30": "-18.05610", "2017-06-30": "-17.68700", "2017-03-31": "-16.60570", "2016-12-31": "-15.81690", "2016-09-30": "-4.86700", "2016-06-30": "-0.82960", "2016-03-31": "0.51600", "2015-12-31": "2.30710", "2015-09-30": "4.37360", "2015-06-30": "3.76160", "2015-03-31": "4.07160", "2014-12-31": "3.69590", "2014-09-30": "5.87640", "2014-06-30": "5.28640", "2014-03-31": "5.28280", "2013-12-31": "5.03160", "2013-09-30": "5.07870", "2013-06-30": "5.11190", "2013-03-31": "5.24000", "2012-12-31": "4.99560", "2012-09-30": "5.07520", "2012-06-30": "4.86240", "2012-03-31": "4.95430", "2011-12-31": "4.16520", "2011-09-30": "4.51840", "2011-06-30": "4.06020", "2011-03-31": "3.98070", "2010-12-31": "3.55860", "2010-09-30": "3.51070", "2010-06-30": "2.62530", "2010-03-31": "2.39190", "2009-12-31": "2.37530", "2009-09-30": "2.11320", "2009-06-30": "1.19530", "2009-03-31": "0.38180", "2008-12-31": "-0.20480", "2008-09-30": "0.79220", "2008-06-30": "1.22530", "2008-03-31": "0.80130", "2007-12-31": "2.28260", "2007-09-30": "2.77190", "2007-06-30": "2.79650", "2007-03-31": "2.78440", "2006-12-31": "2.73960", "2006-09-30": "2.50570", "2006-06-30": "2.58270", "2006-03-31": "2.43590", "2005-12-31": "2.60610", "2005-09-30": "2.81690", "2005-06-30": "2.70450", "2005-03-31": "2.93470"}, "Operating Cash Flow Per Share": {"2020-09-30": 1.5993, "2020-06-30": 0.404, "2020-03-31": "0.77520", "2019-12-31": 1.3802, "2019-09-30": 1.3529, "2019-06-30": 0.5158, "2019-03-31": "0.95240", "2018-12-31": 1.1253, "2018-09-30": 1.2981, "2018-06-30": 0.5952, "2018-03-31": "0.55590", "2017-12-31": 0.8674, "2017-09-30": 0.8077, "2017-06-30": 0.4351, "2017-03-31": "0.79120", "2016-12-31": 0.9673, "2016-09-30": 0.9551, "2016-06-30": 0.6805, "2016-03-31": "0.73400", "2015-12-31": -1.2221, "2015-09-30": 1.9642, "2015-06-30": 0.9711, "2015-03-31": "1.15700", "2014-12-31": -0.8068, "2014-09-30": 1.184, "2014-06-30": 1.1324, "2014-03-31": "1.25000", "2013-12-31": 1.3015, "2013-09-30": 1.7977, "2013-06-30": 0.7087, "2013-03-31": "0.86240", "2012-12-31": 0.9982, "2012-09-30": 1.9146, "2012-06-30": 0.9476, "2012-03-31": "0.98950", "2011-12-31": 0.9709, "2011-09-30": 1.6335, "2011-06-30": 0.8617, "2011-03-31": "1.04530", "2010-12-31": 0.9564, "2010-09-30": 1.3755, "2010-06-30": 0.9093, "2010-03-31": "0.80820", "2009-12-31": 0.5666, "2009-09-30": 1.3154, "2009-06-30": 0.4048, "2009-03-31": "0.62000", "2008-12-31": 0.7426, "2008-09-30": 1.0982, "2008-06-30": 0.5288, "2008-03-31": "0.72820", "2007-12-31": 0.7135, "2007-09-30": 1.0748, "2007-06-30": 0.4615, "2007-03-31": "0.61710", "2006-12-31": 0.4143, "2006-09-30": 0.8233, "2006-06-30": 0.4719, "2006-03-31": "0.51920", "2005-12-31": 0.3958, "2005-09-30": 0.721, "2005-06-30": 0.5669, "2005-03-31": "0.38160"}, "Free Cash Flow Per Share": {"2020-09-30": 1.4951, "2020-06-30": 0.2997, "2020-03-31": "0.66120", "2019-12-31": 1.1023, "2019-09-30": 1.2467, "2019-06-30": 0.4134, "2019-03-31": "0.81270", "2018-12-31": 0.8663, "2018-09-30": 1.1026, "2018-06-30": 0.4619, "2018-03-31": "0.43240", "2017-12-31": 0.6175, "2017-09-30": 0.5808, "2017-06-30": 0.2249, "2017-03-31": "0.58240", "2016-12-31": 0.5648, "2016-09-30": 0.6641, "2016-06-30": 0.4224, "2016-03-31": "0.54390", "2015-12-31": -0.7831, "2015-09-30": 1.4262, "2015-06-30": 0.5722, "2015-03-31": "0.64800", "2014-12-31": -0.5096, "2014-09-30": 0.6316, "2014-06-30": 0.6129, "2014-03-31": "0.87280", "2013-12-31": 0.5274, "2013-09-30": 1.2986, "2013-06-30": 0.2012, "2013-03-31": "0.35270", "2012-12-31": 0.1111, "2012-09-30": 1.3293, "2012-06-30": 0.4584, "2012-03-31": "0.62760", "2011-12-31": 0.1663, "2011-09-30": 1.1657, "2011-06-30": 0.5359, "2011-03-31": "0.68930", "2010-12-31": 0.2875, "2010-09-30": 1.0539, "2010-06-30": 0.5794, "2010-03-31": "0.49070", "2009-12-31": -0.0049, "2009-09-30": 0.9987, "2009-06-30": 0.0097, "2009-03-31": "0.32360", "2008-12-31": 0.0629, "2008-09-30": 0.6507, "2008-06-30": 0.1463, "2008-03-31": "0.48020", "2007-12-31": 0.1202, "2007-09-30": 0.7807, "2007-06-30": 0.2575, "2007-03-31": "0.47010", "2006-12-31": 0.0237, "2006-09-30": 0.585, "2006-06-30": 0.2996, "2006-03-31": "0.40730", "2005-12-31": 0.0769, "2005-09-30": 0.4678, "2005-06-30": 0.4043, "2005-03-31": "0.23190"}}, "revenue": {"Yum! Brands Annual Revenue (Millions of US $)": {"2020": "$5,652", "2019": "$5,597", "2018": "$5,688", "2017": "$5,878", "2016": "$6,356", "2015": "$6,418", "2014": "$6,587", "2013": "$13,084", "2012": "$13,633", "2011": "$12,626", "2010": "$11,343", "2009": "$10,836", "2008": "$11,304", "2007": "$10,435", "2006": "$9,561", "2005": "$9,349"}, "Yum! Brands Quarterly Revenue (Millions of US $)": {"2020-12-31": "$1,743", "2020-09-30": "$1,448", "2020-06-30": "$1,198", "2020-03-31": "$1,263", "2019-12-31": "$1,694", "2019-09-30": "$1,339", "2019-06-30": "$1,310", "2019-03-31": "$1,254", "2018-12-31": "$1,558", "2018-09-30": "$1,391", "2018-06-30": "$1,368", "2018-03-31": "$1,371", "2017-12-31": "$1,577", "2017-09-30": "$1,436", "2017-06-30": "$1,448", "2017-03-31": "$1,417", "2016-12-31": "$2,024", "2016-09-30": "$1,518", "2016-06-30": "$1,509", "2016-03-31": "$1,443", "2015-12-31": "$1,976", "2015-09-30": "$3,427", "2015-06-30": "$3,105", "2015-03-31": "$2,622", "2014-12-31": "$3,997", "2014-09-30": "$3,354", "2014-06-30": "$3,204", "2014-03-31": "$2,724", "2013-12-31": "$4,179", "2013-09-30": "$3,466", "2013-06-30": "$2,904", "2013-03-31": "$2,535", "2012-12-31": "$4,153", "2012-09-30": "$3,569", "2012-06-30": "$3,168", "2012-03-31": "$2,743", "2011-12-31": "$4,111", "2011-09-30": "$3,274", "2011-06-30": "$2,816", "2011-03-31": "$2,425", "2010-12-31": "$3,562", "2010-09-30": "$2,862", "2010-06-30": "$2,574", "2010-03-31": "$2,345", "2009-12-31": "$3,365", "2009-09-30": "$2,778", "2009-06-30": "$2,476", "2009-03-31": "$2,217", "2008-12-31": "$3,390", "2008-09-30": "$2,842", "2008-06-30": "$2,659", "2008-03-31": "$2,413", "2007-12-31": "$3,281", "2007-09-30": "$2,564", "2007-06-30": "$2,367", "2007-03-31": "$2,223", "2006-12-31": "$3,016", "2006-09-30": "$2,278", "2006-06-30": "$2,182", "2006-03-31": "$2,085", "2005-12-31": "$2,899", "2005-09-30": "$2,243", "2005-06-30": "$2,153", "2005-03-31": "$2,054"}}, "gross-profit": {"Yum! Brands Annual Gross Profit (Millions of US $)": {"2020": "$4,146", "2019": "$4,362", "2018": "$4,054", "2017": "$2,924", "2016": "$2,867", "2015": "$3,916", "2014": "$3,889", "2013": "$6,082", "2012": "$6,401", "2011": "$5,904", "2010": "$5,395", "2009": "$5,056", "2008": "$5,209", "2007": "$4,967", "2006": "$4,609", "2005": "$4,450"}, "Yum! Brands Quarterly Gross Profit (Millions of US $)": {"2020-12-31": "$1,283", "2020-09-30": "$1,049", "2020-06-30": "$849", "2020-03-31": "$965", "2019-12-31": "$1,309", "2019-09-30": "$1,047", "2019-06-30": "$1,024", "2019-03-31": "$982", "2018-12-31": "$1,182", "2018-09-30": "$992", "2018-06-30": "$947", "2018-03-31": "$933", "2017-12-31": "$846", "2017-09-30": "$719", "2017-06-30": "$700", "2017-03-31": "$659", "2016-12-31": "$1,276", "2016-09-30": "$947", "2016-06-30": "$933", "2016-03-31": "$895", "2015-12-31": "$1,215", "2015-09-30": "$1,623", "2015-06-30": "$1,459", "2015-03-31": "$1,318", "2014-12-31": "$1,782", "2014-09-30": "$1,534", "2014-06-30": "$1,494", "2014-03-31": "$1,366", "2013-12-31": "$1,896", "2013-09-30": "$1,597", "2013-06-30": "$1,330", "2013-03-31": "$1,259", "2012-12-31": "$1,921", "2012-09-30": "$1,676", "2012-06-30": "$1,452", "2012-03-31": "$1,352", "2011-12-31": "$1,876", "2011-09-30": "$1,514", "2011-06-30": "$1,319", "2011-03-31": "$1,195", "2010-12-31": "$1,661", "2010-09-30": "$1,361", "2010-06-30": "$1,223", "2010-03-31": "$1,150", "2009-12-31": "$1,545", "2009-09-30": "$1,294", "2009-06-30": "$1,153", "2009-03-31": "$1,064", "2008-12-31": "$1,535", "2008-09-30": "$1,293", "2008-06-30": "$1,221", "2008-03-31": "$1,160", "2007-12-31": "$1,535", "2007-09-30": "$1,218", "2007-06-30": "$1,131", "2007-03-31": "$1,083", "2006-12-31": "$1,417", "2006-09-30": "$1,102", "2006-06-30": "$1,063", "2006-03-31": "$1,027", "2005-12-31": "$1,375", "2005-09-30": "$1,063", "2005-06-30": "$1,023", "2005-03-31": "$989"}}, "operating-income": {"Yum! Brands Annual Operating Income (Millions of US $)": {"2020": "$1,503", "2019": "$1,930", "2018": "$2,296", "2017": "$2,761", "2016": "$1,682", "2015": "$1,434", "2014": "$1,517", "2013": "$1,798", "2012": "$2,294", "2011": "$1,815", "2010": "$1,769", "2009": "$1,590", "2008": "$1,517", "2007": "$1,357", "2006": "$1,262", "2005": "$1,153"}, "Yum! Brands Quarterly Operating Income (Millions of US $)": {"2020-12-31": "$482", "2020-09-30": "$471", "2020-06-30": "$300", "2020-03-31": "$250", "2019-12-31": "$546", "2019-09-30": "$480", "2019-06-30": "$471", "2019-03-31": "$433", "2018-12-31": "$741", "2018-09-30": "$553", "2018-06-30": "$449", "2018-03-31": "$553", "2017-12-31": "$1,215", "2017-09-30": "$643", "2017-06-30": "$419", "2017-03-31": "$484", "2016-12-31": "$489", "2016-09-30": "$398", "2016-06-30": "$415", "2016-03-31": "$349", "2015-12-31": "$429", "2015-09-30": "$603", "2015-06-30": "$371", "2015-03-31": "$506", "2014-12-31": "$-43", "2014-09-30": "$550", "2014-06-30": "$479", "2014-03-31": "$571", "2013-12-31": "$571", "2013-09-30": "$350", "2013-06-30": "$390", "2013-03-31": "$487", "2012-12-31": "$505", "2012-09-30": "$671", "2012-06-30": "$473", "2012-03-31": "$645", "2011-12-31": "$507", "2011-09-30": "$488", "2011-06-30": "$419", "2011-03-31": "$401", "2010-12-31": "$440", "2010-09-30": "$544", "2010-06-30": "$421", "2010-03-31": "$364", "2009-12-31": "$375", "2009-09-30": "$470", "2009-06-30": "$394", "2009-03-31": "$351", "2008-12-31": "$363", "2008-09-30": "$411", "2008-06-30": "$317", "2008-03-31": "$426", "2007-12-31": "$330", "2007-09-30": "$401", "2007-06-30": "$310", "2007-03-31": "$316", "2006-12-31": "$329", "2006-09-30": "$344", "2006-06-30": "$307", "2006-03-31": "$282", "2005-12-31": "$333", "2005-09-30": "$308", "2005-06-30": "$261", "2005-03-31": "$251"}}, "ebitda": {"Yum! Brands Annual EBITDA (Millions of US $)": {"2019": "$2,042", "2018": "$2,433", "2017": "$3,014", "2016": "$1,992", "2015": "$1,753", "2014": "$1,845", "2013": "$2,519", "2012": "$2,959", "2011": "$2,452", "2010": "$2,358", "2009": "$2,170", "2008": "$2,073", "2007": "$1,899", "2006": "$1,741", "2005": "$1,622"}, "Yum! Brands Quarterly EBITDA (Millions of US $)": {"2020-09-30": "$518", "2020-06-30": "$326", "2020-03-31": "$277", "2019-12-31": "$574", "2019-09-30": "$510", "2019-06-30": "$499", "2019-03-31": "$459", "2018-12-31": "$775", "2018-09-30": "$585", "2018-06-30": "$483", "2018-03-31": "$590", "2017-12-31": "$1,273", "2017-09-30": "$703", "2017-06-30": "$484", "2017-03-31": "$554", "2016-12-31": "$575", "2016-09-30": "$475", "2016-06-30": "$489", "2016-03-31": "$422", "2015-12-31": "$243", "2015-09-30": "$782", "2015-06-30": "$558", "2015-03-31": "$645", "2014-12-31": "$-216", "2014-09-30": "$731", "2014-06-30": "$659", "2014-03-31": "$711", "2013-12-31": "$819", "2013-09-30": "$523", "2013-06-30": "$560", "2013-03-31": "$617", "2012-12-31": "$728", "2012-09-30": "$828", "2012-06-30": "$631", "2012-03-31": "$772", "2011-12-31": "$718", "2011-09-30": "$645", "2011-06-30": "$565", "2011-03-31": "$524", "2010-12-31": "$646", "2010-09-30": "$671", "2010-06-30": "$558", "2010-03-31": "$483", "2009-12-31": "$570", "2009-09-30": "$609", "2009-06-30": "$523", "2009-03-31": "$468", "2008-12-31": "$530", "2008-09-30": "$550", "2008-06-30": "$447", "2008-03-31": "$546", "2007-12-31": "$510", "2007-09-30": "$530", "2007-06-30": "$431", "2007-03-31": "$428", "2006-12-31": "$489", "2006-09-30": "$453", "2006-06-30": "$418", "2006-03-31": "$381", "2005-12-31": "$483", "2005-09-30": "$419", "2005-06-30": "$372", "2005-03-31": "$348"}}, "net-income": {"Yum! Brands Annual Net Income (Millions of US $)": {"2020": "$904", "2019": "$1,294", "2018": "$1,542", "2017": "$1,340", "2016": "$1,643", "2015": "$1,283", "2014": "$1,051", "2013": "$1,091", "2012": "$1,597", "2011": "$1,319", "2010": "$1,158", "2009": "$1,071", "2008": "$964", "2007": "$909", "2006": "$824", "2005": "$762"}, "Yum! Brands Quarterly Net Income (Millions of US $)": {"2020-12-31": "$332", "2020-09-30": "$283", "2020-06-30": "$206", "2020-03-31": "$83", "2019-12-31": "$488", "2019-09-30": "$255", "2019-06-30": "$289", "2019-03-31": "$262", "2018-12-31": "$334", "2018-09-30": "$454", "2018-06-30": "$321", "2018-03-31": "$433", "2017-12-31": "$436", "2017-09-30": "$418", "2017-06-30": "$206", "2017-03-31": "$280", "2016-12-31": "$267", "2016-09-30": "$640", "2016-06-30": "$336", "2016-03-31": "$364", "2015-12-31": "$275", "2015-09-30": "$421", "2015-06-30": "$235", "2015-03-31": "$362", "2014-12-31": "$-86", "2014-09-30": "$404", "2014-06-30": "$334", "2014-03-31": "$399", "2013-12-31": "$321", "2013-09-30": "$152", "2013-06-30": "$281", "2013-03-31": "$337", "2012-12-31": "$337", "2012-09-30": "$471", "2012-06-30": "$331", "2012-03-31": "$458", "2011-12-31": "$356", "2011-09-30": "$383", "2011-06-30": "$316", "2011-03-31": "$264", "2010-12-31": "$274", "2010-09-30": "$357", "2010-06-30": "$286", "2010-03-31": "$241", "2009-12-31": "$216", "2009-09-30": "$334", "2009-06-30": "$303", "2009-03-31": "$218", "2008-12-31": "$204", "2008-09-30": "$282", "2008-06-30": "$224", "2008-03-31": "$254", "2007-12-31": "$231", "2007-09-30": "$270", "2007-06-30": "$214", "2007-03-31": "$194", "2006-12-31": "$232", "2006-09-30": "$230", "2006-06-30": "$192", "2006-03-31": "$170", "2005-12-31": "$226", "2005-09-30": "$205", "2005-06-30": "$178", "2005-03-31": "$153"}}, "eps-earnings-per-share-diluted": {"Yum! Brands Annual EPS": {"2020": "$2.94", "2019": "$4.14", "2018": "$4.69", "2017": "$3.77", "2016": "$4.10", "2015": "$2.90", "2014": "$2.32", "2013": "$2.36", "2012": "$3.38", "2011": "$2.74", "2010": "$2.38", "2009": "$2.22", "2008": "$1.96", "2007": "$1.68", "2006": "$1.46", "2005": "$1.28"}, "Yum! Brands Quarterly EPS": {"2020-12-31": "$1.08", "2020-09-30": "$0.92", "2020-06-30": "$0.67", "2020-03-31": "$0.27", "2019-12-31": "$1.58", "2019-09-30": "$0.81", "2019-06-30": "$0.92", "2019-03-31": "$0.83", "2018-12-31": "$1.05", "2018-09-30": "$1.40", "2018-06-30": "$0.97", "2018-03-31": "$1.27", "2017-12-31": "$1.24", "2017-09-30": "$1.18", "2017-06-30": "$0.58", "2017-03-31": "$0.77", "2016-12-31": "$0.71", "2016-09-30": "$1.62", "2016-06-30": "$0.81", "2016-03-31": "$0.87", "2015-12-31": "$0.63", "2015-09-30": "$0.95", "2015-06-30": "$0.53", "2015-03-31": "$0.81", "2014-12-31": "$-0.20", "2014-09-30": "$0.89", "2014-06-30": "$0.73", "2014-03-31": "$0.87", "2013-12-31": "$0.70", "2013-09-30": "$0.33", "2013-06-30": "$0.61", "2013-03-31": "$0.72", "2012-12-31": "$0.73", "2012-09-30": "$1.00", "2012-06-30": "$0.69", "2012-03-31": "$0.96", "2011-12-31": "$0.75", "2011-09-30": "$0.80", "2011-06-30": "$0.65", "2011-03-31": "$0.54", "2010-12-31": "$0.55", "2010-09-30": "$0.74", "2010-06-30": "$0.59", "2010-03-31": "$0.50", "2009-12-31": "$0.44", "2009-09-30": "$0.69", "2009-06-30": "$0.63", "2009-03-31": "$0.46", "2008-12-31": "$0.43", "2008-09-30": "$0.58", "2008-06-30": "$0.45", "2008-03-31": "$0.50", "2007-12-31": "$0.44", "2007-09-30": "$0.50", "2007-06-30": "$0.39", "2007-03-31": "$0.35", "2006-12-31": "$0.41", "2006-09-30": "$0.42", "2006-06-30": "$0.34", "2006-03-31": "$0.30", "2005-12-31": "$0.39", "2005-09-30": "$0.35", "2005-06-30": "$0.30", "2005-03-31": "$0.25"}}, "shares-outstanding": {"Yum! Brands Annual Shares Outstanding (Millions of Shares)": {"2020": "307", "2019": "313", "2018": "329", "2017": "355", "2016": "400", "2015": "443", "2014": "453", "2013": "461", "2012": "473", "2011": "481", "2010": "486", "2009": "483", "2008": "491", "2007": "541", "2006": "564", "2005": "597"}, "Yum! Brands Quarterly Shares Outstanding (Millions of Shares)": {"2020-12-31": "307", "2020-09-30": "307", "2020-06-30": "307", "2020-03-31": "307", "2019-12-31": "313", "2019-09-30": "313", "2019-06-30": "314", "2019-03-31": "315", "2018-12-31": "329", "2018-09-30": "325", "2018-06-30": "331", "2018-03-31": "340", "2017-12-31": "355", "2017-09-30": "353", "2017-06-30": "358", "2017-03-31": "364", "2016-12-31": "374", "2016-09-30": "395", "2016-06-30": "415", "2016-03-31": "421", "2015-12-31": "439", "2015-09-30": "444", "2015-06-30": "445", "2015-03-31": "446", "2014-12-31": "441", "2014-09-30": "452", "2014-06-30": "455", "2014-03-31": "456", "2013-12-31": "458", "2013-09-30": "461", "2013-06-30": "464", "2013-03-31": "465", "2012-12-31": "473", "2012-09-30": "472", "2012-06-30": "477", "2012-03-31": "478", "2011-12-31": "481", "2011-09-30": "481", "2011-06-30": "484", "2011-03-31": "486", "2010-12-31": "486", "2010-09-30": "484", "2010-06-30": "485", "2010-03-31": "485", "2009-12-31": "483", "2009-09-30": "485", "2009-06-30": "483", "2009-03-31": "479", "2008-12-31": "491", "2008-09-30": "487", "2008-06-30": "498", "2008-03-31": "504", "2007-12-31": "541", "2007-09-30": "541", "2007-06-30": "547", "2007-03-31": "551", "2006-12-31": "564", "2006-09-30": "555", "2006-06-30": "563", "2006-03-31": "572", "2005-12-31": "597", "2005-09-30": "596", "2005-06-30": "602", "2005-03-31": "608"}}, "total-assets": {"Yum! Brands Annual Total Assets (Millions of US $)": {"2019": "$5,231", "2018": "$4,130", "2017": "$5,311", "2016": "$5,453", "2015": "$8,061", "2014": "$8,334", "2013": "$8,695", "2012": "$9,013", "2011": "$8,834", "2010": "$8,316", "2009": "$7,148", "2008": "$6,527", "2007": "$7,188", "2006": "$6,368", "2005": "$5,797"}, "Yum! Brands Quarterly Total Assets (Millions of US $)": {"2020-09-30": "$6,061", "2020-06-30": "$6,421", "2020-03-31": "$6,085", "2019-12-31": "$5,231", "2019-09-30": "$5,003", "2019-06-30": "$4,674", "2019-03-31": "$4,744", "2018-12-31": "$4,130", "2018-09-30": "$4,155", "2018-06-30": "$4,326", "2018-03-31": "$4,836", "2017-12-31": "$5,311", "2017-09-30": "$5,454", "2017-06-30": "$5,596", "2017-03-31": "$5,151", "2016-12-31": "$5,453", "2016-09-30": "$10,432", "2016-06-30": "$8,184", "2016-03-31": "$8,221", "2015-12-31": "$8,061", "2015-09-30": "$8,306", "2015-06-30": "$8,294", "2015-03-31": "$8,305", "2014-12-31": "$8,334", "2014-09-30": "$9,177", "2014-06-30": "$8,810", "2014-03-31": "$8,705", "2013-12-31": "$8,695", "2013-09-30": "$8,730", "2013-06-30": "$8,764", "2013-03-31": "$8,945", "2012-12-31": "$9,013", "2012-09-30": "$8,974", "2012-06-30": "$9,177", "2012-03-31": "$9,343", "2011-12-31": "$8,834", "2011-09-30": "$8,549", "2011-06-30": "$8,207", "2011-03-31": "$8,426", "2010-12-31": "$8,316", "2010-09-30": "$8,088", "2010-06-30": "$7,145", "2010-03-31": "$7,141", "2009-12-31": "$7,148", "2009-09-30": "$7,121", "2009-06-30": "$6,924", "2009-03-31": "$6,570", "2008-12-31": "$6,527", "2008-09-30": "$6,820", "2008-06-30": "$6,826", "2008-03-31": "$6,913", "2007-12-31": "$7,188", "2007-09-30": "$6,598", "2007-06-30": "$6,430", "2007-03-31": "$6,379", "2006-12-31": "$6,368", "2006-09-30": "$5,901", "2006-06-30": "$5,864", "2006-03-31": "$5,717", "2005-12-31": "$5,797", "2005-09-30": "$5,874", "2005-06-30": "$5,675", "2005-03-31": "$5,798"}}, "cash-on-hand": {"Yum! Brands Annual Cash on Hand (Millions of US $)": {"2019": "$605", "2018": "$292", "2017": "$1,522", "2016": "$725", "2015": "$313", "2014": "$578", "2013": "$573", "2012": "$776", "2011": "$1,198", "2010": "$1,426", "2009": "$353", "2008": "$216", "2007": "$789", "2006": "$319", "2005": "$201"}, "Yum! Brands Quarterly Cash on Hand (Millions of US $)": {"2020-09-30": "$1,110", "2020-06-30": "$1,243", "2020-03-31": "$1,154", "2019-12-31": "$605", "2019-09-30": "$691", "2019-06-30": "$252", "2019-03-31": "$278", "2018-12-31": "$292", "2018-09-30": "$198", "2018-06-30": "$313", "2018-03-31": "$982", "2017-12-31": "$1,522", "2017-09-30": "$980", "2017-06-30": "$970", "2017-03-31": "$525", "2016-12-31": "$725", "2016-09-30": "$2,885", "2016-06-30": "$795", "2016-03-31": "$934", "2015-12-31": "$313", "2015-09-30": "$861", "2015-06-30": "$636", "2015-03-31": "$675", "2014-12-31": "$578", "2014-09-30": "$1,011", "2014-06-30": "$831", "2014-03-31": "$734", "2013-12-31": "$573", "2013-09-30": "$753", "2013-06-30": "$500", "2013-03-31": "$762", "2012-12-31": "$776", "2012-09-30": "$942", "2012-06-30": "$984", "2012-03-31": "$1,099", "2011-12-31": "$1,198", "2011-09-30": "$1,236", "2011-06-30": "$955", "2011-03-31": "$1,529", "2010-12-31": "$1,426", "2010-09-30": "$1,274", "2010-06-30": "$530", "2010-03-31": "$444", "2009-12-31": "$353", "2009-09-30": "$424", "2009-06-30": "$284", "2009-03-31": "$289", "2008-12-31": "$216", "2008-09-30": "$294", "2008-06-30": "$325", "2008-03-31": "$481", "2007-12-31": "$789", "2007-09-30": "$507", "2007-06-30": "$436", "2007-03-31": "$341", "2006-12-31": "$319", "2006-09-30": "$394", "2006-06-30": "$341", "2006-03-31": "$195", "2005-12-31": "$201", "2005-09-30": "$352", "2005-06-30": "$200", "2005-03-31": "$192"}}, "long-term-debt": {"Yum! Brands Annual Long Term Debt (Millions of US $)": {"2019": "$10,131", "2018": "$9,751", "2017": "$9,429", "2016": "$9,059", "2015": "$3,007", "2014": "$3,077", "2013": "$2,918", "2012": "$2,932", "2011": "$2,997", "2010": "$2,915", "2009": "$3,207", "2008": "$3,564", "2007": "$2,924", "2006": "$2,045", "2005": "$1,649"}, "Yum! Brands Quarterly Long Term Debt (Millions of US $)": {"2020-09-30": "$10,647", "2020-06-30": "$11,252", "2020-03-31": "$11,059", "2019-12-31": "$10,131", "2019-09-30": "$10,491", "2019-06-30": "$9,869", "2019-03-31": "$9,736", "2018-12-31": "$9,751", "2018-09-30": "$9,405", "2018-06-30": "$9,612", "2018-03-31": "$9,419", "2017-12-31": "$9,429", "2017-09-30": "$9,479", "2017-06-30": "$9,474", "2017-03-31": "$8,715", "2016-12-31": "$9,059", "2016-09-30": "$9,119", "2016-06-30": "$5,324", "2016-03-31": "$2,510", "2015-12-31": "$3,007", "2015-09-30": "$2,651", "2015-06-30": "$2,831", "2015-03-31": "$3,121", "2014-12-31": "$3,077", "2014-09-30": "$3,315", "2014-06-30": "$3,095", "2014-03-31": "$2,949", "2013-12-31": "$2,918", "2013-09-30": "$2,917", "2013-06-30": "$2,918", "2013-03-31": "$2,924", "2012-12-31": "$2,932", "2012-09-30": "$3,003", "2012-06-30": "$2,995", "2012-03-31": "$3,006", "2011-12-31": "$2,997", "2011-09-30": "$2,940", "2011-06-30": "$3,269", "2011-03-31": "$2,918", "2010-12-31": "$2,915", "2010-09-30": "$2,905", "2010-06-30": "$2,518", "2010-03-31": "$3,219", "2009-12-31": "$3,207", "2009-09-30": "$3,258", "2009-06-30": "$3,516", "2009-03-31": "$3,512", "2008-12-31": "$3,564", "2008-09-30": "$3,596", "2008-06-30": "$3,374", "2008-03-31": "$3,372", "2007-12-31": "$2,924", "2007-09-30": "$2,124", "2007-06-30": "$2,088", "2007-03-31": "$2,208", "2006-12-31": "$2,045", "2006-09-30": "$1,932", "2006-06-30": "$2,027", "2006-03-31": "$1,710", "2005-12-31": "$1,649", "2005-09-30": "$1,590", "2005-06-30": "$1,562", "2005-03-31": "$1,708"}}, "total-liabilities": {"Yum! Brands Annual Total Liabilities (Millions of US $)": {"2019": "$13,247", "2018": "$12,056", "2017": "$11,645", "2016": "$11,068", "2015": "$7,092", "2014": "$6,730", "2013": "$6,466", "2012": "$6,760", "2011": "$6,918", "2010": "$6,647", "2009": "$6,034", "2008": "$6,621", "2007": "$6,049", "2006": "$4,916", "2005": "$4,348"}, "Yum! Brands Quarterly Total Liabilities (Millions of US $)": {"2020-09-30": "$13,980", "2020-06-30": "$14,529", "2020-03-31": "$14,314", "2019-12-31": "$13,247", "2019-09-30": "$13,100", "2019-06-30": "$12,668", "2019-03-31": "$12,648", "2018-12-31": "$12,056", "2018-09-30": "$11,613", "2018-06-30": "$11,573", "2018-03-31": "$11,590", "2017-12-31": "$11,645", "2017-09-30": "$11,575", "2017-06-30": "$11,698", "2017-03-31": "$10,963", "2016-12-31": "$11,068", "2016-09-30": "$12,262", "2016-06-30": "$8,515", "2016-03-31": "$8,011", "2015-12-31": "$7,092", "2015-09-30": "$6,421", "2015-06-30": "$6,669", "2015-03-31": "$6,542", "2014-12-31": "$6,730", "2014-09-30": "$6,609", "2014-06-30": "$6,484", "2014-03-31": "$6,370", "2013-12-31": "$6,466", "2013-09-30": "$6,470", "2013-06-30": "$6,479", "2013-03-31": "$6,587", "2012-12-31": "$6,760", "2012-09-30": "$6,680", "2012-06-30": "$6,950", "2012-03-31": "$7,064", "2011-12-31": "$6,918", "2011-09-30": "$6,466", "2011-06-30": "$6,319", "2011-03-31": "$6,567", "2010-12-31": "$6,647", "2010-09-30": "$6,445", "2010-06-30": "$5,919", "2010-03-31": "$6,024", "2009-12-31": "$6,034", "2009-09-30": "$6,132", "2009-06-30": "$6,367", "2009-03-31": "$6,394", "2008-12-31": "$6,621", "2008-09-30": "$6,454", "2008-06-30": "$6,244", "2008-03-31": "$6,534", "2007-12-31": "$6,049", "2007-09-30": "$5,176", "2007-06-30": "$4,973", "2007-03-31": "$4,920", "2006-12-31": "$4,916", "2006-09-30": "$4,573", "2006-06-30": "$4,459", "2006-03-31": "$4,387", "2005-12-31": "$4,348", "2005-09-30": "$4,274", "2005-06-30": "$4,128", "2005-03-31": "$4,090"}}, "total-share-holder-equity": {"Yum! Brands Annual Share Holder Equity (Millions of US $)": {"2019": "$-8,016", "2018": "$-7,926", "2017": "$-6,334", "2016": "$-5,615", "2015": "$969", "2014": "$1,604", "2013": "$2,229", "2012": "$2,253", "2011": "$1,916", "2010": "$1,669", "2009": "$1,114", "2008": "$-94", "2007": "$1,139", "2006": "$1,452", "2005": "$1,449"}, "Yum! Brands Quarterly Share Holder Equity (Millions of US $)": {"2020-09-30": "$-7,919", "2020-06-30": "$-8,108", "2020-03-31": "$-8,229", "2019-12-31": "$-8,016", "2019-09-30": "$-8,097", "2019-06-30": "$-7,994", "2019-03-31": "$-7,904", "2018-12-31": "$-7,926", "2018-09-30": "$-7,458", "2018-06-30": "$-7,247", "2018-03-31": "$-6,754", "2017-12-31": "$-6,334", "2017-09-30": "$-6,121", "2017-06-30": "$-6,102", "2017-03-31": "$-5,812", "2016-12-31": "$-5,615", "2016-09-30": "$-1,830", "2016-06-30": "$-331", "2016-03-31": "$210", "2015-12-31": "$969", "2015-09-30": "$1,885", "2015-06-30": "$1,625", "2015-03-31": "$1,763", "2014-12-31": "$1,604", "2014-09-30": "$2,568", "2014-06-30": "$2,326", "2014-03-31": "$2,335", "2013-12-31": "$2,229", "2013-09-30": "$2,260", "2013-06-30": "$2,285", "2013-03-31": "$2,358", "2012-12-31": "$2,253", "2012-09-30": "$2,294", "2012-06-30": "$2,227", "2012-03-31": "$2,279", "2011-12-31": "$1,916", "2011-09-30": "$2,083", "2011-06-30": "$1,888", "2011-03-31": "$1,859", "2010-12-31": "$1,669", "2010-09-30": "$1,643", "2010-06-30": "$1,226", "2010-03-31": "$1,117", "2009-12-31": "$1,114", "2009-09-30": "$989", "2009-06-30": "$557", "2009-03-31": "$176", "2008-12-31": "$-94", "2008-09-30": "$366", "2008-06-30": "$582", "2008-03-31": "$379", "2007-12-31": "$1,139", "2007-09-30": "$1,422", "2007-06-30": "$1,457", "2007-03-31": "$1,459", "2006-12-31": "$1,452", "2006-09-30": "$1,328", "2006-06-30": "$1,405", "2006-03-31": "$1,330", "2005-12-31": "$1,449", "2005-09-30": "$1,600", "2005-06-30": "$1,547", "2005-03-31": "$1,708"}}, "profit-margins": {"current": "15.99%"}, "gross margin": {"2020-12-31": "73.35%", "2020-09-30": "74.46%", "2020-06-30": "75.90%", "2020-03-31": "77.51%", "2019-12-31": "77.93%", "2019-09-30": "77.55%", "2019-06-30": "75.82%", "2019-03-31": "73.65%", "2018-12-31": "71.27%", "2018-09-30": "65.15%", "2018-06-30": "59.89%", "2018-03-31": "54.84%", "2017-12-31": "49.74%", "2017-09-30": "53.03%", "2017-06-30": "55.91%", "2017-03-31": "58.98%", "2016-12-31": "62.38%", "2016-09-30": "61.90%", "2016-06-30": "55.85%", "2016-03-31": "52.18%", "2015-12-31": "50.45%", "2015-09-30": "47.01%", "2015-06-30": "46.59%", "2015-03-31": "46.51%", "2014-12-31": "46.51%", "2014-09-30": "46.73%", "2014-06-30": "46.81%", "2014-03-31": "46.63%", "2013-12-31": "46.48%", "2013-09-30": "46.77%", "2013-06-30": "47.00%", "2013-03-31": "46.99%", "2012-12-31": "46.95%", "2012-09-30": "46.77%", "2012-06-30": "46.59%", "2012-03-31": "46.82%", "2011-12-31": "46.76%", "2011-09-30": "47.11%", "2011-06-30": "47.46%", "2011-03-31": "47.62%", "2010-12-31": "47.56%", "2010-09-30": "47.36%", "2010-06-30": "47.12%", "2010-03-31": "46.90%", "2009-12-31": "46.66%", "2009-09-30": "46.46%", "2009-06-30": "46.18%", "2009-03-31": "46.03%", "2008-12-31": "46.08%", "2008-09-30": "46.53%", "2008-06-30": "47.03%", "2008-03-31": "47.47%", "2007-12-31": "47.60%", "2007-09-30": "47.68%", "2007-06-30": "47.89%", "2007-03-31": "48.10%", "2006-12-31": "48.21%", "2006-09-30": "48.36%", "2006-06-30": "48.12%", "2006-03-31": "47.85%", "2005-12-31": "47.60%"}, "operating margin": {"2020-12-31": "26.59%", "2020-09-30": "27.97%", "2020-06-30": "28.69%", "2020-03-31": "31.16%", "2019-12-31": "34.48%", "2019-09-30": "38.91%", "2019-06-30": "39.87%", "2019-03-31": "39.06%", "2018-12-31": "40.37%", "2018-09-30": "48.54%", "2018-06-30": "49.72%", "2018-03-31": "48.53%", "2017-12-31": "46.97%", "2017-09-30": "32.17%", "2017-06-30": "27.94%", "2017-03-31": "27.61%", "2016-12-31": "25.42%", "2016-09-30": "24.68%", "2016-06-30": "21.50%", "2016-03-31": "17.61%", "2015-12-31": "17.15%", "2015-09-30": "10.93%", "2015-06-30": "10.58%", "2015-03-31": "11.32%", "2014-12-31": "11.73%", "2014-09-30": "16.13%", "2014-06-30": "14.52%", "2014-03-31": "14.18%", "2013-12-31": "13.74%", "2013-09-30": "13.26%", "2013-06-30": "15.60%", "2013-03-31": "15.91%", "2012-12-31": "16.83%", "2012-09-30": "16.89%", "2012-06-30": "15.89%", "2012-03-31": "15.91%", "2011-12-31": "14.38%", "2011-09-30": "14.47%", "2011-06-30": "15.47%", "2011-03-31": "15.81%", "2010-12-31": "15.60%", "2010-09-30": "15.29%", "2010-06-30": "14.74%", "2010-03-31": "14.62%", "2009-12-31": "14.67%", "2009-09-30": "14.53%", "2009-06-30": "13.90%", "2009-03-31": "12.98%", "2008-12-31": "13.42%", "2008-09-30": "13.26%", "2008-06-30": "13.50%", "2008-03-31": "13.81%", "2007-12-31": "13.00%", "2007-09-30": "13.33%", "2007-06-30": "13.14%", "2007-03-31": "13.36%", "2006-12-31": "13.20%", "2006-09-30": "13.41%", "2006-06-30": "13.07%", "2006-03-31": "12.62%", "2005-12-31": "12.33%"}, "ebitda margin": {"2020-09-30": "30.25%", "2020-06-30": "30.71%", "2020-03-31": "33.18%", "2019-12-31": "36.48%", "2019-09-30": "41.07%", "2019-06-30": "42.05%", "2019-03-31": "41.32%", "2018-12-31": "42.77%", "2018-09-30": "51.36%", "2018-06-30": "53.01%", "2018-03-31": "52.30%", "2017-12-31": "51.28%", "2017-09-30": "36.62%", "2017-06-30": "32.59%", "2017-03-31": "32.36%", "2016-12-31": "30.20%", "2016-09-30": "25.27%", "2016-06-30": "23.17%", "2016-03-31": "20.15%", "2015-12-31": "20.02%", "2015-09-30": "13.45%", "2015-06-30": "13.14%", "2015-03-31": "13.80%", "2014-12-31": "14.20%", "2014-09-30": "21.69%", "2014-06-30": "19.98%", "2014-03-31": "19.69%", "2013-12-31": "19.25%", "2013-09-30": "18.59%", "2013-06-30": "20.77%", "2013-03-31": "20.89%", "2012-12-31": "21.70%", "2012-09-30": "21.70%", "2012-06-30": "20.80%", "2012-03-31": "20.86%", "2011-12-31": "19.42%", "2011-09-30": "19.71%", "2011-06-30": "20.63%", "2011-03-31": "21.00%", "2010-12-31": "20.79%", "2010-09-30": "20.47%", "2010-06-30": "20.07%", "2010-03-31": "19.93%", "2009-12-31": "20.03%", "2009-09-30": "19.61%", "2009-06-30": "18.96%", "2009-03-31": "17.96%", "2008-12-31": "18.34%", "2008-09-30": "18.34%", "2008-06-30": "18.62%", "2008-03-31": "18.98%", "2007-12-31": "18.20%", "2007-09-30": "18.47%", "2007-06-30": "18.22%", "2007-03-31": "18.43%", "2006-12-31": "18.21%", "2006-09-30": "18.37%", "2006-06-30": "18.08%", "2006-03-31": "17.64%", "2005-12-31": "17.35%"}, "pre tax profit margin": {"2020-12-31": "18.05%", "2020-09-30": "19.01%", "2020-06-30": "19.09%", "2020-03-31": "20.85%", "2019-12-31": "24.53%", "2019-09-30": "25.91%", "2019-06-30": "29.91%", "2019-03-31": "29.24%", "2018-12-31": "32.33%", "2018-09-30": "43.67%", "2018-06-30": "43.15%", "2018-03-31": "41.77%", "2017-12-31": "38.69%", "2017-09-30": "24.27%", "2017-06-30": "20.48%", "2017-03-31": "21.10%", "2016-12-31": "20.42%", "2016-09-30": "21.16%", "2016-06-30": "19.56%", "2016-03-31": "16.16%", "2015-12-31": "15.92%", "2015-09-30": "9.87%", "2015-06-30": "9.55%", "2015-03-31": "10.33%", "2014-12-31": "10.75%", "2014-09-30": "14.32%", "2014-06-30": "12.71%", "2014-03-31": "12.30%", "2013-12-31": "11.85%", "2013-09-30": "12.22%", "2013-06-30": "14.56%", "2013-03-31": "14.85%", "2012-12-31": "15.73%", "2012-09-30": "15.77%", "2012-06-30": "14.74%", "2012-03-31": "14.75%", "2011-12-31": "13.14%", "2011-09-30": "13.12%", "2011-06-30": "14.01%", "2011-03-31": "14.26%", "2010-12-31": "14.05%", "2010-09-30": "13.70%", "2010-06-30": "13.10%", "2010-03-31": "12.96%", "2009-12-31": "12.88%", "2009-09-30": "12.58%", "2009-06-30": "11.92%", "2009-03-31": "10.95%", "2008-12-31": "11.42%", "2008-09-30": "11.42%", "2008-06-30": "11.70%", "2008-03-31": "12.08%", "2007-12-31": "11.41%", "2007-09-30": "11.75%", "2007-06-30": "11.55%", "2007-03-31": "11.76%", "2006-12-31": "11.59%", "2006-09-30": "11.86%", "2006-06-30": "11.58%", "2006-03-31": "11.19%", "2005-12-31": "10.97%"}, "net profit margin": {"2020-12-31": "15.99%", "2020-09-30": "18.92%", "2020-06-30": "18.78%", "2020-03-31": "19.89%", "2019-12-31": "23.12%", "2019-09-30": "20.88%", "2019-06-30": "24.29%", "2019-03-31": "24.61%", "2018-12-31": "27.11%", "2018-09-30": "28.81%", "2018-06-30": "27.96%", "2018-03-31": "25.60%", "2017-12-31": "22.80%", "2017-09-30": "18.51%", "2017-06-30": "21.74%", "2017-03-31": "23.55%", "2016-12-31": "24.75%", "2016-09-30": "25.05%", "2016-06-30": "16.71%", "2016-03-31": "13.01%", "2015-12-31": "11.62%", "2015-09-30": "7.09%", "2015-06-30": "7.00%", "2015-03-31": "7.70%", "2014-12-31": "7.91%", "2014-09-30": "10.83%", "2014-06-30": "8.89%", "2014-03-31": "8.69%", "2013-12-31": "8.34%", "2013-09-30": "8.48%", "2013-06-30": "10.84%", "2013-03-31": "10.99%", "2012-12-31": "11.71%", "2012-09-30": "11.89%", "2012-06-30": "11.49%", "2012-03-31": "11.69%", "2011-12-31": "10.45%", "2011-09-30": "10.24%", "2011-06-30": "10.38%", "2011-03-31": "10.34%", "2010-12-31": "10.21%", "2010-09-30": "9.87%", "2010-06-30": "9.74%", "2010-03-31": "9.98%", "2009-12-31": "9.88%", "2009-09-30": "9.75%", "2009-06-30": "9.22%", "2009-03-31": "8.35%", "2008-12-31": "8.53%", "2008-09-30": "8.85%", "2008-06-30": "8.97%", "2008-03-31": "9.12%", "2007-12-31": "8.71%", "2007-09-30": "8.95%", "2007-06-30": "8.80%", "2007-03-31": "8.74%", "2006-12-31": "8.62%", "2006-09-30": "8.66%", "2006-06-30": "8.43%", "2006-03-31": "8.30%", "2005-12-31": "8.15%"}, "pe ratio": {"current": "29.10", "2021-02-05": "56.63", "2020-12-31": "58.37", "2020-09-30": "26.42", "2020-06-30": "25.86", "2020-03-31": "18.87", "2019-12-31": "23.88", "2019-09-30": "30.79", "2019-06-30": "25.72", "2019-03-31": "22.82", "2018-12-31": "18.96", "2018-09-30": "17.83", "2018-06-30": "16.00", "2018-03-31": "18.91", "2017-12-31": "20.43", "2017-09-30": "21.47", "2017-06-30": "19.18", "2017-03-31": "15.55", "2016-12-31": "14.73", "2016-09-30": "15.37", "2016-06-30": "16.52", "2016-03-31": "17.71", "2015-12-31": "16.35", "2015-09-30": "24.83", "2015-06-30": "28.67", "2015-03-31": "22.69", "2014-12-31": "20.33", "2014-09-30": "14.33", "2014-06-30": "19.53", "2014-03-31": "18.90", "2013-12-31": "20.06", "2013-09-30": "18.68", "2013-06-30": "14.09", "2013-03-31": "14.18", "2012-12-31": "12.09", "2012-09-30": "11.92", "2012-06-30": "12.24", "2012-03-31": "13.64", "2011-12-31": "12.98", "2011-09-30": "11.61", "2011-06-30": "13.24", "2011-03-31": "12.55", "2010-12-31": "12.12", "2010-09-30": "11.87", "2010-06-30": "10.23", "2010-03-31": "9.82", "2009-12-31": "9.07", "2009-09-30": "8.78", "2009-06-30": "9.08", "2009-03-31": "8.13", "2008-12-31": "9.07", "2008-09-30": "9.27", "2008-06-30": "10.34", "2008-03-31": "11.28", "2007-12-31": "12.59", "2007-09-30": "11.25", "2007-06-30": "11.42", "2007-03-31": "10.42", "2006-12-31": "10.92"}, "price sales": {"2021-02-05": "5.72", "2020-12-31": "5.90", "2020-09-30": "5.01", "2020-06-30": "4.86", "2020-03-31": "3.76", "2019-12-31": "5.54", "2019-09-30": "6.46", "2019-06-30": "6.28", "2019-03-31": "5.65", "2018-12-31": "5.16", "2018-09-30": "5.17", "2018-06-30": "4.49", "2018-03-31": "4.89", "2017-12-31": "4.71", "2017-09-30": "3.99", "2017-06-30": "4.04", "2017-03-31": "3.57", "2016-12-31": "3.62", "2016-09-30": "3.92", "2016-06-30": "2.84", "2016-03-31": "2.38", "2015-12-31": "1.90", "2015-09-30": "1.75", "2015-06-30": "1.98", "2015-03-31": "1.72", "2014-12-31": "1.58", "2014-09-30": "1.55", "2014-06-30": "1.73", "2014-03-31": "1.64", "2013-12-31": "1.67", "2013-09-30": "1.59", "2013-06-30": "1.53", "2013-03-31": "1.56", "2012-12-31": "1.42", "2012-09-30": "1.42", "2012-06-30": "1.41", "2012-03-31": "1.60", "2011-12-31": "1.36", "2011-09-30": "1.19", "2011-06-30": "1.37", "2011-03-31": "1.30", "2010-12-31": "1.24", "2010-09-30": "1.18", "2010-06-30": "1.00", "2010-03-31": "0.98", "2009-12-31": "0.90", "2009-09-30": "0.87", "2009-06-30": "0.85", "2009-03-31": "0.69", "2008-12-31": "0.78", "2008-09-30": "0.83", "2008-06-30": "0.93", "2008-03-31": "1.04", "2007-12-31": "1.10", "2007-09-30": "1.01", "2007-06-30": "1.01", "2007-03-31": "0.91", "2006-12-31": "0.94"}, "price book": {"current": "0.00", "2021-02-05": "0.00", "2020-09-30": "-3.47", "2020-06-30": "-3.20", "2020-03-31": "-2.47", "2019-12-31": "-3.70", "2019-09-30": "-4.15", "2019-06-30": "-4.10", "2019-03-31": "-3.75", "2018-12-31": "-3.43", "2018-09-30": "-3.67", "2018-06-30": "-3.30", "2018-03-31": "-3.93", "2017-12-31": "-4.06", "2017-09-30": "-3.85", "2017-06-30": "-3.93", "2017-03-31": "-3.61", "2016-12-31": "-3.73", "2016-09-30": "-12.41", "2016-06-30": "-66.12", "2016-03-31": "104.34", "2015-12-31": "20.69", "2015-09-30": "11.87", "2015-06-30": "15.47", "2015-03-31": "12.43", "2014-12-31": "12.60", "2014-09-30": "7.78", "2014-06-30": "9.71", "2014-03-31": "8.98", "2013-12-31": "9.41", "2013-09-30": "8.75", "2013-06-30": "8.41", "2013-03-31": "8.47", "2012-12-31": "8.16", "2012-09-30": "7.98", "2012-06-30": "8.05", "2012-03-31": "8.70", "2011-12-31": "8.54", "2011-09-30": "6.55", "2011-06-30": "8.12", "2011-03-31": "7.66", "2010-12-31": "8.14", "2010-09-30": "7.71", "2010-06-30": "8.69", "2010-03-31": "9.32", "2009-12-31": "8.51", "2009-09-30": "9.18", "2009-06-30": "15.94", "2009-03-31": "40.87", "2008-12-31": "-86.77", "2008-09-30": "23.06", "2008-06-30": "15.95", "2008-03-31": "25.77", "2007-12-31": "9.27", "2007-09-30": "6.72", "2007-06-30": "6.41", "2007-03-31": "5.69", "2006-12-31": "5.84", "2006-09-30": "5.63", "2006-06-30": "5.26", "2006-03-31": "5.41"}, "price fcf": {"2021-02-05": "", "2020-09-30": "$3.56", "2020-06-30": "$3.31", "2020-03-31": "$3.42", "2019-12-31": "$3.58", "2019-09-30": "$3.34", "2019-06-30": "$3.20", "2019-03-31": "$3.24", "2018-12-31": "$2.86", "2018-09-30": "$2.61", "2018-06-30": "$2.09", "2018-03-31": "$1.86", "2017-12-31": "$2.01", "2017-09-30": "$1.95", "2017-06-30": "$2.04", "2017-03-31": "$2.23", "2016-12-31": "$2.20", "2016-09-30": "$0.85", "2016-06-30": "$1.61", "2016-03-31": "$1.76", "2015-12-31": "$1.86", "2015-09-30": "$2.14", "2015-06-30": "$1.34", "2015-03-31": "$1.38", "2014-12-31": "$1.61", "2014-09-30": "$2.64", "2014-06-30": "$3.31", "2014-03-31": "$2.90", "2013-12-31": "$2.38", "2013-09-30": "$1.96", "2013-06-30": "$1.99", "2013-03-31": "$2.25", "2012-12-31": "$2.53", "2012-09-30": "$2.58", "2012-06-30": "$2.42", "2012-03-31": "$2.50", "2011-12-31": "$2.56", "2011-09-30": "$2.68", "2011-06-30": "$2.57", "2011-03-31": "$2.61", "2010-12-31": "$2.41", "2010-09-30": "$2.12", "2010-06-30": "$2.06", "2010-03-31": "$1.49", "2009-12-31": "$1.33", "2009-09-30": "$1.39", "2009-06-30": "$1.05", "2009-03-31": "$1.18", "2008-12-31": "$1.34", "2008-09-30": "$1.40", "2008-06-30": "$1.53", "2008-03-31": "$1.64", "2007-12-31": "$1.63", "2007-09-30": "$1.53", "2007-06-30": "$1.34", "2007-03-31": "$1.38", "2006-12-31": "$1.32"}, "net worth": {"value": "$31.78B"}, "current ratio": {"2020-12-31": "1.01", "2020-09-30": "1.31", "2020-06-30": "1.63", "2020-03-31": "1.33", "2019-12-31": "0.99", "2019-09-30": "1.57", "2019-06-30": "0.95", "2019-03-31": "0.89", "2018-12-31": "0.93", "2018-09-30": "0.98", "2018-06-30": "1.30", "2018-03-31": "1.70", "2017-12-31": "1.66", "2017-09-30": "1.43", "2017-06-30": "1.21", "2017-03-31": "0.82", "2016-12-31": "1.15", "2016-09-30": "1.74", "2016-06-30": "0.82", "2016-03-31": "0.42", "2015-12-31": "0.55", "2015-09-30": "0.73", "2015-06-30": "0.64", "2015-03-31": "0.78", "2014-12-31": "0.65", "2014-09-30": "0.98", "2014-06-30": "0.87", "2014-03-31": "0.84", "2013-12-31": "0.75", "2013-09-30": "0.92", "2013-06-30": "0.81", "2013-03-31": "0.91", "2012-12-31": "0.85", "2012-09-30": "1.01", "2012-06-30": "0.97", "2012-03-31": "1.01", "2011-12-31": "0.95", "2011-09-30": "1.04", "2011-06-30": "1.08", "2011-03-31": "1.07", "2010-12-31": "0.95", "2010-09-30": "0.95", "2010-06-30": "0.66", "2010-03-31": "0.88", "2009-12-31": "0.73", "2009-09-30": "0.79", "2009-06-30": "0.69", "2009-03-31": "0.71", "2008-12-31": "0.55", "2008-09-30": "0.67", "2008-06-30": "0.70", "2008-03-31": "0.66", "2007-12-31": "0.72", "2007-09-30": "0.62", "2007-06-30": "0.65", "2007-03-31": "0.70", "2006-12-31": "0.52", "2006-09-30": "0.65", "2006-06-30": "0.74", "2006-03-31": "0.54", "2005-12-31": "0.53", "2005-09-30": "0.58", "2005-06-30": "0.51", "2005-03-31": "0.61"}, "quick ratio": {"2020-12-31": "0.00", "2020-09-30": "0.00", "2020-06-30": "0.00", "2020-03-31": "0.00", "2019-12-31": "0.00", "2019-09-30": "0.00", "2019-06-30": "0.00", "2019-03-31": "0.00", "2018-12-31": "0.00", "2018-09-30": "0.00", "2018-06-30": "0.00", "2018-03-31": "0.00", "2017-12-31": "0.00", "2017-09-30": "1.41", "2017-06-30": "1.19", "2017-03-31": "0.80", "2016-12-31": "1.12", "2016-09-30": "1.63", "2016-06-30": "0.71", "2016-03-31": "0.38", "2015-12-31": "0.53", "2015-09-30": "0.64", "2015-06-30": "0.54", "2015-03-31": "0.66", "2014-12-31": "0.52", "2014-09-30": "0.85", "2014-06-30": "0.74", "2014-03-31": "0.72", "2013-12-31": "0.62", "2013-09-30": "0.77", "2013-06-30": "0.65", "2013-03-31": "0.77", "2012-12-31": "0.71", "2012-09-30": "0.87", "2012-06-30": "0.83", "2012-03-31": "0.89", "2011-12-31": "0.84", "2011-09-30": "0.96", "2011-06-30": "0.98", "2011-03-31": "1.00", "2010-12-31": "0.87", "2010-09-30": "0.88", "2010-06-30": "0.60", "2010-03-31": "0.81", "2009-12-31": "0.66", "2009-09-30": "0.71", "2009-06-30": "0.60", "2009-03-31": "0.63", "2008-12-31": "0.47", "2008-09-30": "0.58", "2008-06-30": "0.62", "2008-03-31": "0.60", "2007-12-31": "0.66", "2007-09-30": "0.57", "2007-06-30": "0.59", "2007-03-31": "0.63", "2006-12-31": "0.47", "2006-09-30": "0.60", "2006-06-30": "0.68", "2006-03-31": "0.49", "2005-12-31": "0.47", "2005-09-30": "0.54", "2005-06-30": "0.46", "2005-03-31": "0.55"}, "debt equity ratio": {"current": "0.00", "2020-12-31": "-1.74", "2020-09-30": "-1.77", "2020-06-30": "-1.79", "2020-03-31": "-1.74", "2019-12-31": "-1.65", "2019-09-30": "-1.62", "2019-06-30": "-1.59", "2019-03-31": "-1.60", "2018-12-31": "-1.52", "2018-09-30": "-1.56", "2018-06-30": "-1.60", "2018-03-31": "-1.72", "2017-12-31": "-1.84", "2017-09-30": "-1.89", "2017-06-30": "-1.92", "2017-03-31": "-1.89", "2016-12-31": "-1.97", "2016-09-30": "-6.70", "2016-06-30": "-25.73", "2016-03-31": "38.15", "2015-12-31": "7.32", "2015-09-30": "3.41", "2015-06-30": "4.10", "2015-03-31": "3.71", "2014-12-31": "4.20", "2014-09-30": "2.57", "2014-06-30": "2.79", "2014-03-31": "2.73", "2013-12-31": "2.90", "2013-09-30": "2.86", "2013-06-30": "2.84", "2013-03-31": "2.79", "2012-12-31": "3.00", "2012-09-30": "2.91", "2012-06-30": "3.12", "2012-03-31": "3.10", "2011-12-31": "3.61", "2011-09-30": "3.10", "2011-06-30": "3.35", "2011-03-31": "3.53", "2010-12-31": "3.98", "2010-09-30": "3.92", "2010-06-30": "4.83", "2010-03-31": "5.39", "2009-12-31": "5.42", "2009-09-30": "6.20", "2009-06-30": "11.43", "2009-03-31": "36.33", "2008-12-31": "-70.44", "2008-09-30": "17.63", "2008-06-30": "10.73", "2008-03-31": "17.24", "2007-12-31": "5.31", "2007-09-30": "3.64", "2007-06-30": "3.41", "2007-03-31": "3.37", "2006-12-31": "3.39", "2006-09-30": "3.44", "2006-06-30": "3.17", "2006-03-31": "3.30", "2005-12-31": "3.00", "2005-09-30": "2.67", "2005-06-30": "2.67", "2005-03-31": "2.40"}, "return on equity": {"2020-12-31": "-11.25%", "2020-09-30": "-13.14%", "2020-06-30": "-12.72%", "2020-03-31": "-13.79%", "2019-12-31": "-16.17%", "2019-09-30": "-14.29%", "2019-06-30": "-17.12%", "2019-03-31": "-17.96%", "2018-12-31": "-20.99%", "2018-09-30": "-23.66%", "2018-06-30": "-24.31%", "2018-03-31": "-23.59%", "2017-12-31": "-22.00%", "2017-09-30": "-19.81%", "2017-06-30": "-28.78%", "2017-03-31": "-44.83%", "2016-12-31": "-84.96%", "2016-09-30": "-657.84%", "2016-06-30": "204.32%", "2016-03-31": "110.47%", "2015-12-31": "82.86%", "2015-09-30": "54.21%", "2015-06-30": "48.41%", "2015-03-31": "49.10%", "2014-12-31": "47.59%", "2014-09-30": "61.66%", "2014-06-30": "52.72%", "2014-03-31": "50.63%", "2013-12-31": "47.79%", "2013-09-30": "48.36%", "2013-06-30": "62.07%", "2013-03-31": "64.65%", "2012-12-31": "70.56%", "2012-09-30": "74.16%", "2012-06-30": "71.86%", "2012-03-31": "74.11%", "2011-12-31": "68.11%", "2011-09-30": "65.98%", "2011-06-30": "68.62%", "2011-03-31": "73.85%", "2010-12-31": "81.91%", "2010-09-30": "86.27%", "2010-06-30": "96.90%", "2010-03-31": "115.86%", "2009-12-31": "151.06%", "2009-09-30": "260.20%", "2009-06-30": "400.80%", "2009-03-31": "360.39%", "2008-12-31": "312.73%", "2008-09-30": "160.75%", "2008-06-30": "111.19%", "2008-03-31": "88.15%", "2007-12-31": "66.39%", "2007-09-30": "62.87%", "2007-06-30": "61.10%", "2007-03-31": "60.10%", "2006-12-31": "59.76%", "2006-09-30": "59.36%", "2006-06-30": "54.84%", "2006-03-31": "52.58%", "2005-12-31": "48.35%"}, "return on assets": {"2020-12-31": "14.81%", "2020-09-30": "17.82%", "2020-06-30": "18.15%", "2020-03-31": "21.25%", "2019-12-31": "26.34%", "2019-09-30": "24.58%", "2019-06-30": "30.25%", "2019-03-31": "31.60%", "2018-12-31": "35.35%", "2018-09-30": "35.30%", "2018-06-30": "32.28%", "2018-03-31": "28.17%", "2017-12-31": "24.92%", "2017-09-30": "21.63%", "2017-06-30": "20.92%", "2017-03-31": "20.85%", "2016-12-31": "19.91%", "2016-09-30": "18.51%", "2016-06-30": "17.04%", "2016-03-31": "15.75%", "2015-12-31": "15.69%", "2015-09-30": "11.22%", "2015-06-30": "10.73%", "2015-03-31": "11.71%", "2014-12-31": "12.00%", "2014-09-30": "16.48%", "2014-06-30": "13.81%", "2014-03-31": "13.22%", "2013-12-31": "12.42%", "2013-09-30": "12.49%", "2013-06-30": "15.98%", "2013-03-31": "16.35%", "2012-12-31": "17.50%", "2012-09-30": "17.79%", "2012-06-30": "17.02%", "2012-03-31": "17.32%", "2011-12-31": "15.51%", "2011-09-30": "14.77%", "2011-06-30": "14.66%", "2011-03-31": "14.77%", "2010-12-31": "15.09%", "2010-09-30": "14.90%", "2010-06-30": "15.09%", "2010-03-31": "15.44%", "2009-12-31": "15.43%", "2009-09-30": "15.61%", "2009-06-30": "15.01%", "2009-03-31": "13.88%", "2008-12-31": "14.24%", "2008-09-30": "14.29%", "2008-06-30": "14.23%", "2008-03-31": "14.29%", "2007-12-31": "13.67%", "2007-09-30": "14.12%", "2007-06-30": "13.88%", "2007-03-31": "13.84%", "2006-12-31": "13.82%", "2006-09-30": "14.06%", "2006-06-30": "13.64%", "2006-03-31": "13.51%", "2005-12-31": "13.17%"}, "return on investments": {"2020-12-31": "54.25%", "2020-09-30": "57.95%", "2020-06-30": "60.14%", "2020-03-31": "75.84%", "2019-12-31": "93.96%", "2019-09-30": "107.24%", "2019-06-30": "117.56%", "2019-03-31": "109.22%", "2018-12-31": "104.34%", "2018-09-30": "110.01%", "2018-06-30": "99.63%", "2018-03-31": "90.63%", "2017-12-31": "86.77%", "2017-09-30": "62.25%", "2017-06-30": "42.10%", "2017-03-31": "38.35%", "2016-12-31": "35.80%", "2016-09-30": "33.53%", "2016-06-30": "44.28%", "2016-03-31": "44.67%", "2015-12-31": "42.77%", "2015-09-30": "30.97%", "2015-06-30": "27.81%", "2015-03-31": "28.60%", "2014-12-31": "29.28%", "2014-09-30": "39.95%", "2014-06-30": "37.49%", "2014-03-31": "36.17%", "2013-12-31": "34.56%", "2013-09-30": "33.23%", "2013-06-30": "39.17%", "2013-03-31": "40.71%", "2012-12-31": "43.72%", "2012-09-30": "44.33%", "2012-06-30": "41.34%", "2012-03-31": "40.42%", "2011-12-31": "36.54%", "2011-09-30": "35.78%", "2011-06-30": "37.85%", "2011-03-31": "40.92%", "2010-12-31": "41.11%", "2010-09-30": "40.21%", "2010-06-30": "39.16%", "2010-03-31": "37.77%", "2009-12-31": "38.95%", "2009-09-30": "40.78%", "2009-06-30": "39.99%", "2009-03-31": "38.26%", "2008-12-31": "40.08%", "2008-09-30": "37.73%", "2008-06-30": "38.50%", "2008-03-31": "39.37%", "2007-12-31": "36.62%", "2007-09-30": "38.05%", "2007-06-30": "37.20%", "2007-03-31": "37.41%", "2006-12-31": "38.16%", "2006-09-30": "39.47%", "2006-06-30": "38.56%", "2006-03-31": "38.08%", "2005-12-31": "35.99%"}, "return on tangible equity": {"2020-09-30": "-11.82%", "2020-06-30": "-11.51%", "2020-03-31": "-12.53%", "2019-12-31": "-14.75%", "2019-09-30": "-13.03%", "2019-06-30": "-15.68%", "2019-03-31": "-16.50%", "2018-12-31": "-19.31%", "2018-09-30": "-21.70%", "2018-06-30": "-22.15%", "2018-03-31": "-21.34%", "2017-12-31": "-19.77%", "2017-09-30": "-17.77%", "2017-06-30": "-24.97%", "2017-03-31": "-36.33%", "2016-12-31": "-58.61%", "2016-09-30": "-145.76%", "2016-06-30": "-711.34%", "2016-03-31": "468.35%", "2015-12-31": "200.08%", "2015-09-30": "126.93%", "2015-06-30": "119.10%", "2015-03-31": "124.34%", "2014-12-31": "127.28%", "2014-09-30": "170.58%", "2014-06-30": "155.97%", "2014-03-31": "169.87%", "2013-12-31": "172.29%", "2013-09-30": "187.63%", "2013-06-30": "259.15%", "2013-03-31": "265.11%", "2012-12-31": "305.06%", "2012-09-30": "258.46%", "2012-06-30": "200.33%", "2012-03-31": "179.27%", "2011-12-31": "144.47%", "2011-09-30": "152.20%", "2011-06-30": "184.25%", "2011-03-31": "237.51%", "2010-12-31": "371.15%", "2010-09-30": "606.90%", "2010-06-30": "5523.08%", "2010-03-31": "-689.13%", "2009-12-31": "-296.06%", "2009-09-30": "-169.92%", "2009-06-30": "-136.04%", "2009-03-31": "-131.26%", "2008-12-31": "-144.64%", "2008-09-30": "-260.96%", "2008-06-30": "-789.52%", "2008-03-31": "1030.85%", "2007-12-31": "252.32%", "2007-09-30": "205.53%", "2007-06-30": "192.90%", "2007-03-31": "181.68%", "2006-12-31": "175.88%", "2006-09-30": "162.62%", "2006-06-30": "138.76%", "2006-03-31": "128.81%", "2005-12-31": "110.16%"}, "dividend yield history": {"last payout": "$1.88", "last yield": "1.78%"}}