{"ticker": "ZBRA", "price": {"title": "Zebra Technologies Historical Annual Stock Price Data", "value": 470.08, "historical": {"2021": {"Average Stock Price": "406.5968", "Year Open": "378.1300", "Year High": "470.0800", "Year Low": "378.1300", "Year Close": "470.0800", "Annual % Change": "22.31%"}, "2020": {"Average Stock Price": "266.6425", "Year Open": "259.1400", "Year High": "384.3300", "Year Low": "161.5100", "Year Close": "384.3300", "Annual % Change": "50.46%"}, "2019": {"Average Stock Price": "206.7081", "Year Open": "156.2400", "Year High": "258.2800", "Year Low": "146.8800", "Year Close": "255.4400", "Annual % Change": "60.42%"}, "2018": {"Average Stock Price": "150.6613", "Year Open": "103.7100", "Year High": "182.4800", "Year Low": "103.7100", "Year Close": "159.2300", "Annual % Change": "53.40%"}, "2017": {"Average Stock Price": "99.3103", "Year Open": "86.2500", "Year High": "115.9900", "Year Low": "82.6100", "Year Close": "103.8000", "Annual % Change": "21.04%"}, "2016": {"Average Stock Price": "64.0320", "Year Open": "66.4900", "Year High": "87.4900", "Year Low": "46.9300", "Year Close": "85.7600", "Annual % Change": "23.13%"}, "2015": {"Average Stock Price": "89.8783", "Year Open": "77.4300", "Year High": "118.1900", "Year Low": "64.4100", "Year Close": "69.6500", "Annual % Change": "-10.02%"}, "2014": {"Average Stock Price": "71.1874", "Year Open": "53.1800", "Year High": "85.3800", "Year Low": "53.0800", "Year Close": "77.4100", "Annual % Change": "43.14%"}, "2013": {"Average Stock Price": "46.4458", "Year Open": "40.9600", "Year High": "55.1200", "Year Low": "40.6716", "Year Close": "54.0800", "Annual % Change": "37.57%"}, "2012": {"Average Stock Price": "37.1865", "Year Open": "35.7200", "Year High": "41.6400", "Year Low": "32.2000", "Year Close": "39.3100", "Annual % Change": "9.87%"}, "2011": {"Average Stock Price": "37.5996", "Year Open": "38.2000", "Year High": "44.4500", "Year Low": "28.6100", "Year Close": "35.7800", "Annual % Change": "-5.82%"}, "2010": {"Average Stock Price": "30.6789", "Year Open": "28.6700", "Year High": "38.9000", "Year Low": "24.3700", "Year Close": "37.9900", "Annual % Change": "34.00%"}, "2009": {"Average Stock Price": "22.7940", "Year Open": "21.0300", "Year High": "28.5400", "Year Low": "16.4500", "Year Close": "28.3500", "Annual % Change": "39.93%"}, "2008": {"Average Stock Price": "29.5527", "Year Open": "34.2600", "Year High": "37.9900", "Year Low": "16.6100", "Year Close": "20.2600", "Annual % Change": "-41.61%"}, "2007": {"Average Stock Price": "37.5448", "Year Open": "34.8800", "Year High": "42.2800", "Year Low": "33.2400", "Year Close": "34.7000", "Annual % Change": "-0.26%"}, "2006": {"Average Stock Price": "37.8273", "Year Open": "42.8300", "Year High": "46.5100", "Year Low": "29.5800", "Year Close": "34.7900", "Annual % Change": "-18.81%"}, "2005": {"Average Stock Price": "44.0973", "Year Open": "55.5100", "Year High": "55.5100", "Year Low": "35.3000", "Year Close": "42.8500", "Annual % Change": "-23.86%"}, "2004": {"Average Stock Price": "52.0815", "Year Open": "43.5867", "Year High": "61.8900", "Year Low": "41.7133", "Year Close": "56.2800", "Annual % Change": "27.20%"}, "2003": {"Average Stock Price": "33.0074", "Year Open": "26.0933", "Year High": "44.2467", "Year Low": "24.1156", "Year Close": "44.2467", "Annual % Change": "73.74%"}, "2002": {"Average Stock Price": "24.5013", "Year Open": "24.8133", "Year High": "29.7644", "Year Low": "20.7333", "Year Close": "25.4667", "Annual % Change": "3.22%"}, "2001": {"Average Stock Price": "20.3214", "Year Open": "18.8356", "Year High": "25.0844", "Year Low": "15.1956", "Year Close": "24.6711", "Annual % Change": "36.05%"}, "2000": {"Average Stock Price": "22.3273", "Year Open": "25.0267", "Year High": "30.9467", "Year Low": "17.1956", "Year Close": "18.1333", "Annual % Change": "-30.26%"}, "1999": {"Average Stock Price": "17.9048", "Year Open": "13.0578", "Year High": "28.1111", "Year Low": "10.3333", "Year Close": "26.0000", "Annual % Change": "103.48%"}, "1998": {"Average Stock Price": "15.0029", "Year Open": "13.2222", "Year High": "19.0000", "Year Low": "11.3333", "Year Close": "12.7778", "Annual % Change": "-3.36%"}, "1997": {"Average Stock Price": "12.7304", "Year Open": "10.3333", "Year High": "16.8356", "Year Low": "9.5022", "Year Close": "13.2222", "Annual % Change": "27.25%"}, "1996": {"Average Stock Price": "11.2658", "Year Open": "15.3911", "Year High": "15.6667", "Year Low": "6.8889", "Year Close": "10.3911", "Annual % Change": "-31.24%"}, "1995": {"Average Stock Price": "11.4188", "Year Open": "8.3333", "Year High": "15.4444", "Year Low": "8.0556", "Year Close": "15.1111", "Annual % Change": "74.09%"}, "1994": {"Average Stock Price": "8.6024", "Year Open": "12.1933", "Year High": "12.4444", "Year Low": "5.8333", "Year Close": "8.6800", "Annual % Change": "-31.01%"}, "1993": {"Average Stock Price": "8.3389", "Year Open": "5.2778", "Year High": "13.2778", "Year Low": "4.5556", "Year Close": "12.5822", "Annual % Change": "135.92%"}, "1992": {"Average Stock Price": "4.1836", "Year Open": "3.8333", "Year High": "5.5000", "Year Low": "3.2778", "Year Close": "5.3333", "Annual % Change": "43.28%"}}}, "market cap": {"value": "$22.67B"}, "income statement": {"Revenue": {"2019-12-31": "4485.00000", "2018-12-31": "4218.00000", "2017-12-31": "3722.00000", "2016-12-31": "3574.00000", "2015-12-31": "3650.00000", "2014-12-31": "1671.00000", "2013-12-31": "1038.00000", "2012-12-31": "996.16800", "2011-12-31": "983.48800", "2010-12-31": "894.35900", "2009-12-31": "738.48200", "2008-12-31": "976.70000", "2007-12-31": "868.27900", "2006-12-31": "759.52400", "2005-12-31": "702.27100"}, "Cost Of Goods Sold": {"2019-12-31": "2385.00000", "2018-12-31": "2237.00000", "2017-12-31": "2012.00000", "2016-12-31": "1932.00000", "2015-12-31": "2006.00000", "2014-12-31": "893.00000", "2013-12-31": "535.00000", "2012-12-31": "504.52400", "2011-12-31": "496.71900", "2010-12-31": "473.58400", "2009-12-31": "420.89500", "2008-12-31": "497.39500", "2007-12-31": "451.16100", "2006-12-31": "401.10400", "2005-12-31": "348.85100"}, "Gross Profit": {"2019-12-31": "2100.00000", "2018-12-31": "1981.00000", "2017-12-31": "1710.00000", "2016-12-31": "1642.00000", "2015-12-31": "1644.00000", "2014-12-31": "778.00000", "2013-12-31": "503.00000", "2012-12-31": "491.64400", "2011-12-31": "486.76900", "2010-12-31": "420.77500", "2009-12-31": "317.58700", "2008-12-31": "479.30500", "2007-12-31": "417.11800", "2006-12-31": "358.42000", "2005-12-31": "353.42000"}, "Research And Development Expenses": {"2019-12-31": "447.00000", "2018-12-31": "444.00000", "2017-12-31": "389.00000", "2016-12-31": "376.00000", "2015-12-31": "394.00000", "2014-12-31": "151.00000", "2013-12-31": "91.00000", "2012-12-31": "87.36400", "2011-12-31": "89.92600", "2010-12-31": "82.57500", "2009-12-31": "66.47700", "2008-12-31": "95.80000", "2007-12-31": "65.48000", "2006-12-31": "48.95900", "2005-12-31": "47.35900"}, "SG&A Expenses": {"2019-12-31": "826.00000", "2018-12-31": "811.00000", "2017-12-31": "749.00000", "2016-12-31": "751.00000", "2015-12-31": "777.00000", "2014-12-31": "351.00000", "2013-12-31": "234.00000", "2012-12-31": "222.07300", "2011-12-31": "209.14200", "2010-12-31": "185.59400", "2009-12-31": "167.97500", "2008-12-31": "207.96900", "2007-12-31": "195.47200", "2006-12-31": "159.44400", "2005-12-31": "155.68000"}, "Other Operating Income Or Expenses": {"2019-12-31": "", "2018-12-31": "", "2017-12-31": "", "2016-12-31": "", "2015-12-31": "", "2014-12-31": "", "2013-12-31": "", "2012-12-31": "-9.11400", "2011-12-31": "0.00000", "2010-12-31": "1.08200", "2009-12-31": "", "2008-12-31": "-152.29800", "2007-12-31": "", "2006-12-31": "-65.93500", "2005-12-31": ""}, "Operating Expenses": {"2019-12-31": "3793.00000", "2018-12-31": "3608.00000", "2017-12-31": "3400.00000", "2016-12-31": "3494.00000", "2015-12-31": "3613.00000", "2014-12-31": "1582.00000", "2013-12-31": "878.00000", "2012-12-31": "831.81700", "2011-12-31": "801.45200", "2010-12-31": "746.14400", "2009-12-31": "668.20300", "2008-12-31": "992.04600", "2007-12-31": "725.09400", "2006-12-31": "679.09500", "2005-12-31": "556.24300"}, "Operating Income": {"2019-12-31": "692.00000", "2018-12-31": "610.00000", "2017-12-31": "322.00000", "2016-12-31": "80.00000", "2015-12-31": "37.00000", "2014-12-31": "89.00000", "2013-12-31": "160.00000", "2012-12-31": "164.35110", "2011-12-31": "182.03590", "2010-12-31": "148.21500", "2009-12-31": "70.27900", "2008-12-31": "-15.34600", "2007-12-31": "143.18500", "2006-12-31": "80.42900", "2005-12-31": "146.02800"}, "Total Non-Operating Income/Expense": {"2019-12-31": "-94.00000", "2018-12-31": "-86.00000", "2017-12-31": "-234.00000", "2016-12-31": "-209.00000", "2015-12-31": "-217.00000", "2014-12-31": "-72.00000", "2013-12-31": "4.00000", "2012-12-31": "-0.17700", "2011-12-31": "-2.31700", "2010-12-31": "1.39200", "2009-12-31": "2.04000", "2008-12-31": "3.43300", "2007-12-31": "24.19000", "2006-12-31": "21.21300", "2005-12-31": "14.25400"}, "Pre-Tax Income": {"2019-12-31": "598.00000", "2018-12-31": "524.00000", "2017-12-31": "88.00000", "2016-12-31": "-129.00000", "2015-12-31": "-180.00000", "2014-12-31": "17.00000", "2013-12-31": "164.00000", "2012-12-31": "164.17400", "2011-12-31": "179.71900", "2010-12-31": "149.60700", "2009-12-31": "72.31900", "2008-12-31": "-11.91300", "2007-12-31": "167.37500", "2006-12-31": "101.64200", "2005-12-31": "160.28200"}, "Income Taxes": {"2019-12-31": "54.00000", "2018-12-31": "103.00000", "2017-12-31": "71.00000", "2016-12-31": "8.00000", "2015-12-31": "-22.00000", "2014-12-31": "-15.00000", "2013-12-31": "30.00000", "2012-12-31": "42.27700", "2011-12-31": "49.37600", "2010-12-31": "44.99300", "2009-12-31": "23.82800", "2008-12-31": "26.50800", "2007-12-31": "57.26200", "2006-12-31": "32.01500", "2005-12-31": "54.09800"}, "Income After Taxes": {"2019-12-31": "544.00000", "2018-12-31": "421.00000", "2017-12-31": "17.00000", "2016-12-31": "-137.00000", "2015-12-31": "-158.00000", "2014-12-31": "32.00000", "2013-12-31": "134.00000", "2012-12-31": "121.89700", "2011-12-31": "130.34300", "2010-12-31": "104.61400", "2009-12-31": "48.49100", "2008-12-31": "-38.42100", "2007-12-31": "110.11300", "2006-12-31": "69.62700", "2005-12-31": "106.18400"}, "Other Income": {"2019-12-31": "", "2018-12-31": "", "2017-12-31": "", "2016-12-31": "", "2015-12-31": "", "2014-12-31": "", "2013-12-31": "", "2012-12-31": "", "2011-12-31": "", "2010-12-31": "", "2009-12-31": "", "2008-12-31": "", "2007-12-31": "", "2006-12-31": "", "2005-12-31": ""}, "Income From Continuous Operations": {"2019-12-31": "544.00000", "2018-12-31": "421.00000", "2017-12-31": "17.00000", "2016-12-31": "-137.00000", "2015-12-31": "-158.00000", "2014-12-31": "32.00000", "2013-12-31": "134.00000", "2012-12-31": "121.89700", "2011-12-31": "130.34300", "2010-12-31": "104.61400", "2009-12-31": "48.49100", "2008-12-31": "-38.42100", "2007-12-31": "110.11300", "2006-12-31": "69.62700", "2005-12-31": "106.18400"}, "Income From Discontinued Operations": {"2019-12-31": "", "2018-12-31": "", "2017-12-31": "", "2016-12-31": "", "2015-12-31": "", "2014-12-31": "", "2013-12-31": "", "2012-12-31": "1.00700", "2011-12-31": "44.30000", "2010-12-31": "-2.83600", "2009-12-31": "-1.38700", "2008-12-31": "", "2007-12-31": "", "2006-12-31": "", "2005-12-31": ""}, "Net Income": {"2019-12-31": "544.00000", "2018-12-31": "421.00000", "2017-12-31": "17.00000", "2016-12-31": "-137.00000", "2015-12-31": "-158.00000", "2014-12-31": "32.00000", "2013-12-31": "134.00000", "2012-12-31": "122.90400", "2011-12-31": "174.64300", "2010-12-31": "101.77800", "2009-12-31": "47.10400", "2008-12-31": "-38.42100", "2007-12-31": "110.11300", "2006-12-31": "70.94600", "2005-12-31": "106.18400"}, "EBITDA": {"2019-12-31": "873.00000", "2018-12-31": "800.00000", "2017-12-31": "623.00000", "2016-12-31": "469.00000", "2015-12-31": "373.00000", "2014-12-31": "172.00000", "2013-12-31": "192.00000", "2012-12-31": "199.64210", "2011-12-31": "206.03590", "2010-12-31": "179.42400", "2009-12-31": "103.19200", "2008-12-31": "23.23500", "2007-12-31": "170.08700", "2006-12-31": "96.51600", "2005-12-31": "159.13200"}, "EBIT": {"2019-12-31": "692.00000", "2018-12-31": "610.00000", "2017-12-31": "322.00000", "2016-12-31": "80.00000", "2015-12-31": "37.00000", "2014-12-31": "89.00000", "2013-12-31": "160.00000", "2012-12-31": "164.35110", "2011-12-31": "182.03590", "2010-12-31": "148.21500", "2009-12-31": "70.27900", "2008-12-31": "-15.34600", "2007-12-31": "143.18500", "2006-12-31": "80.42900", "2005-12-31": "146.02800"}, "Basic Shares Outstanding": {"2019-12-31": "53.99100", "2018-12-31": "53.59200", "2017-12-31": "53.02200", "2016-12-31": "51.57910", "2015-12-31": "50.99630", "2014-12-31": "50.78900", "2013-12-31": "50.69300", "2012-12-31": "51.56600", "2011-12-31": "53.85400", "2010-12-31": "57.14300", "2009-12-31": "59.30600", "2008-12-31": "64.52400", "2007-12-31": "68.46300", "2006-12-31": "70.51600", "2005-12-31": "71.36400"}, "Shares Outstanding": {"2019-12-31": "54.59400", "2018-12-31": "54.30000", "2017-12-31": "53.68900", "2016-12-31": "51.57910", "2015-12-31": "50.99630", "2014-12-31": "51.38000", "2013-12-31": "51.06300", "2012-12-31": "51.84300", "2011-12-31": "54.19100", "2010-12-31": "57.42800", "2009-12-31": "59.42500", "2008-12-31": "64.52400", "2007-12-31": "68.90800", "2006-12-31": "70.95600", "2005-12-31": "72.00000"}, "Basic EPS": {"2019-12-31": "10.08000", "2018-12-31": "7.86000", "2017-12-31": "0.33000", "2016-12-31": "-2.65000", "2015-12-31": "-3.10000", "2014-12-31": "0.64000", "2013-12-31": "2.65000", "2012-12-31": "2.38000", "2011-12-31": "3.24000", "2010-12-31": "1.78000", "2009-12-31": "0.79000", "2008-12-31": "-0.60000", "2007-12-31": "1.61000", "2006-12-31": "1.01000", "2005-12-31": "1.49000"}, "EPS - Earnings Per Share": {"2019-12-31": "9.97000", "2018-12-31": "7.76000", "2017-12-31": "0.32000", "2016-12-31": "-2.65000", "2015-12-31": "-3.10000", "2014-12-31": "0.63000", "2013-12-31": "2.63000", "2012-12-31": "2.37000", "2011-12-31": "3.22000", "2010-12-31": "1.77000", "2009-12-31": "0.79000", "2008-12-31": "-0.60000", "2007-12-31": "1.60000", "2006-12-31": "1.00000", "2005-12-31": "1.47000"}}, "income statement, quarterly": {"Revenue": {"2020-09-30": "1132.00000", "2020-06-30": "956.00000", "2020-03-31": "1052.00000", "2019-12-31": "1192.00000", "2019-09-30": "1130.00000", "2019-06-30": "1097.00000", "2019-03-31": "1066.00000", "2018-12-31": "1137.00000", "2018-09-30": "1092.00000", "2018-06-30": "1012.00000", "2018-03-31": "977.00000", "2017-12-31": "1026.00000", "2017-09-30": "935.00000", "2017-06-30": "896.00000", "2017-03-31": "865.00000", "2016-12-31": "942.00000", "2016-09-30": "904.00000", "2016-06-30": "879.00000", "2016-03-31": "849.00000", "2015-12-31": "951.00000", "2015-09-30": "916.00000", "2015-06-30": "890.00000", "2015-03-31": "893.00000", "2014-12-31": "791.03900", "2014-09-30": "303.27200", "2014-06-30": "288.42100", "2014-03-31": "288.26800", "2013-12-31": "284.38000", "2013-09-30": "263.52300", "2013-06-30": "253.16000", "2013-03-31": "236.93700", "2012-12-31": "253.17900", "2012-09-30": "252.03700", "2012-06-30": "247.07700", "2012-03-31": "243.87500", "2011-12-31": "247.30800", "2011-09-30": "253.33800", "2011-06-30": "245.54100", "2011-03-31": "237.30100", "2010-12-31": "234.01900", "2010-09-30": "229.80700", "2010-06-30": "218.55800", "2010-03-31": "211.97500", "2009-12-31": "157.41900", "2009-09-30": "200.77800", "2009-06-30": "187.67600", "2009-03-31": "192.60900", "2008-12-31": "232.56800", "2008-09-30": "244.07300", "2008-06-30": "253.78200", "2008-03-31": "246.27700", "2007-12-31": "233.57300", "2007-09-30": "217.21800", "2007-06-30": "208.91200", "2007-03-31": "208.57600", "2006-12-31": "209.90300", "2006-09-30": "186.38600", "2006-06-30": "187.42100", "2006-03-31": "175.81400", "2005-12-31": "179.29400", "2005-09-30": "175.63600", "2005-06-30": "176.61400", "2005-03-31": "170.72700"}, "Cost Of Goods Sold": {"2020-09-30": "639.00000", "2020-06-30": "537.00000", "2020-03-31": "579.00000", "2019-12-31": "648.00000", "2019-09-30": "595.00000", "2019-06-30": "577.00000", "2019-03-31": "565.00000", "2018-12-31": "598.00000", "2018-09-30": "587.00000", "2018-06-30": "540.00000", "2018-03-31": "512.00000", "2017-12-31": "557.00000", "2017-09-30": "506.00000", "2017-06-30": "485.00000", "2017-03-31": "464.00000", "2016-12-31": "510.00000", "2016-09-30": "490.00000", "2016-06-30": "473.00000", "2016-03-31": "459.00000", "2015-12-31": "523.00000", "2015-09-30": "502.00000", "2015-06-30": "497.00000", "2015-03-31": "484.00000", "2014-12-31": "454.65200", "2014-09-30": "151.76600", "2014-06-30": "146.25200", "2014-03-31": "140.33000", "2013-12-31": "143.96200", "2013-09-30": "134.91300", "2013-06-30": "132.25300", "2013-03-31": "123.87200", "2012-12-31": "128.71900", "2012-09-30": "125.11300", "2012-06-30": "126.70000", "2012-03-31": "123.99200", "2011-12-31": "125.78800", "2011-09-30": "129.78500", "2011-06-30": "123.84300", "2011-03-31": "117.30300", "2010-12-31": "119.66300", "2010-09-30": "120.56000", "2010-06-30": "119.14900", "2010-03-31": "114.21200", "2009-12-31": "99.07500", "2009-09-30": "109.08000", "2009-06-30": "105.94000", "2009-03-31": "106.80000", "2008-12-31": "121.67900", "2008-09-30": "126.28700", "2008-06-30": "126.06700", "2008-03-31": "123.36200", "2007-12-31": "120.27500", "2007-09-30": "112.59000", "2007-06-30": "109.51000", "2007-03-31": "108.78600", "2006-12-31": "111.49300", "2006-09-30": "98.60000", "2006-06-30": "97.89500", "2006-03-31": "93.11600", "2005-12-31": "89.68200", "2005-09-30": "88.10300", "2005-06-30": "87.46700", "2005-03-31": "83.59900"}, "Gross Profit": {"2020-09-30": "493.00000", "2020-06-30": "419.00000", "2020-03-31": "473.00000", "2019-12-31": "544.00000", "2019-09-30": "535.00000", "2019-06-30": "520.00000", "2019-03-31": "501.00000", "2018-12-31": "539.00000", "2018-09-30": "505.00000", "2018-06-30": "472.00000", "2018-03-31": "465.00000", "2017-12-31": "469.00000", "2017-09-30": "429.00000", "2017-06-30": "411.00000", "2017-03-31": "401.00000", "2016-12-31": "432.00000", "2016-09-30": "414.00000", "2016-06-30": "406.00000", "2016-03-31": "390.00000", "2015-12-31": "428.00000", "2015-09-30": "414.00000", "2015-06-30": "393.00000", "2015-03-31": "409.00000", "2014-12-31": "336.38700", "2014-09-30": "151.50600", "2014-06-30": "142.16900", "2014-03-31": "147.93800", "2013-12-31": "140.41800", "2013-09-30": "128.61000", "2013-06-30": "120.90700", "2013-03-31": "113.06500", "2012-12-31": "124.46010", "2012-09-30": "126.92400", "2012-06-30": "120.37700", "2012-03-31": "119.88300", "2011-12-31": "121.51990", "2011-09-30": "123.55300", "2011-06-30": "121.69800", "2011-03-31": "119.99800", "2010-12-31": "114.35600", "2010-09-30": "109.24700", "2010-06-30": "99.40900", "2010-03-31": "97.76300", "2009-12-31": "58.34400", "2009-09-30": "91.69800", "2009-06-30": "81.73600", "2009-03-31": "85.80900", "2008-12-31": "110.88900", "2008-09-30": "117.78600", "2008-06-30": "127.71500", "2008-03-31": "122.91500", "2007-12-31": "113.29800", "2007-09-30": "104.62800", "2007-06-30": "99.40200", "2007-03-31": "99.79000", "2006-12-31": "98.41000", "2006-09-30": "87.78600", "2006-06-30": "89.52600", "2006-03-31": "82.69800", "2005-12-31": "89.61200", "2005-09-30": "87.53300", "2005-06-30": "89.14700", "2005-03-31": "87.12800"}, "Research And Development Expenses": {"2020-09-30": "113.00000", "2020-06-30": "98.00000", "2020-03-31": "105.00000", "2019-12-31": "118.00000", "2019-09-30": "110.00000", "2019-06-30": "108.00000", "2019-03-31": "111.00000", "2018-12-31": "121.00000", "2018-09-30": "113.00000", "2018-06-30": "109.00000", "2018-03-31": "101.00000", "2017-12-31": "98.00000", "2017-09-30": "96.00000", "2017-06-30": "99.00000", "2017-03-31": "96.00000", "2016-12-31": "92.00000", "2016-09-30": "96.00000", "2016-06-30": "95.00000", "2016-03-31": "93.00000", "2015-12-31": "98.00000", "2015-09-30": "100.00000", "2015-06-30": "100.00000", "2015-03-31": "96.00000", "2014-12-31": "79.20800", "2014-09-30": "25.22500", "2014-06-30": "23.71000", "2014-03-31": "22.85700", "2013-12-31": "23.56500", "2013-09-30": "22.37600", "2013-06-30": "23.20100", "2013-03-31": "21.85800", "2012-12-31": "22.60500", "2012-09-30": "22.00700", "2012-06-30": "22.33600", "2012-03-31": "20.41600", "2011-12-31": "23.17400", "2011-09-30": "22.58400", "2011-06-30": "22.48700", "2011-03-31": "21.68100", "2010-12-31": "21.73600", "2010-09-30": "21.86200", "2010-06-30": "20.65300", "2010-03-31": "18.32400", "2009-12-31": "1.92500", "2009-09-30": "21.45400", "2009-06-30": "20.94900", "2009-03-31": "22.14900", "2008-12-31": "24.45500", "2008-09-30": "23.87900", "2008-06-30": "25.25100", "2008-03-31": "22.21500", "2007-12-31": "23.52200", "2007-09-30": "13.90400", "2007-06-30": "13.86900", "2007-03-31": "14.18500", "2006-12-31": "12.76800", "2006-09-30": "11.77400", "2006-06-30": "12.38200", "2006-03-31": "12.03500", "2005-12-31": "12.10300", "2005-09-30": "11.81800", "2005-06-30": "12.38600", "2005-03-31": "11.05200"}, "SG&A Expenses": {"2020-09-30": "190.00000", "2020-06-30": "183.00000", "2020-03-31": "196.00000", "2019-12-31": "209.00000", "2019-09-30": "202.00000", "2019-06-30": "217.00000", "2019-03-31": "198.00000", "2018-12-31": "211.00000", "2018-09-30": "195.00000", "2018-06-30": "214.00000", "2018-03-31": "191.00000", "2017-12-31": "199.00000", "2017-09-30": "184.00000", "2017-06-30": "182.00000", "2017-03-31": "184.00000", "2016-12-31": "189.00000", "2016-09-30": "186.00000", "2016-06-30": "189.00000", "2016-03-31": "187.00000", "2015-12-31": "207.00000", "2015-09-30": "187.00000", "2015-06-30": "195.00000", "2015-03-31": "188.00000", "2014-12-31": "163.59500", "2014-09-30": "61.52200", "2014-06-30": "62.07600", "2014-03-31": "63.80700", "2013-12-31": "60.47800", "2013-09-30": "56.84700", "2013-06-30": "57.88300", "2013-03-31": "58.79200", "2012-12-31": "54.27700", "2012-09-30": "54.80200", "2012-06-30": "56.56000", "2012-03-31": "56.43400", "2011-12-31": "55.35000", "2011-09-30": "50.92000", "2011-06-30": "51.63800", "2011-03-31": "51.23400", "2010-12-31": "49.75100", "2010-09-30": "46.21500", "2010-06-30": "45.63700", "2010-03-31": "43.99100", "2009-12-31": "32.10200", "2009-09-30": "48.84200", "2009-06-30": "42.47500", "2009-03-31": "44.55600", "2008-12-31": "48.72100", "2008-09-30": "49.51400", "2008-06-30": "56.13600", "2008-03-31": "53.59800", "2007-12-31": "49.65800", "2007-09-30": "50.77400", "2007-06-30": "48.94400", "2007-03-31": "46.09600", "2006-12-31": "45.98600", "2006-09-30": "38.10900", "2006-06-30": "38.59100", "2006-03-31": "36.75800", "2005-12-31": "40.54200", "2005-09-30": "36.92200", "2005-06-30": "40.85000", "2005-03-31": "37.36600"}, "Other Operating Income Or Expenses": {"2020-09-30": "", "2020-06-30": "", "2020-03-31": "", "2019-12-31": "", "2019-09-30": "", "2019-06-30": "", "2019-03-31": "", "2018-12-31": "", "2018-09-30": "", "2018-06-30": "", "2018-03-31": "", "2017-12-31": "", "2017-09-30": "", "2017-06-30": "", "2017-03-31": "", "2016-12-31": "", "2016-09-30": "", "2016-06-30": "", "2016-03-31": "", "2015-12-31": "", "2015-09-30": "", "2015-06-30": "", "2015-03-31": "", "2014-12-31": "", "2014-09-30": "", "2014-06-30": "", "2014-03-31": "", "2013-12-31": "", "2013-09-30": "", "2013-06-30": "", "2013-03-31": "", "2012-12-31": "", "2012-09-30": "-9.11400", "2012-06-30": "", "2012-03-31": "", "2011-12-31": "", "2011-09-30": "0.00000", "2011-06-30": "", "2011-03-31": "", "2010-12-31": "", "2010-09-30": "", "2010-06-30": "", "2010-03-31": "", "2009-12-31": "", "2009-09-30": "", "2009-06-30": "1.05800", "2009-03-31": "", "2008-12-31": "-157.60000", "2008-09-30": "5.30200", "2008-06-30": "", "2008-03-31": "", "2007-12-31": "", "2007-09-30": "", "2007-06-30": "", "2007-03-31": "", "2006-12-31": "-12.54300", "2006-09-30": "-53.39200", "2006-06-30": "", "2006-03-31": "", "2005-12-31": "", "2005-09-30": "", "2005-06-30": "", "2005-03-31": ""}, "Operating Expenses": {"2020-09-30": "982.00000", "2020-06-30": "837.00000", "2020-03-31": "901.00000", "2019-12-31": "1004.00000", "2019-09-30": "945.00000", "2019-06-30": "937.00000", "2019-03-31": "907.00000", "2018-12-31": "958.00000", "2018-09-30": "930.00000", "2018-06-30": "887.00000", "2018-03-31": "833.00000", "2017-12-31": "893.00000", "2017-09-30": "844.00000", "2017-06-30": "838.00000", "2017-03-31": "825.00000", "2016-12-31": "871.00000", "2016-09-30": "928.00000", "2016-06-30": "856.00000", "2016-03-31": "839.00000", "2015-12-31": "945.00000", "2015-09-30": "891.00000", "2015-06-30": "904.00000", "2015-03-31": "873.00000", "2014-12-31": "815.46800", "2014-09-30": "276.31600", "2014-06-30": "255.35600", "2014-03-31": "234.86000", "2013-12-31": "235.56500", "2013-09-30": "216.75400", "2013-06-30": "216.91900", "2013-03-31": "208.76200", "2012-12-31": "209.06100", "2012-09-30": "213.27200", "2012-06-30": "207.61800", "2012-03-31": "201.86600", "2011-12-31": "205.18500", "2011-09-30": "204.45800", "2011-06-30": "198.87000", "2011-03-31": "192.93900", "2010-12-31": "190.98900", "2010-09-30": "189.47600", "2010-06-30": "186.64500", "2010-03-31": "179.03400", "2009-12-31": "129.70400", "2009-09-30": "185.54000", "2009-06-30": "174.52400", "2009-03-31": "178.43500", "2008-12-31": "364.91710", "2008-09-30": "203.39300", "2008-06-30": "216.81300", "2008-03-31": "206.92300", "2007-12-31": "196.71200", "2007-09-30": "180.19600", "2007-06-30": "174.94300", "2007-03-31": "173.24300", "2006-12-31": "184.18400", "2006-09-30": "202.66400", "2006-06-30": "149.59100", "2006-03-31": "142.65600", "2005-12-31": "143.19600", "2005-09-30": "137.63500", "2005-06-30": "141.23100", "2005-03-31": "134.18100"}, "Operating Income": {"2020-09-30": "150.00000", "2020-06-30": "119.00000", "2020-03-31": "151.00000", "2019-12-31": "188.00000", "2019-09-30": "185.00000", "2019-06-30": "160.00000", "2019-03-31": "159.00000", "2018-12-31": "179.00000", "2018-09-30": "162.00000", "2018-06-30": "125.00000", "2018-03-31": "144.00000", "2017-12-31": "133.00000", "2017-09-30": "91.00000", "2017-06-30": "58.00000", "2017-03-31": "40.00000", "2016-12-31": "71.00000", "2016-09-30": "-24.00000", "2016-06-30": "23.00000", "2016-03-31": "10.00000", "2015-12-31": "6.00000", "2015-09-30": "25.00000", "2015-06-30": "-14.00000", "2015-03-31": "20.00000", "2014-12-31": "-24.42900", "2014-09-30": "26.95600", "2014-06-30": "33.06500", "2014-03-31": "53.40800", "2013-12-31": "48.81510", "2013-09-30": "46.76900", "2013-06-30": "36.24100", "2013-03-31": "28.17500", "2012-12-31": "44.11800", "2012-09-30": "38.76500", "2012-06-30": "39.45900", "2012-03-31": "42.00900", "2011-12-31": "42.12290", "2011-09-30": "48.88000", "2011-06-30": "46.67100", "2011-03-31": "44.36200", "2010-12-31": "43.03000", "2010-09-30": "40.33100", "2010-06-30": "31.91300", "2010-03-31": "32.94100", "2009-12-31": "27.71500", "2009-09-30": "15.23800", "2009-06-30": "13.15200", "2009-03-31": "14.17400", "2008-12-31": "-132.34900", "2008-09-30": "40.68000", "2008-06-30": "36.96900", "2008-03-31": "39.35400", "2007-12-31": "36.86100", "2007-09-30": "37.02200", "2007-06-30": "33.96900", "2007-03-31": "35.33300", "2006-12-31": "25.71900", "2006-09-30": "-16.27800", "2006-06-30": "37.83000", "2006-03-31": "33.15800", "2005-12-31": "36.09800", "2005-09-30": "38.00100", "2005-06-30": "35.38300", "2005-03-31": "36.54600"}, "Total Non-Operating Income/Expense": {"2020-09-30": "-12.00000", "2020-06-30": "-16.00000", "2020-03-31": "-48.00000", "2019-12-31": "-9.00000", "2019-09-30": "-26.00000", "2019-06-30": "-31.00000", "2019-03-31": "-28.00000", "2018-12-31": "-31.00000", "2018-09-30": "-19.00000", "2018-06-30": "-25.00000", "2018-03-31": "-11.00000", "2017-12-31": "-55.00000", "2017-09-30": "-98.00000", "2017-06-30": "-39.00000", "2017-03-31": "-42.00000", "2016-12-31": "-51.00000", "2016-09-30": "-53.00000", "2016-06-30": "-56.00000", "2016-03-31": "-49.00000", "2015-12-31": "-50.00000", "2015-09-30": "-50.00000", "2015-06-30": "-39.00000", "2015-03-31": "-78.00000", "2014-12-31": "-67.91900", "2014-09-30": "-2.15000", "2014-06-30": "-2.06800", "2014-03-31": "0.13700", "2013-12-31": "1.56400", "2013-09-30": "0.37200", "2013-06-30": "1.47500", "2013-03-31": "0.58900", "2012-12-31": "-0.05600", "2012-09-30": "-0.26700", "2012-06-30": "0.26000", "2012-03-31": "-0.11400", "2011-12-31": "-1.01100", "2011-09-30": "-0.89800", "2011-06-30": "-0.42000", "2011-03-31": "0.01200", "2010-12-31": "-0.27800", "2010-09-30": "0.32700", "2010-06-30": "0.60300", "2010-03-31": "0.74000", "2009-12-31": "1.26400", "2009-09-30": "1.10200", "2009-06-30": "0.09700", "2009-03-31": "-0.42300", "2008-12-31": "3.65800", "2008-09-30": "-5.07800", "2008-06-30": "2.00200", "2008-03-31": "2.85100", "2007-12-31": "9.32900", "2007-09-30": "4.14000", "2007-06-30": "5.16600", "2007-03-31": "5.55500", "2006-12-31": "5.97200", "2006-09-30": "6.17300", "2006-06-30": "4.41700", "2006-03-31": "4.65100", "2005-12-31": "3.81900", "2005-09-30": "3.79800", "2005-06-30": "3.61400", "2005-03-31": "3.02300"}, "Pre-Tax Income": {"2020-09-30": "138.00000", "2020-06-30": "103.00000", "2020-03-31": "103.00000", "2019-12-31": "179.00000", "2019-09-30": "159.00000", "2019-06-30": "129.00000", "2019-03-31": "131.00000", "2018-12-31": "148.00000", "2018-09-30": "143.00000", "2018-06-30": "100.00000", "2018-03-31": "133.00000", "2017-12-31": "78.00000", "2017-09-30": "-7.00000", "2017-06-30": "19.00000", "2017-03-31": "-2.00000", "2016-12-31": "20.00000", "2016-09-30": "-77.00000", "2016-06-30": "-33.00000", "2016-03-31": "-39.00000", "2015-12-31": "-44.00000", "2015-09-30": "-25.00000", "2015-06-30": "-53.00000", "2015-03-31": "-58.00000", "2014-12-31": "-92.34800", "2014-09-30": "24.80600", "2014-06-30": "30.99700", "2014-03-31": "53.54500", "2013-12-31": "50.37900", "2013-09-30": "47.14100", "2013-06-30": "37.71600", "2013-03-31": "28.76400", "2012-12-31": "44.06200", "2012-09-30": "38.49800", "2012-06-30": "39.71900", "2012-03-31": "41.89500", "2011-12-31": "41.11200", "2011-09-30": "47.98200", "2011-06-30": "46.25100", "2011-03-31": "44.37400", "2010-12-31": "42.75200", "2010-09-30": "40.65800", "2010-06-30": "32.51600", "2010-03-31": "33.68100", "2009-12-31": "28.97900", "2009-09-30": "16.34000", "2009-06-30": "13.24900", "2009-03-31": "13.75100", "2008-12-31": "-128.69100", "2008-09-30": "35.60200", "2008-06-30": "38.97100", "2008-03-31": "42.20500", "2007-12-31": "46.19000", "2007-09-30": "41.16200", "2007-06-30": "39.13500", "2007-03-31": "40.88800", "2006-12-31": "31.69100", "2006-09-30": "-10.10500", "2006-06-30": "42.24700", "2006-03-31": "37.80900", "2005-12-31": "39.91700", "2005-09-30": "41.79900", "2005-06-30": "38.99700", "2005-03-31": "39.56900"}, "Income Taxes": {"2020-09-30": "22.00000", "2020-06-30": "3.00000", "2020-03-31": "14.00000", "2019-12-31": "10.00000", "2019-09-30": "23.00000", "2019-06-30": "5.00000", "2019-03-31": "16.00000", "2018-12-31": "33.00000", "2018-09-30": "16.00000", "2018-06-30": "30.00000", "2018-03-31": "24.00000", "2017-12-31": "74.00000", "2017-09-30": "5.00000", "2017-06-30": "2.00000", "2017-03-31": "-10.00000", "2016-12-31": "3.00000", "2016-09-30": "6.00000", "2016-06-30": "12.00000", "2016-03-31": "-13.00000", "2015-12-31": "-17.00000", "2015-09-30": "4.00000", "2015-06-30": "24.00000", "2015-03-31": "-33.00000", "2014-12-31": "-40.24000", "2014-09-30": "9.86100", "2014-06-30": "3.44000", "2014-03-31": "11.93900", "2013-12-31": "9.07900", "2013-09-30": "8.54100", "2013-06-30": "7.15800", "2013-03-31": "5.22200", "2012-12-31": "9.26300", "2012-09-30": "11.91700", "2012-06-30": "9.36600", "2012-03-31": "11.73100", "2011-12-31": "8.25300", "2011-09-30": "13.79500", "2011-06-30": "13.08200", "2011-03-31": "14.24600", "2010-12-31": "13.11700", "2010-09-30": "13.41100", "2010-06-30": "10.33100", "2010-03-31": "8.13400", "2009-12-31": "9.96200", "2009-09-30": "5.22900", "2009-06-30": "4.23800", "2009-03-31": "4.39900", "2008-12-31": "-11.33000", "2008-09-30": "9.83200", "2008-06-30": "13.44500", "2008-03-31": "14.56100", "2007-12-31": "15.38700", "2007-09-30": "14.20100", "2007-06-30": "13.50200", "2007-03-31": "14.17200", "2006-12-31": "10.24500", "2006-09-30": "-5.84200", "2006-06-30": "14.57500", "2006-03-31": "13.03700", "2005-12-31": "13.07300", "2005-09-30": "13.72400", "2005-06-30": "13.55100", "2005-03-31": "13.75000"}, "Income After Taxes": {"2020-09-30": "116.00000", "2020-06-30": "100.00000", "2020-03-31": "89.00000", "2019-12-31": "169.00000", "2019-09-30": "136.00000", "2019-06-30": "124.00000", "2019-03-31": "115.00000", "2018-12-31": "115.00000", "2018-09-30": "127.00000", "2018-06-30": "70.00000", "2018-03-31": "109.00000", "2017-12-31": "4.00000", "2017-09-30": "-12.00000", "2017-06-30": "17.00000", "2017-03-31": "8.00000", "2016-12-31": "17.00000", "2016-09-30": "-83.00000", "2016-06-30": "-45.00000", "2016-03-31": "-26.00000", "2015-12-31": "-27.00000", "2015-09-30": "-29.00000", "2015-06-30": "-77.00000", "2015-03-31": "-25.00000", "2014-12-31": "-52.10800", "2014-09-30": "14.94500", "2014-06-30": "27.55700", "2014-03-31": "41.60600", "2013-12-31": "41.30000", "2013-09-30": "38.60000", "2013-06-30": "30.55800", "2013-03-31": "23.54200", "2012-12-31": "34.79900", "2012-09-30": "26.58100", "2012-06-30": "30.35300", "2012-03-31": "30.16400", "2011-12-31": "32.85900", "2011-09-30": "34.18700", "2011-06-30": "33.16900", "2011-03-31": "30.12800", "2010-12-31": "29.63500", "2010-09-30": "27.24700", "2010-06-30": "22.18500", "2010-03-31": "25.54700", "2009-12-31": "19.01700", "2009-09-30": "11.11100", "2009-06-30": "9.01100", "2009-03-31": "9.35200", "2008-12-31": "-117.36100", "2008-09-30": "25.77000", "2008-06-30": "25.52600", "2008-03-31": "27.64400", "2007-12-31": "30.80300", "2007-09-30": "26.96100", "2007-06-30": "25.63300", "2007-03-31": "26.71600", "2006-12-31": "21.44600", "2006-09-30": "-4.26300", "2006-06-30": "27.67200", "2006-03-31": "24.77200", "2005-12-31": "26.84400", "2005-09-30": "28.07500", "2005-06-30": "25.44600", "2005-03-31": "25.81900"}, "Other Income": {"2020-09-30": "", "2020-06-30": "", "2020-03-31": "", "2019-12-31": "", "2019-09-30": "", "2019-06-30": "", "2019-03-31": "", "2018-12-31": "", "2018-09-30": "", "2018-06-30": "", "2018-03-31": "", "2017-12-31": "", "2017-09-30": "", "2017-06-30": "", "2017-03-31": "", "2016-12-31": "", "2016-09-30": "", "2016-06-30": "", "2016-03-31": "", "2015-12-31": "", "2015-09-30": "", "2015-06-30": "", "2015-03-31": "", "2014-12-31": "", "2014-09-30": "", "2014-06-30": "", "2014-03-31": "", "2013-12-31": "", "2013-09-30": "", "2013-06-30": "", "2013-03-31": "", "2012-12-31": "", "2012-09-30": "", "2012-06-30": "", "2012-03-31": "", "2011-12-31": "", "2011-09-30": "", "2011-06-30": "", "2011-03-31": "", "2010-12-31": "", "2010-09-30": "", "2010-06-30": "", "2010-03-31": "", "2009-12-31": "", "2009-09-30": "", "2009-06-30": "", "2009-03-31": "", "2008-12-31": "", "2008-09-30": "", "2008-06-30": "", "2008-03-31": "", "2007-12-31": "", "2007-09-30": "", "2007-06-30": "", "2007-03-31": "", "2006-12-31": "", "2006-09-30": "", "2006-06-30": "", "2006-03-31": "", "2005-12-31": "", "2005-09-30": "", "2005-06-30": "", "2005-03-31": ""}, "Income From Continuous Operations": {"2020-09-30": "116.00000", "2020-06-30": "100.00000", "2020-03-31": "89.00000", "2019-12-31": "169.00000", "2019-09-30": "136.00000", "2019-06-30": "124.00000", "2019-03-31": "115.00000", "2018-12-31": "115.00000", "2018-09-30": "127.00000", "2018-06-30": "70.00000", "2018-03-31": "109.00000", "2017-12-31": "4.00000", "2017-09-30": "-12.00000", "2017-06-30": "17.00000", "2017-03-31": "8.00000", "2016-12-31": "17.00000", "2016-09-30": "-83.00000", "2016-06-30": "-45.00000", "2016-03-31": "-26.00000", "2015-12-31": "-27.00000", "2015-09-30": "-29.00000", "2015-06-30": "-77.00000", "2015-03-31": "-25.00000", "2014-12-31": "-52.10800", "2014-09-30": "14.94500", "2014-06-30": "27.55700", "2014-03-31": "41.60600", "2013-12-31": "41.30000", "2013-09-30": "38.60000", "2013-06-30": "30.55800", "2013-03-31": "23.54200", "2012-12-31": "34.79900", "2012-09-30": "26.58100", "2012-06-30": "30.35300", "2012-03-31": "30.16400", "2011-12-31": "32.85900", "2011-09-30": "34.18700", "2011-06-30": "33.16900", "2011-03-31": "30.12800", "2010-12-31": "29.63500", "2010-09-30": "27.24700", "2010-06-30": "22.18500", "2010-03-31": "25.54700", "2009-12-31": "19.01700", "2009-09-30": "11.11100", "2009-06-30": "9.01100", "2009-03-31": "9.35200", "2008-12-31": "-117.36100", "2008-09-30": "25.77000", "2008-06-30": "25.52600", "2008-03-31": "27.64400", "2007-12-31": "30.80300", "2007-09-30": "26.96100", "2007-06-30": "25.63300", "2007-03-31": "26.71600", "2006-12-31": "21.44600", "2006-09-30": "-4.26300", "2006-06-30": "27.67200", "2006-03-31": "24.77200", "2005-12-31": "26.84400", "2005-09-30": "28.07500", "2005-06-30": "25.44600", "2005-03-31": "25.81900"}, "Income From Discontinued Operations": {"2020-09-30": "", "2020-06-30": "", "2020-03-31": "", "2019-12-31": "", "2019-09-30": "", "2019-06-30": "", "2019-03-31": "", "2018-12-31": "", "2018-09-30": "", "2018-06-30": "", "2018-03-31": "", "2017-12-31": "", "2017-09-30": "", "2017-06-30": "", "2017-03-31": "", "2016-12-31": "", "2016-09-30": "", "2016-06-30": "", "2016-03-31": "", "2015-12-31": "", "2015-09-30": "", "2015-06-30": "", "2015-03-31": "", "2014-12-31": "", "2014-09-30": "", "2014-06-30": "", "2014-03-31": "", "2013-12-31": "", "2013-09-30": "", "2013-06-30": "0.00800", "2013-03-31": "", "2012-12-31": "0.19100", "2012-09-30": "0.51600", "2012-06-30": "0.30000", "2012-03-31": "", "2011-12-31": "2.18500", "2011-09-30": "10.81400", "2011-06-30": "-0.20500", "2011-03-31": "31.50600", "2010-12-31": "-1.41800", "2010-09-30": "-1.09600", "2010-06-30": "0.49200", "2010-03-31": "-0.81400", "2009-12-31": "", "2009-09-30": "", "2009-06-30": "", "2009-03-31": "", "2008-12-31": "", "2008-09-30": "", "2008-06-30": "", "2008-03-31": "", "2007-12-31": "", "2007-09-30": "", "2007-06-30": "", "2007-03-31": "", "2006-12-31": "", "2006-09-30": "", "2006-06-30": "", "2006-03-31": "", "2005-12-31": "", "2005-09-30": "", "2005-06-30": "", "2005-03-31": ""}, "Net Income": {"2020-09-30": "116.00000", "2020-06-30": "100.00000", "2020-03-31": "89.00000", "2019-12-31": "169.00000", "2019-09-30": "136.00000", "2019-06-30": "124.00000", "2019-03-31": "115.00000", "2018-12-31": "115.00000", "2018-09-30": "127.00000", "2018-06-30": "70.00000", "2018-03-31": "109.00000", "2017-12-31": "4.00000", "2017-09-30": "-12.00000", "2017-06-30": "17.00000", "2017-03-31": "8.00000", "2016-12-31": "17.00000", "2016-09-30": "-83.00000", "2016-06-30": "-45.00000", "2016-03-31": "-26.00000", "2015-12-31": "-27.00000", "2015-09-30": "-29.00000", "2015-06-30": "-77.00000", "2015-03-31": "-25.00000", "2014-12-31": "-52.10800", "2014-09-30": "14.94500", "2014-06-30": "27.55700", "2014-03-31": "41.60600", "2013-12-31": "41.29200", "2013-09-30": "38.60000", "2013-06-30": "30.56600", "2013-03-31": "23.54200", "2012-12-31": "34.99000", "2012-09-30": "27.09700", "2012-06-30": "30.65300", "2012-03-31": "30.16400", "2011-12-31": "35.04400", "2011-09-30": "45.00100", "2011-06-30": "32.96400", "2011-03-31": "61.63400", "2010-12-31": "28.21700", "2010-09-30": "26.15100", "2010-06-30": "22.67700", "2010-03-31": "24.73300", "2009-12-31": "17.63000", "2009-09-30": "11.11100", "2009-06-30": "9.01100", "2009-03-31": "9.35200", "2008-12-31": "-117.36100", "2008-09-30": "25.77000", "2008-06-30": "25.52600", "2008-03-31": "27.64400", "2007-12-31": "30.80300", "2007-09-30": "26.96100", "2007-06-30": "25.63300", "2007-03-31": "26.71600", "2006-12-31": "21.44600", "2006-09-30": "-4.26300", "2006-06-30": "27.67200", "2006-03-31": "26.09100", "2005-12-31": "26.84400", "2005-09-30": "28.07500", "2005-06-30": "25.44600", "2005-03-31": "25.81900"}, "EBITDA": {"2020-09-30": "186.00000", "2020-06-30": "153.00000", "2020-03-31": "186.00000", "2019-12-31": "224.00000", "2019-09-30": "233.00000", "2019-06-30": "209.00000", "2019-03-31": "207.00000", "2018-12-31": "226.00000", "2018-09-30": "210.00000", "2018-06-30": "175.00000", "2018-03-31": "189.00000", "2017-12-31": "195.00000", "2017-09-30": "179.00000", "2017-06-30": "136.00000", "2017-03-31": "113.00000", "2016-12-31": "143.00000", "2016-09-30": "128.00000", "2016-06-30": "106.00000", "2016-03-31": "92.00000", "2015-12-31": "89.00000", "2015-09-30": "106.00000", "2015-06-30": "73.00000", "2015-03-31": "105.00000", "2014-12-31": "31.34800", "2014-09-30": "36.08300", "2014-06-30": "42.15800", "2014-03-31": "62.41100", "2013-12-31": "57.50310", "2013-09-30": "54.66900", "2013-06-30": "44.28100", "2013-03-31": "35.54700", "2012-12-31": "60.50300", "2012-09-30": "45.70700", "2012-06-30": "45.46400", "2012-03-31": "47.96800", "2011-12-31": "48.13790", "2011-09-30": "54.71400", "2011-06-30": "52.89000", "2011-03-31": "50.29400", "2010-12-31": "50.54100", "2010-09-30": "48.00800", "2010-06-30": "40.12000", "2010-03-31": "40.75500", "2009-12-31": "36.21900", "2009-09-30": "23.70000", "2009-06-30": "21.14600", "2009-03-31": "22.12700", "2008-12-31": "-122.18600", "2008-09-30": "50.49100", "2008-06-30": "46.48800", "2008-03-31": "48.44200", "2007-12-31": "44.57900", "2007-09-30": "43.96300", "2007-06-30": "40.35900", "2007-03-31": "41.18600", "2006-12-31": "30.46800", "2006-09-30": "-12.24000", "2006-06-30": "41.46100", "2006-03-31": "36.82700", "2005-12-31": "39.64300", "2005-09-30": "41.16100", "2005-06-30": "38.68900", "2005-03-31": "39.63900"}, "EBIT": {"2020-09-30": "150.00000", "2020-06-30": "119.00000", "2020-03-31": "151.00000", "2019-12-31": "188.00000", "2019-09-30": "185.00000", "2019-06-30": "160.00000", "2019-03-31": "159.00000", "2018-12-31": "179.00000", "2018-09-30": "162.00000", "2018-06-30": "125.00000", "2018-03-31": "144.00000", "2017-12-31": "133.00000", "2017-09-30": "91.00000", "2017-06-30": "58.00000", "2017-03-31": "40.00000", "2016-12-31": "71.00000", "2016-09-30": "-24.00000", "2016-06-30": "23.00000", "2016-03-31": "10.00000", "2015-12-31": "6.00000", "2015-09-30": "25.00000", "2015-06-30": "-14.00000", "2015-03-31": "20.00000", "2014-12-31": "-24.42900", "2014-09-30": "26.95600", "2014-06-30": "33.06500", "2014-03-31": "53.40800", "2013-12-31": "48.81500", "2013-09-30": "46.76900", "2013-06-30": "36.24100", "2013-03-31": "28.17500", "2012-12-31": "44.11810", "2012-09-30": "38.76500", "2012-06-30": "39.45900", "2012-03-31": "42.00900", "2011-12-31": "42.12300", "2011-09-30": "48.88000", "2011-06-30": "46.67100", "2011-03-31": "44.36200", "2010-12-31": "43.02990", "2010-09-30": "40.33100", "2010-06-30": "31.91300", "2010-03-31": "32.94100", "2009-12-31": "27.71500", "2009-09-30": "15.23800", "2009-06-30": "13.15200", "2009-03-31": "14.17400", "2008-12-31": "-132.34900", "2008-09-30": "40.68000", "2008-06-30": "36.96900", "2008-03-31": "39.35400", "2007-12-31": "36.86100", "2007-09-30": "37.02200", "2007-06-30": "33.96900", "2007-03-31": "35.33300", "2006-12-31": "25.71900", "2006-09-30": "-16.27800", "2006-06-30": "37.83000", "2006-03-31": "33.15800", "2005-12-31": "36.09800", "2005-09-30": "38.00100", "2005-06-30": "35.38300", "2005-03-31": "36.54600"}, "Basic Shares Outstanding": {"2020-09-30": "53.30000", "2020-06-30": "53.18800", "2020-03-31": "53.76100", "2019-12-31": "53.99100", "2019-09-30": "54.08600", "2019-06-30": "54.02800", "2019-03-31": "53.90500", "2018-12-31": "53.59200", "2018-09-30": "53.74000", "2018-06-30": "53.53800", "2018-03-31": "53.28600", "2017-12-31": "53.02200", "2017-09-30": "52.22100", "2017-06-30": "51.99640", "2017-03-31": "51.84200", "2016-12-31": "51.57910", "2016-09-30": "51.69020", "2016-06-30": "51.53300", "2016-03-31": "51.30000", "2015-12-31": "50.99630", "2015-09-30": "51.15200", "2015-06-30": "50.91700", "2015-03-31": "50.66700", "2014-12-31": "50.78900", "2014-09-30": "50.83500", "2014-06-30": "50.60600", "2014-03-31": "50.40200", "2013-12-31": "50.69300", "2013-09-30": "50.59000", "2013-06-30": "50.90000", "2013-03-31": "50.98000", "2012-12-31": "51.56600", "2012-09-30": "51.56600", "2012-06-30": "51.77100", "2012-03-31": "51.99800", "2011-12-31": "53.85400", "2011-09-30": "53.33900", "2011-06-30": "54.54600", "2011-03-31": "55.35300", "2010-12-31": "57.14300", "2010-09-30": "56.73900", "2010-06-30": "57.48900", "2010-03-31": "58.01600", "2009-12-31": "59.30600", "2009-09-30": "58.95400", "2009-06-30": "59.27100", "2009-03-31": "60.26600", "2008-12-31": "64.52400", "2008-09-30": "64.32800", "2008-06-30": "65.12800", "2008-03-31": "66.13400", "2007-12-31": "68.46300", "2007-09-30": "68.58000", "2007-06-30": "69.09800", "2007-03-31": "68.90800", "2006-12-31": "70.51600", "2006-09-30": "70.80200", "2006-06-30": "70.78100", "2006-03-31": "70.56600", "2005-12-31": "71.36400", "2005-09-30": "71.26300", "2005-06-30": "72.01300", "2005-03-31": "71.87300"}, "Shares Outstanding": {"2020-09-30": "53.71700", "2020-06-30": "53.67600", "2020-03-31": "54.31800", "2019-12-31": "54.59400", "2019-09-30": "54.63800", "2019-06-30": "54.64900", "2019-03-31": "54.55500", "2018-12-31": "54.30000", "2018-09-30": "54.42500", "2018-06-30": "54.25600", "2018-03-31": "53.98600", "2017-12-31": "53.68900", "2017-09-30": "52.22100", "2017-06-30": "53.12870", "2017-03-31": "52.94700", "2016-12-31": "51.57910", "2016-09-30": "51.69020", "2016-06-30": "51.53300", "2016-03-31": "51.30000", "2015-12-31": "50.99630", "2015-09-30": "51.15200", "2015-06-30": "50.91700", "2015-03-31": "50.66700", "2014-12-31": "51.38000", "2014-09-30": "51.46100", "2014-06-30": "51.27800", "2014-03-31": "50.97400", "2013-12-31": "51.06300", "2013-09-30": "50.92400", "2013-06-30": "51.28300", "2013-03-31": "51.36600", "2012-12-31": "51.84300", "2012-09-30": "51.80900", "2012-06-30": "52.03000", "2012-03-31": "52.30100", "2011-12-31": "54.19100", "2011-09-30": "53.62800", "2011-06-30": "54.95800", "2011-03-31": "55.77400", "2010-12-31": "57.42800", "2010-09-30": "56.99800", "2010-06-30": "57.73700", "2010-03-31": "58.26500", "2009-12-31": "59.42500", "2009-09-30": "59.08300", "2009-06-30": "59.35200", "2009-03-31": "60.33200", "2008-12-31": "64.52400", "2008-09-30": "64.65300", "2008-06-30": "65.50200", "2008-03-31": "66.51800", "2007-12-31": "68.90800", "2007-09-30": "69.00500", "2007-06-30": "69.55900", "2007-03-31": "69.36700", "2006-12-31": "70.95600", "2006-09-30": "70.80200", "2006-06-30": "71.22900", "2006-03-31": "71.11900", "2005-12-31": "72.00000", "2005-09-30": "71.81700", "2005-06-30": "72.67900", "2005-03-31": "72.64900"}, "Basic EPS": {"2020-09-30": "2.18000", "2020-06-30": "1.87000", "2020-03-31": "1.66000", "2019-12-31": "3.14000", "2019-09-30": "2.52000", "2019-06-30": "2.28000", "2019-03-31": "2.14000", "2018-12-31": "2.14000", "2018-09-30": "2.37000", "2018-06-30": "1.31000", "2018-03-31": "2.04000", "2017-12-31": "0.07000", "2017-09-30": "-0.23000", "2017-06-30": "0.33000", "2017-03-31": "0.16000", "2016-12-31": "0.34000", "2016-09-30": "-1.61000", "2016-06-30": "-0.88000", "2016-03-31": "-0.50000", "2015-12-31": "-0.53000", "2015-09-30": "-0.57000", "2015-06-30": "-1.50000", "2015-03-31": "-0.50000", "2014-12-31": "-1.02000", "2014-09-30": "0.29000", "2014-06-30": "0.54000", "2014-03-31": "0.83000", "2013-12-31": "0.83000", "2013-09-30": "0.76000", "2013-06-30": "0.60000", "2013-03-31": "0.46000", "2012-12-31": "0.68000", "2012-09-30": "0.53000", "2012-06-30": "0.59000", "2012-03-31": "0.58000", "2011-12-31": "0.69000", "2011-09-30": "0.84000", "2011-06-30": "0.60000", "2011-03-31": "1.11000", "2010-12-31": "0.50000", "2010-09-30": "0.46000", "2010-06-30": "0.39000", "2010-03-31": "0.43000", "2009-12-31": "0.29000", "2009-09-30": "0.19000", "2009-06-30": "0.15000", "2009-03-31": "0.16000", "2008-12-31": "-1.81000", "2008-09-30": "0.40000", "2008-06-30": "0.39000", "2008-03-31": "0.42000", "2007-12-31": "0.46000", "2007-09-30": "0.39000", "2007-06-30": "0.37000", "2007-03-31": "0.39000", "2006-12-31": "0.31000", "2006-09-30": "-0.06000", "2006-06-30": "0.39000", "2006-03-31": "0.37000", "2005-12-31": "0.39000", "2005-09-30": "0.39000", "2005-06-30": "0.35000", "2005-03-31": "0.36000"}, "EPS - Earnings Per Share": {"2020-09-30": "2.16000", "2020-06-30": "1.85000", "2020-03-31": "1.65000", "2019-12-31": "3.09000", "2019-09-30": "2.50000", "2019-06-30": "2.26000", "2019-03-31": "2.12000", "2018-12-31": "2.12000", "2018-09-30": "2.34000", "2018-06-30": "1.29000", "2018-03-31": "2.01000", "2017-12-31": "0.07000", "2017-09-30": "-0.23000", "2017-06-30": "0.32000", "2017-03-31": "0.16000", "2016-12-31": "0.34000", "2016-09-30": "-1.61000", "2016-06-30": "-0.88000", "2016-03-31": "-0.50000", "2015-12-31": "-0.53000", "2015-09-30": "-0.57000", "2015-06-30": "-1.50000", "2015-03-31": "-0.50000", "2014-12-31": "-1.02000", "2014-09-30": "0.29000", "2014-06-30": "0.54000", "2014-03-31": "0.82000", "2013-12-31": "0.81000", "2013-09-30": "0.76000", "2013-06-30": "0.60000", "2013-03-31": "0.46000", "2012-12-31": "0.68000", "2012-09-30": "0.52000", "2012-06-30": "0.59000", "2012-03-31": "0.58000", "2011-12-31": "0.68000", "2011-09-30": "0.84000", "2011-06-30": "0.60000", "2011-03-31": "1.10000", "2010-12-31": "0.50000", "2010-09-30": "0.46000", "2010-06-30": "0.39000", "2010-03-31": "0.42000", "2009-12-31": "0.29000", "2009-09-30": "0.19000", "2009-06-30": "0.15000", "2009-03-31": "0.16000", "2008-12-31": "-1.81000", "2008-09-30": "0.40000", "2008-06-30": "0.39000", "2008-03-31": "0.42000", "2007-12-31": "0.45000", "2007-09-30": "0.39000", "2007-06-30": "0.37000", "2007-03-31": "0.39000", "2006-12-31": "0.30000", "2006-09-30": "-0.06000", "2006-06-30": "0.39000", "2006-03-31": "0.37000", "2005-12-31": "0.37000", "2005-09-30": "0.39000", "2005-06-30": "0.35000", "2005-03-31": "0.36000"}}, "balance sheet": {"Cash On Hand": {"2019-12-31": "30.00000", "2018-12-31": "44.00000", "2017-12-31": "62.00000", "2016-12-31": "156.00000", "2015-12-31": "192.00000", "2014-12-31": "418.00000", "2013-12-31": "413.20700", "2012-12-31": "388.88000", "2011-12-31": "218.81600", "2010-12-31": "173.12000", "2009-12-31": "154.73200", "2008-12-31": "120.56000", "2007-12-31": "139.14600", "2006-12-31": "260.94400", "2005-12-31": "544.23900"}, "Receivables": {"2019-12-31": "645.00000", "2018-12-31": "544.00000", "2017-12-31": "519.00000", "2016-12-31": "657.00000", "2015-12-31": "675.00000", "2014-12-31": "684.00000", "2013-12-31": "184.53900", "2012-12-31": "168.73200", "2011-12-31": "195.92100", "2010-12-31": "130.14300", "2009-12-31": "155.71600", "2008-12-31": "155.37600", "2007-12-31": "150.77500", "2006-12-31": "122.54000", "2005-12-31": "111.55100"}, "Inventory": {"2019-12-31": "474.00000", "2018-12-31": "520.00000", "2017-12-31": "458.00000", "2016-12-31": "345.00000", "2015-12-31": "397.00000", "2014-12-31": "394.00000", "2013-12-31": "121.02300", "2012-12-31": "123.35700", "2011-12-31": "133.28800", "2010-12-31": "112.97000", "2009-12-31": "79.92600", "2008-12-31": "100.19900", "2007-12-31": "85.03800", "2006-12-31": "81.19000", "2005-12-31": "63.63800"}, "Pre-Paid Expenses": {"2019-12-31": "46.00000", "2018-12-31": "54.00000", "2017-12-31": "24.00000", "2016-12-31": "64.00000", "2015-12-31": "70.00000", "2014-12-31": "53.00000", "2013-12-31": "15.52400", "2012-12-31": "16.41000", "2011-12-31": "22.91700", "2010-12-31": "11.50500", "2009-12-31": "9.77100", "2008-12-31": "9.00400", "2007-12-31": "31.10100", "2006-12-31": "5.55200", "2005-12-31": "5.09800"}, "Other Current Assets": {"2019-12-31": "", "2018-12-31": "", "2017-12-31": "", "2016-12-31": "", "2015-12-31": "", "2014-12-31": "", "2013-12-31": "", "2012-12-31": "", "2011-12-31": "", "2010-12-31": "", "2009-12-31": "", "2008-12-31": "", "2007-12-31": "", "2006-12-31": "", "2005-12-31": ""}, "Total Current Assets": {"2019-12-31": "1195.00000", "2018-12-31": "1162.00000", "2017-12-31": "1063.00000", "2016-12-31": "1222.00000", "2015-12-31": "1334.00000", "2014-12-31": "1672.00000", "2013-12-31": "754.10300", "2012-12-31": "710.86300", "2011-12-31": "584.87300", "2010-12-31": "591.57700", "2009-12-31": "410.93700", "2008-12-31": "396.81800", "2007-12-31": "420.83200", "2006-12-31": "479.69000", "2005-12-31": "732.71400"}, "Property, Plant, And Equipment": {"2019-12-31": "259.00000", "2018-12-31": "249.00000", "2017-12-31": "264.00000", "2016-12-31": "292.00000", "2015-12-31": "298.00000", "2014-12-31": "255.00000", "2013-12-31": "109.58800", "2012-12-31": "101.34900", "2011-12-31": "97.82200", "2010-12-31": "87.09300", "2009-12-31": "77.58900", "2008-12-31": "75.36300", "2007-12-31": "67.68600", "2006-12-31": "57.43100", "2005-12-31": "49.64300"}, "Long-Term Investments": {"2019-12-31": "", "2018-12-31": "", "2017-12-31": "", "2016-12-31": "", "2015-12-31": "", "2014-12-31": "", "2013-12-31": "", "2012-12-31": "5.19500", "2011-12-31": "107.87900", "2010-12-31": "85.47800", "2009-12-31": "91.98900", "2008-12-31": "104.32600", "2007-12-31": "142.03300", "2006-12-31": "298.24500", "2005-12-31": ""}, "Goodwill And Intangible Assets": {"2019-12-31": "2897.00000", "2018-12-31": "2727.00000", "2017-12-31": "2764.00000", "2016-12-31": "2938.00000", "2015-12-31": "3247.00000", "2014-12-31": "3519.00000", "2013-12-31": "224.76800", "2012-12-31": "134.09300", "2011-12-31": "92.37000", "2010-12-31": "89.45800", "2009-12-31": "209.20700", "2008-12-31": "217.71500", "2007-12-31": "365.93400", "2006-12-31": "104.73900", "2005-12-31": "88.09900"}, "Other Long-Term Assets": {"2019-12-31": "126.00000", "2018-12-31": "87.00000", "2017-12-31": "65.00000", "2016-12-31": "67.00000", "2015-12-31": "91.00000", "2014-12-31": "93.00000", "2013-12-31": "31.35300", "2012-12-31": "13.64600", "2011-12-31": "4.19600", "2010-12-31": "4.00400", "2009-12-31": "4.91500", "2008-12-31": "5.40500", "2007-12-31": "9.38600", "2006-12-31": "11.12000", "2005-12-31": "41.74300"}, "Total Long-Term Assets": {"2019-12-31": "3516.00000", "2018-12-31": "3177.00000", "2017-12-31": "3212.00000", "2016-12-31": "3410.00000", "2015-12-31": "3706.00000", "2014-12-31": "3867.00000", "2013-12-31": "365.70900", "2012-12-31": "256.88500", "2011-12-31": "314.13300", "2010-12-31": "287.28700", "2009-12-31": "419.54200", "2008-12-31": "454.06000", "2007-12-31": "613.44590", "2006-12-31": "483.45200", "2005-12-31": "185.70100"}, "Total Assets": {"2019-12-31": "4711.00000", "2018-12-31": "4339.00000", "2017-12-31": "4275.00000", "2016-12-31": "4632.00000", "2015-12-31": "5040.00000", "2014-12-31": "5539.00000", "2013-12-31": "1119.81200", "2012-12-31": "967.74800", "2011-12-31": "899.00600", "2010-12-31": "878.86400", "2009-12-31": "830.47900", "2008-12-31": "850.87800", "2007-12-31": "1034.27800", "2006-12-31": "963.14200", "2005-12-31": "918.41500"}, "Total Current Liabilities": {"2019-12-31": "1404.00000", "2018-12-31": "1301.00000", "2017-12-31": "1000.00000", "2016-12-31": "949.00000", "2015-12-31": "895.00000", "2014-12-31": "953.00000", "2013-12-31": "119.05400", "2012-12-31": "95.21400", "2011-12-31": "108.97400", "2010-12-31": "136.43400", "2009-12-31": "104.81000", "2008-12-31": "124.98700", "2007-12-31": "122.17200", "2006-12-31": "74.85400", "2005-12-31": "52.16000"}, "Long Term Debt": {"2019-12-31": "1080.00000", "2018-12-31": "1434.00000", "2017-12-31": "2176.00000", "2016-12-31": "2648.00000", "2015-12-31": "3012.00000", "2014-12-31": "3156.00000", "2013-12-31": "", "2012-12-31": "", "2011-12-31": "", "2010-12-31": "", "2009-12-31": "", "2008-12-31": "", "2007-12-31": "", "2006-12-31": "", "2005-12-31": ""}, "Other Non-Current Liabilities": {"2019-12-31": "67.00000", "2018-12-31": "89.00000", "2017-12-31": "117.00000", "2016-12-31": "116.00000", "2015-12-31": "115.00000", "2014-12-31": "74.00000", "2013-12-31": "5.95700", "2012-12-31": "14.22900", "2011-12-31": "11.51500", "2010-12-31": "10.19100", "2009-12-31": "9.43200", "2008-12-31": "10.25000", "2007-12-31": "8.45200", "2006-12-31": "9.96900", "2005-12-31": "7.70900"}, "Total Long Term Liabilities": {"2019-12-31": "1468.00000", "2018-12-31": "1703.00000", "2017-12-31": "2441.00000", "2016-12-31": "2891.00000", "2015-12-31": "3252.00000", "2014-12-31": "3546.00000", "2013-12-31": "42.10000", "2012-12-31": "15.53200", "2011-12-31": "13.10700", "2010-12-31": "12.39800", "2009-12-31": "13.54000", "2008-12-31": "15.15300", "2007-12-31": "9.41300", "2006-12-31": "10.60700", "2005-12-31": "8.28300"}, "Total Liabilities": {"2019-12-31": "2872.00000", "2018-12-31": "3004.00000", "2017-12-31": "3441.00000", "2016-12-31": "3840.00000", "2015-12-31": "4147.00000", "2014-12-31": "4499.00000", "2013-12-31": "161.15400", "2012-12-31": "110.74600", "2011-12-31": "122.08100", "2010-12-31": "148.83200", "2009-12-31": "118.35000", "2008-12-31": "140.14000", "2007-12-31": "131.58500", "2006-12-31": "85.46100", "2005-12-31": "60.44300"}, "Common Stock Net": {"2019-12-31": "1.00000", "2018-12-31": "1.00000", "2017-12-31": "1.00000", "2016-12-31": "1.00000", "2015-12-31": "1.00000", "2014-12-31": "1.00000", "2013-12-31": "0.72200", "2012-12-31": "0.72200", "2011-12-31": "0.72200", "2010-12-31": "0.72200", "2009-12-31": "0.72200", "2008-12-31": "0.72200", "2007-12-31": "0.72200", "2006-12-31": "0.72200", "2005-12-31": "0.72200"}, "Retained Earnings (Accumulated Deficit)": {"2019-12-31": "2232.00000", "2018-12-31": "1688.00000", "2017-12-31": "1248.00000", "2016-12-31": "1240.00000", "2015-12-31": "1377.00000", "2014-12-31": "1535.00000", "2013-12-31": "1502.87800", "2012-12-31": "1368.52000", "2011-12-31": "1245.61600", "2010-12-31": "1070.97300", "2009-12-31": "969.19500", "2008-12-31": "922.09100", "2007-12-31": "960.51200", "2006-12-31": "850.39900", "2005-12-31": "779.45300"}, "Comprehensive Income": {"2019-12-31": "-44.00000", "2018-12-31": "-35.00000", "2017-12-31": "-52.00000", "2016-12-31": "-45.00000", "2015-12-31": "-48.00000", "2014-12-31": "-9.00000", "2013-12-31": "-9.78100", "2012-12-31": "-10.32500", "2011-12-31": "-4.21300", "2010-12-31": "-9.34900", "2009-12-31": "-8.06100", "2008-12-31": "-12.78900", "2007-12-31": "4.99500", "2006-12-31": "6.81200", "2005-12-31": "2.37700"}, "Other Share Holders Equity": {"2019-12-31": "", "2018-12-31": "", "2017-12-31": "", "2016-12-31": "", "2015-12-31": "", "2014-12-31": "", "2013-12-31": "", "2012-12-31": "", "2011-12-31": "", "2010-12-31": "", "2009-12-31": "", "2008-12-31": "", "2007-12-31": "", "2006-12-31": "", "2005-12-31": ""}, "Share Holder Equity": {"2019-12-31": "1839.00000", "2018-12-31": "1335.00000", "2017-12-31": "834.00000", "2016-12-31": "792.00000", "2015-12-31": "893.00000", "2014-12-31": "1040.00000", "2013-12-31": "958.65800", "2012-12-31": "857.00200", "2011-12-31": "776.92500", "2010-12-31": "730.03200", "2009-12-31": "712.12900", "2008-12-31": "710.73800", "2007-12-31": "902.69300", "2006-12-31": "877.68100", "2005-12-31": "857.97200"}, "Total Liabilities And Share Holders Equity": {"2019-12-31": "4711.00000", "2018-12-31": "4339.00000", "2017-12-31": "4275.00000", "2016-12-31": "4632.00000", "2015-12-31": "5040.00000", "2014-12-31": "5539.00000", "2013-12-31": "1119.81200", "2012-12-31": "967.74800", "2011-12-31": "899.00600", "2010-12-31": "878.86400", "2009-12-31": "830.47900", "2008-12-31": "850.87800", "2007-12-31": "1034.27800", "2006-12-31": "963.14200", "2005-12-31": "918.41500"}}, "balance sheet, quarterly": {"Cash On Hand": {"2020-09-30": "39.00000", "2020-06-30": "63.00000", "2020-03-31": "24.00000", "2019-12-31": "30.00000", "2019-09-30": "33.00000", "2019-06-30": "27.00000", "2019-03-31": "61.00000", "2018-12-31": "44.00000", "2018-09-30": "45.00000", "2018-06-30": "46.00000", "2018-03-31": "64.00000", "2017-12-31": "62.00000", "2017-09-30": "88.00000", "2017-06-30": "95.00000", "2017-03-31": "180.00000", "2016-12-31": "156.00000", "2016-09-30": "163.00000", "2016-06-30": "141.00000", "2016-03-31": "194.00000", "2015-12-31": "192.00000", "2015-09-30": "258.02200", "2015-06-30": "204.91800", "2015-03-31": "329.53400", "2014-12-31": "418.00000", "2014-09-30": "541.92000", "2014-06-30": "525.99300", "2014-03-31": "465.56700", "2013-12-31": "413.20700", "2013-09-30": "463.73700", "2013-06-30": "445.68500", "2013-03-31": "414.12100", "2012-12-31": "388.88000", "2012-09-30": "212.94300", "2012-06-30": "252.85300", "2012-03-31": "217.11200", "2011-12-31": "218.81600", "2011-09-30": "190.96100", "2011-06-30": "256.53000", "2011-03-31": "244.56200", "2010-12-31": "173.12000", "2010-09-30": "172.12000", "2010-06-30": "179.15400", "2010-03-31": "174.15100", "2009-12-31": "154.73200", "2009-09-30": "131.85100", "2009-06-30": "118.05300", "2009-03-31": "94.32600", "2008-12-31": "120.56000", "2008-09-30": "130.28600", "2008-06-30": "125.72200", "2008-03-31": "156.95900", "2007-12-31": "139.14600", "2007-09-30": "298.83700", "2007-06-30": "209.30600", "2007-03-31": "185.23600", "2006-12-31": "260.94400", "2006-09-30": "204.72600", "2006-06-30": "207.40100", "2006-03-31": "216.30500", "2005-12-31": "544.23900", "2005-09-30": "529.72300", "2005-06-30": "573.81000", "2005-03-31": "573.20700"}, "Receivables": {"2020-09-30": "594.00000", "2020-06-30": "458.00000", "2020-03-31": "536.00000", "2019-12-31": "645.00000", "2019-09-30": "664.00000", "2019-06-30": "634.00000", "2019-03-31": "509.00000", "2018-12-31": "544.00000", "2018-09-30": "612.00000", "2018-06-30": "546.00000", "2018-03-31": "502.00000", "2017-12-31": "519.00000", "2017-09-30": "656.00000", "2017-06-30": "592.00000", "2017-03-31": "578.00000", "2016-12-31": "657.00000", "2016-09-30": "599.00000", "2016-06-30": "631.00000", "2016-03-31": "606.00000", "2015-12-31": "675.00000", "2015-09-30": "636.53700", "2015-06-30": "680.43300", "2015-03-31": "698.29300", "2014-12-31": "684.00000", "2014-09-30": "197.35600", "2014-06-30": "174.28600", "2014-03-31": "182.38600", "2013-12-31": "184.53900", "2013-09-30": "181.24300", "2013-06-30": "178.33700", "2013-03-31": "169.25500", "2012-12-31": "168.73200", "2012-09-30": "165.16000", "2012-06-30": "173.56500", "2012-03-31": "177.82100", "2011-12-31": "195.92100", "2011-09-30": "191.60100", "2011-06-30": "159.78100", "2011-03-31": "153.50800", "2010-12-31": "130.14300", "2010-09-30": "165.42300", "2010-06-30": "150.09200", "2010-03-31": "145.64200", "2009-12-31": "155.71600", "2009-09-30": "144.74400", "2009-06-30": "139.78600", "2009-03-31": "144.43300", "2008-12-31": "155.37600", "2008-09-30": "171.92800", "2008-06-30": "179.08100", "2008-03-31": "171.86200", "2007-12-31": "150.77500", "2007-09-30": "133.88000", "2007-06-30": "124.58400", "2007-03-31": "136.86700", "2006-12-31": "122.54000", "2006-09-30": "122.61400", "2006-06-30": "115.69300", "2006-03-31": "116.41500", "2005-12-31": "111.55100", "2005-09-30": "98.29800", "2005-06-30": "104.99900", "2005-03-31": "101.07800"}, "Inventory": {"2020-09-30": "484.00000", "2020-06-30": "513.00000", "2020-03-31": "443.00000", "2019-12-31": "474.00000", "2019-09-30": "468.00000", "2019-06-30": "484.00000", "2019-03-31": "510.00000", "2018-12-31": "520.00000", "2018-09-30": "493.00000", "2018-06-30": "465.00000", "2018-03-31": "448.00000", "2017-12-31": "458.00000", "2017-09-30": "492.00000", "2017-06-30": "414.00000", "2017-03-31": "376.00000", "2016-12-31": "345.00000", "2016-09-30": "345.00000", "2016-06-30": "362.00000", "2016-03-31": "386.00000", "2015-12-31": "397.00000", "2015-09-30": "408.15800", "2015-06-30": "404.47200", "2015-03-31": "405.46900", "2014-12-31": "394.00000", "2014-09-30": "139.62100", "2014-06-30": "126.10300", "2014-03-31": "119.37300", "2013-12-31": "121.02300", "2013-09-30": "106.62800", "2013-06-30": "109.14900", "2013-03-31": "116.41700", "2012-12-31": "123.35700", "2012-09-30": "122.91500", "2012-06-30": "116.68900", "2012-03-31": "126.11900", "2011-12-31": "133.28800", "2011-09-30": "120.37800", "2011-06-30": "118.10900", "2011-03-31": "120.50800", "2010-12-31": "112.97000", "2010-09-30": "95.84200", "2010-06-30": "85.01000", "2010-03-31": "81.56500", "2009-12-31": "79.92600", "2009-09-30": "79.80700", "2009-06-30": "92.89700", "2009-03-31": "101.24800", "2008-12-31": "100.19900", "2008-09-30": "106.26100", "2008-06-30": "101.33900", "2008-03-31": "89.44300", "2007-12-31": "85.03800", "2007-09-30": "84.51200", "2007-06-30": "79.47800", "2007-03-31": "79.56000", "2006-12-31": "81.19000", "2006-09-30": "82.07200", "2006-06-30": "77.36900", "2006-03-31": "66.60500", "2005-12-31": "63.63800", "2005-09-30": "63.68400", "2005-06-30": "63.56900", "2005-03-31": "63.90100"}, "Pre-Paid Expenses": {"2020-09-30": "75.00000", "2020-06-30": "60.00000", "2020-03-31": "48.00000", "2019-12-31": "46.00000", "2019-09-30": "66.00000", "2019-06-30": "43.00000", "2019-03-31": "62.00000", "2018-12-31": "54.00000", "2018-09-30": "51.00000", "2018-06-30": "52.00000", "2018-03-31": "39.00000", "2017-12-31": "24.00000", "2017-09-30": "30.00000", "2017-06-30": "35.00000", "2017-03-31": "35.00000", "2016-12-31": "64.00000", "2016-09-30": "90.00000", "2016-06-30": "88.00000", "2016-03-31": "95.00000", "2015-12-31": "70.00000", "2015-09-30": "83.09600", "2015-06-30": "67.30400", "2015-03-31": "68.97100", "2014-12-31": "53.00000", "2014-09-30": "22.67300", "2014-06-30": "13.05500", "2014-03-31": "13.87900", "2013-12-31": "15.52400", "2013-09-30": "14.42100", "2013-06-30": "16.24600", "2013-03-31": "17.37900", "2012-12-31": "16.41000", "2012-09-30": "14.45400", "2012-06-30": "25.47300", "2012-03-31": "15.03600", "2011-12-31": "22.91700", "2011-09-30": "20.30300", "2011-06-30": "13.67500", "2011-03-31": "10.25200", "2010-12-31": "11.50500", "2010-09-30": "11.04300", "2010-06-30": "18.64400", "2010-03-31": "14.28800", "2009-12-31": "9.77100", "2009-09-30": "10.50300", "2009-06-30": "10.41900", "2009-03-31": "11.78500", "2008-12-31": "9.00400", "2008-09-30": "12.91000", "2008-06-30": "8.91500", "2008-03-31": "10.77600", "2007-12-31": "31.10100", "2007-09-30": "5.97500", "2007-06-30": "6.24200", "2007-03-31": "5.97300", "2006-12-31": "5.55200", "2006-09-30": "6.68000", "2006-06-30": "6.01500", "2006-03-31": "5.49700", "2005-12-31": "5.09800", "2005-09-30": "5.17200", "2005-06-30": "5.35800", "2005-03-31": "4.46400"}, "Other Current Assets": {"2020-09-30": "", "2020-06-30": "", "2020-03-31": "", "2019-12-31": "", "2019-09-30": "", "2019-06-30": "", "2019-03-31": "", "2018-12-31": "", "2018-09-30": "", "2018-06-30": "", "2018-03-31": "", "2017-12-31": "", "2017-09-30": "", "2017-06-30": "", "2017-03-31": "", "2016-12-31": "", "2016-09-30": "68.00000", "2016-06-30": "", "2016-03-31": "", "2015-12-31": "", "2015-09-30": "", "2015-06-30": "", "2015-03-31": "", "2014-12-31": "", "2014-09-30": "", "2014-06-30": "", "2014-03-31": "", "2013-12-31": "", "2013-09-30": "", "2013-06-30": "", "2013-03-31": "", "2012-12-31": "", "2012-09-30": "", "2012-06-30": "", "2012-03-31": "", "2011-12-31": "", "2011-09-30": "", "2011-06-30": "", "2011-03-31": "", "2010-12-31": "", "2010-09-30": "", "2010-06-30": "", "2010-03-31": "", "2009-12-31": "", "2009-09-30": "", "2009-06-30": "", "2009-03-31": "", "2008-12-31": "", "2008-09-30": "", "2008-06-30": "", "2008-03-31": "", "2007-12-31": "", "2007-09-30": "", "2007-06-30": "", "2007-03-31": "", "2006-12-31": "", "2006-09-30": "", "2006-06-30": "", "2006-03-31": "", "2005-12-31": "", "2005-09-30": "", "2005-06-30": "", "2005-03-31": ""}, "Total Current Assets": {"2020-09-30": "1192.00000", "2020-06-30": "1094.00000", "2020-03-31": "1051.00000", "2019-12-31": "1195.00000", "2019-09-30": "1231.00000", "2019-06-30": "1188.00000", "2019-03-31": "1142.00000", "2018-12-31": "1162.00000", "2018-09-30": "1201.00000", "2018-06-30": "1109.00000", "2018-03-31": "1053.00000", "2017-12-31": "1063.00000", "2017-09-30": "1266.00000", "2017-06-30": "1136.00000", "2017-03-31": "1169.00000", "2016-12-31": "1222.00000", "2016-09-30": "1265.00000", "2016-06-30": "1222.00000", "2016-03-31": "1281.00000", "2015-12-31": "1334.00000", "2015-09-30": "1489.25500", "2015-06-30": "1456.12000", "2015-03-31": "1618.97400", "2014-12-31": "1672.00000", "2014-09-30": "921.05000", "2014-06-30": "859.24700", "2014-03-31": "801.01500", "2013-12-31": "754.10300", "2013-09-30": "779.46300", "2013-06-30": "762.60700", "2013-03-31": "730.13400", "2012-12-31": "710.86300", "2012-09-30": "530.97800", "2012-06-30": "581.75000", "2012-03-31": "550.28200", "2011-12-31": "584.87300", "2011-09-30": "539.71300", "2011-06-30": "567.84500", "2011-03-31": "548.53300", "2010-12-31": "591.57700", "2010-09-30": "455.71000", "2010-06-30": "443.46200", "2010-03-31": "426.20700", "2009-12-31": "410.93700", "2009-09-30": "378.21700", "2009-06-30": "373.36100", "2009-03-31": "363.51100", "2008-12-31": "396.81800", "2008-09-30": "436.33800", "2008-06-30": "429.68200", "2008-03-31": "443.52300", "2007-12-31": "420.83200", "2007-09-30": "536.73000", "2007-06-30": "434.22700", "2007-03-31": "421.81300", "2006-12-31": "479.69000", "2006-09-30": "425.56000", "2006-06-30": "414.89700", "2006-03-31": "412.91900", "2005-12-31": "732.71400", "2005-09-30": "705.72000", "2005-06-30": "756.48300", "2005-03-31": "750.03400"}, "Property, Plant, And Equipment": {"2020-09-30": "265.00000", "2020-06-30": "252.00000", "2020-03-31": "257.00000", "2019-12-31": "259.00000", "2019-09-30": "249.00000", "2019-06-30": "251.00000", "2019-03-31": "257.00000", "2018-12-31": "249.00000", "2018-09-30": "251.00000", "2018-06-30": "254.00000", "2018-03-31": "262.00000", "2017-12-31": "264.00000", "2017-09-30": "267.00000", "2017-06-30": "273.00000", "2017-03-31": "284.00000", "2016-12-31": "292.00000", "2016-09-30": "292.00000", "2016-06-30": "301.00000", "2016-03-31": "300.00000", "2015-12-31": "298.00000", "2015-09-30": "291.75400", "2015-06-30": "284.59300", "2015-03-31": "270.22800", "2014-12-31": "255.00000", "2014-09-30": "113.20600", "2014-06-30": "107.11500", "2014-03-31": "107.51100", "2013-12-31": "109.58800", "2013-09-30": "100.51500", "2013-06-30": "101.73700", "2013-03-31": "101.05400", "2012-12-31": "101.34900", "2012-09-30": "102.53700", "2012-06-30": "100.99200", "2012-03-31": "101.98500", "2011-12-31": "97.82200", "2011-09-30": "94.72600", "2011-06-30": "93.46200", "2011-03-31": "90.74500", "2010-12-31": "87.09300", "2010-09-30": "84.80900", "2010-06-30": "81.14100", "2010-03-31": "77.95100", "2009-12-31": "77.58900", "2009-09-30": "78.98400", "2009-06-30": "78.49400", "2009-03-31": "76.84000", "2008-12-31": "75.36300", "2008-09-30": "70.70000", "2008-06-30": "78.94800", "2008-03-31": "69.71600", "2007-12-31": "67.68600", "2007-09-30": "62.61600", "2007-06-30": "61.55900", "2007-03-31": "59.59600", "2006-12-31": "57.43100", "2006-09-30": "55.70000", "2006-06-30": "54.68400", "2006-03-31": "51.61000", "2005-12-31": "49.64300", "2005-09-30": "47.52300", "2005-06-30": "47.56400", "2005-03-31": "46.72200"}, "Long-Term Investments": {"2020-09-30": "", "2020-06-30": "", "2020-03-31": "", "2019-12-31": "", "2019-09-30": "", "2019-06-30": "", "2019-03-31": "", "2018-12-31": "", "2018-09-30": "", "2018-06-30": "", "2018-03-31": "", "2017-12-31": "", "2017-09-30": "", "2017-06-30": "", "2017-03-31": "", "2016-12-31": "", "2016-09-30": "", "2016-06-30": "", "2016-03-31": "", "2015-12-31": "", "2015-09-30": "", "2015-06-30": "", "2015-03-31": "", "2014-12-31": "", "2014-09-30": "", "2014-06-30": "", "2014-03-31": "2.58800", "2013-12-31": "", "2013-09-30": "2.58800", "2013-06-30": "8.35300", "2013-03-31": "3.44300", "2012-12-31": "5.19500", "2012-09-30": "155.85200", "2012-06-30": "133.96900", "2012-03-31": "145.13200", "2011-12-31": "107.87900", "2011-09-30": "108.08600", "2011-06-30": "86.34800", "2011-03-31": "130.81600", "2010-12-31": "85.47800", "2010-09-30": "90.07600", "2010-06-30": "76.04000", "2010-03-31": "79.94700", "2009-12-31": "91.98900", "2009-09-30": "91.42100", "2009-06-30": "88.93500", "2009-03-31": "94.98500", "2008-12-31": "104.32600", "2008-09-30": "116.57100", "2008-06-30": "144.42600", "2008-03-31": "149.32500", "2007-12-31": "142.03300", "2007-09-30": "170.52300", "2007-06-30": "285.76900", "2007-03-31": "267.24900", "2006-12-31": "298.24500", "2006-09-30": "342.89700", "2006-06-30": "377.44600", "2006-03-31": "353.21800", "2005-12-31": "", "2005-09-30": "", "2005-06-30": "", "2005-03-31": ""}, "Goodwill And Intangible Assets": {"2020-09-30": "3425.00000", "2020-06-30": "2863.00000", "2020-03-31": "2876.00000", "2019-12-31": "2897.00000", "2019-09-30": "2908.00000", "2019-06-30": "2945.00000", "2019-03-31": "2878.00000", "2018-12-31": "2727.00000", "2018-09-30": "2756.00000", "2018-06-30": "2714.00000", "2018-03-31": "2739.00000", "2017-12-31": "2764.00000", "2017-09-30": "2797.00000", "2017-06-30": "2844.00000", "2017-03-31": "2890.00000", "2016-12-31": "2938.00000", "2016-09-30": "2993.00000", "2016-06-30": "3133.00000", "2016-03-31": "3192.00000", "2015-12-31": "3247.00000", "2015-09-30": "3305.43400", "2015-06-30": "3380.86200", "2015-03-31": "3444.23200", "2014-12-31": "3519.00000", "2014-09-30": "214.54700", "2014-06-30": "219.42900", "2014-03-31": "222.09600", "2013-12-31": "224.76800", "2013-09-30": "128.53600", "2013-06-30": "130.36700", "2013-03-31": "132.23000", "2012-12-31": "134.09300", "2012-09-30": "134.36200", "2012-06-30": "90.83000", "2012-03-31": "91.60000", "2011-12-31": "92.37000", "2011-09-30": "87.14400", "2011-06-30": "87.78700", "2011-03-31": "88.62300", "2010-12-31": "89.45800", "2010-09-30": "204.01000", "2010-06-30": "203.60500", "2010-03-31": "205.77400", "2009-12-31": "209.20700", "2009-09-30": "212.13000", "2009-06-30": "213.99100", "2009-03-31": "214.32000", "2008-12-31": "217.71500", "2008-09-30": "379.26200", "2008-06-30": "380.57500", "2008-03-31": "362.95700", "2007-12-31": "365.93400", "2007-09-30": "224.11200", "2007-06-30": "209.88700", "2007-03-31": "211.98800", "2006-12-31": "104.73900", "2006-09-30": "103.20100", "2006-06-30": "89.79700", "2006-03-31": "87.65200", "2005-12-31": "88.09900", "2005-09-30": "88.89800", "2005-06-30": "83.90400", "2005-03-31": "76.05200"}, "Other Long-Term Assets": {"2020-09-30": "166.00000", "2020-06-30": "166.00000", "2020-03-31": "125.00000", "2019-12-31": "126.00000", "2019-09-30": "120.00000", "2019-06-30": "115.00000", "2019-03-31": "92.00000", "2018-12-31": "87.00000", "2018-09-30": "101.00000", "2018-06-30": "94.00000", "2018-03-31": "80.00000", "2017-12-31": "65.00000", "2017-09-30": "71.00000", "2017-06-30": "68.00000", "2017-03-31": "67.00000", "2016-12-31": "67.00000", "2016-09-30": "65.00000", "2016-06-30": "78.00000", "2016-03-31": "89.00000", "2015-12-31": "91.00000", "2015-09-30": "92.54700", "2015-06-30": "95.00500", "2015-03-31": "121.19600", "2014-12-31": "93.00000", "2014-09-30": "34.36700", "2014-06-30": "33.17800", "2014-03-31": "29.16900", "2013-12-31": "31.35300", "2013-09-30": "16.53600", "2013-06-30": "15.49100", "2013-03-31": "14.60200", "2012-12-31": "13.64600", "2012-09-30": "9.42500", "2012-06-30": "8.98900", "2012-03-31": "4.09200", "2011-12-31": "4.19600", "2011-09-30": "3.86200", "2011-06-30": "4.21100", "2011-03-31": "3.91400", "2010-12-31": "4.00400", "2010-09-30": "4.80600", "2010-06-30": "4.35000", "2010-03-31": "4.43500", "2009-12-31": "4.91500", "2009-09-30": "5.25400", "2009-06-30": "4.72400", "2009-03-31": "5.13400", "2008-12-31": "5.40500", "2008-09-30": "5.26900", "2008-06-30": "8.24000", "2008-03-31": "9.09500", "2007-12-31": "9.38600", "2007-09-30": "12.18400", "2007-06-30": "11.79300", "2007-03-31": "11.42500", "2006-12-31": "11.12000", "2006-09-30": "54.35800", "2006-06-30": "40.56500", "2006-03-31": "40.85700", "2005-12-31": "41.74300", "2005-09-30": "40.16000", "2005-06-30": "30.91200", "2005-03-31": "28.25800"}, "Total Long-Term Assets": {"2020-09-30": "4053.00000", "2020-06-30": "3513.00000", "2020-03-31": "3489.00000", "2019-12-31": "3516.00000", "2019-09-30": "3477.00000", "2019-06-30": "3513.00000", "2019-03-31": "3434.00000", "2018-12-31": "3177.00000", "2018-09-30": "3199.00000", "2018-06-30": "3166.00000", "2018-03-31": "3196.00000", "2017-12-31": "3212.00000", "2017-09-30": "3260.00000", "2017-06-30": "3309.00000", "2017-03-31": "3362.00000", "2016-12-31": "3410.00000", "2016-09-30": "3433.00000", "2016-06-30": "3583.00000", "2016-03-31": "3655.00000", "2015-12-31": "3706.00000", "2015-09-30": "3689.73500", "2015-06-30": "3760.46000", "2015-03-31": "3835.65600", "2014-12-31": "3867.00000", "2014-09-30": "362.12000", "2014-06-30": "359.72200", "2014-03-31": "361.36400", "2013-12-31": "365.70900", "2013-09-30": "248.17500", "2013-06-30": "255.94800", "2013-03-31": "253.46300", "2012-12-31": "256.88500", "2012-09-30": "409.71200", "2012-06-30": "347.04000", "2012-03-31": "354.80400", "2011-12-31": "314.13300", "2011-09-30": "312.05900", "2011-06-30": "303.52400", "2011-03-31": "345.67400", "2010-12-31": "287.28700", "2010-09-30": "415.93500", "2010-06-30": "398.49300", "2010-03-31": "400.75000", "2009-12-31": "419.54200", "2009-09-30": "435.21100", "2009-06-30": "435.31800", "2009-03-31": "439.31800", "2008-12-31": "454.06000", "2008-09-30": "601.48990", "2008-06-30": "640.78090", "2008-03-31": "623.08290", "2007-12-31": "613.44590", "2007-09-30": "501.33800", "2007-06-30": "598.39600", "2007-03-31": "579.24100", "2006-12-31": "483.45200", "2006-09-30": "562.50310", "2006-06-30": "570.95100", "2006-03-31": "539.55700", "2005-12-31": "185.70100", "2005-09-30": "176.58100", "2005-06-30": "162.38000", "2005-03-31": "151.03200"}, "Total Assets": {"2020-09-30": "5245.00000", "2020-06-30": "4607.00000", "2020-03-31": "4540.00000", "2019-12-31": "4711.00000", "2019-09-30": "4708.00000", "2019-06-30": "4701.00000", "2019-03-31": "4576.00000", "2018-12-31": "4339.00000", "2018-09-30": "4400.00000", "2018-06-30": "4275.00000", "2018-03-31": "4249.00000", "2017-12-31": "4275.00000", "2017-09-30": "4526.00000", "2017-06-30": "4445.00000", "2017-03-31": "4531.00000", "2016-12-31": "4632.00000", "2016-09-30": "4698.00000", "2016-06-30": "4805.00000", "2016-03-31": "4936.00000", "2015-12-31": "5040.00000", "2015-09-30": "5178.99000", "2015-06-30": "5216.58000", "2015-03-31": "5454.63000", "2014-12-31": "5539.00000", "2014-09-30": "1283.17000", "2014-06-30": "1218.96900", "2014-03-31": "1162.37900", "2013-12-31": "1119.81200", "2013-09-30": "1027.63800", "2013-06-30": "1018.55500", "2013-03-31": "983.59700", "2012-12-31": "967.74800", "2012-09-30": "940.69000", "2012-06-30": "928.79000", "2012-03-31": "905.08600", "2011-12-31": "899.00600", "2011-09-30": "851.77200", "2011-06-30": "871.36900", "2011-03-31": "894.20700", "2010-12-31": "878.86400", "2010-09-30": "871.64500", "2010-06-30": "841.95500", "2010-03-31": "826.95700", "2009-12-31": "830.47900", "2009-09-30": "813.42900", "2009-06-30": "808.67900", "2009-03-31": "802.82900", "2008-12-31": "850.87800", "2008-09-30": "1037.82800", "2008-06-30": "1070.46300", "2008-03-31": "1066.60600", "2007-12-31": "1034.27800", "2007-09-30": "1038.06800", "2007-06-30": "1032.62300", "2007-03-31": "1001.05400", "2006-12-31": "963.14200", "2006-09-30": "988.06300", "2006-06-30": "985.84800", "2006-03-31": "952.47600", "2005-12-31": "918.41500", "2005-09-30": "882.30100", "2005-06-30": "918.86300", "2005-03-31": "901.06600"}, "Total Current Liabilities": {"2020-09-30": "1765.00000", "2020-06-30": "1389.00000", "2020-03-31": "1237.00000", "2019-12-31": "1404.00000", "2019-09-30": "1306.00000", "2019-06-30": "1200.00000", "2019-03-31": "1146.00000", "2018-12-31": "1301.00000", "2018-09-30": "1105.00000", "2018-06-30": "1014.00000", "2018-03-31": "932.00000", "2017-12-31": "1000.00000", "2017-09-30": "1039.00000", "2017-06-30": "983.00000", "2017-03-31": "921.00000", "2016-12-31": "949.00000", "2016-09-30": "932.00000", "2016-06-30": "870.00000", "2016-03-31": "888.00000", "2015-12-31": "895.00000", "2015-09-30": "898.92400", "2015-06-30": "873.43400", "2015-03-31": "895.85100", "2014-12-31": "953.00000", "2014-09-30": "158.21400", "2014-06-30": "123.27800", "2014-03-31": "111.36400", "2013-12-31": "119.05400", "2013-09-30": "98.57300", "2013-06-30": "101.81500", "2013-03-31": "79.89200", "2012-12-31": "95.21400", "2012-09-30": "93.06700", "2012-06-30": "94.32500", "2012-03-31": "92.85300", "2011-12-31": "108.97400", "2011-09-30": "94.43600", "2011-06-30": "103.81500", "2011-03-31": "128.00900", "2010-12-31": "136.43400", "2010-09-30": "128.43800", "2010-06-30": "108.44300", "2010-03-31": "93.16800", "2009-12-31": "104.81000", "2009-09-30": "93.16500", "2009-06-30": "94.15100", "2009-03-31": "92.64400", "2008-12-31": "124.98700", "2008-09-30": "134.30800", "2008-06-30": "140.88200", "2008-03-31": "156.75900", "2007-12-31": "122.17200", "2007-09-30": "93.25700", "2007-06-30": "76.99000", "2007-03-31": "78.12900", "2006-12-31": "74.85400", "2006-09-30": "62.26500", "2006-06-30": "58.21000", "2006-03-31": "57.99600", "2005-12-31": "52.16000", "2005-09-30": "54.31300", "2005-06-30": "51.19900", "2005-03-31": "65.13700"}, "Long Term Debt": {"2020-09-30": "1086.00000", "2020-06-30": "986.00000", "2020-03-31": "1167.00000", "2019-12-31": "1080.00000", "2019-09-30": "1314.00000", "2019-06-30": "1561.00000", "2019-03-31": "1605.00000", "2018-12-31": "1434.00000", "2018-09-30": "1829.00000", "2018-06-30": "1914.00000", "2018-03-31": "2090.00000", "2017-12-31": "2176.00000", "2017-09-30": "2451.00000", "2017-06-30": "2418.00000", "2017-03-31": "2573.00000", "2016-12-31": "2648.00000", "2016-09-30": "2788.00000", "2016-06-30": "2873.00000", "2016-03-31": "2937.00000", "2015-12-31": "3012.00000", "2015-09-30": "3043.22500", "2015-06-30": "3040.36100", "2015-03-31": "3144.17700", "2014-12-31": "3156.00000", "2014-09-30": "", "2014-06-30": "", "2014-03-31": "", "2013-12-31": "", "2013-09-30": "", "2013-06-30": "", "2013-03-31": "", "2012-12-31": "", "2012-09-30": "", "2012-06-30": "", "2012-03-31": "", "2011-12-31": "", "2011-09-30": "", "2011-06-30": "", "2011-03-31": "", "2010-12-31": "", "2010-09-30": "", "2010-06-30": "", "2010-03-31": "", "2009-12-31": "", "2009-09-30": "", "2009-06-30": "", "2009-03-31": "", "2008-12-31": "", "2008-09-30": "", "2008-06-30": "", "2008-03-31": "", "2007-12-31": "", "2007-09-30": "", "2007-06-30": "", "2007-03-31": "", "2006-12-31": "", "2006-09-30": "", "2006-06-30": "", "2006-03-31": "", "2005-12-31": "", "2005-09-30": "0.07500", "2005-06-30": "0.08900", "2005-03-31": "0.10300"}, "Other Non-Current Liabilities": {"2020-09-30": "105.00000", "2020-06-30": "92.00000", "2020-03-31": "88.00000", "2019-12-31": "67.00000", "2019-09-30": "86.00000", "2019-06-30": "88.00000", "2019-03-31": "77.00000", "2018-12-31": "89.00000", "2018-09-30": "92.00000", "2018-06-30": "124.00000", "2018-03-31": "102.00000", "2017-12-31": "117.00000", "2017-09-30": "93.00000", "2017-06-30": "108.00000", "2017-03-31": "112.00000", "2016-12-31": "116.00000", "2016-09-30": "129.00000", "2016-06-30": "127.00000", "2016-03-31": "132.00000", "2015-12-31": "115.00000", "2015-09-30": "85.57700", "2015-06-30": "86.03400", "2015-03-31": "88.37300", "2014-12-31": "74.00000", "2014-09-30": "19.02400", "2014-06-30": "17.67400", "2014-03-31": "15.51500", "2013-12-31": "5.95700", "2013-09-30": "15.23000", "2013-06-30": "17.28500", "2013-03-31": "16.09600", "2012-12-31": "14.22900", "2012-09-30": "13.18800", "2012-06-30": "11.96500", "2012-03-31": "11.67400", "2011-12-31": "11.51500", "2011-09-30": "9.69300", "2011-06-30": "10.04400", "2011-03-31": "9.99300", "2010-12-31": "10.19100", "2010-09-30": "9.64700", "2010-06-30": "9.58100", "2010-03-31": "9.16800", "2009-12-31": "9.43200", "2009-09-30": "9.47900", "2009-06-30": "10.52900", "2009-03-31": "10.84700", "2008-12-31": "10.25000", "2008-09-30": "9.25100", "2008-06-30": "9.87800", "2008-03-31": "9.68100", "2007-12-31": "8.45200", "2007-09-30": "11.47300", "2007-06-30": "11.52700", "2007-03-31": "11.11000", "2006-12-31": "9.96900", "2006-09-30": "6.21900", "2006-06-30": "5.99900", "2006-03-31": "5.89800", "2005-12-31": "7.70900", "2005-09-30": "5.14500", "2005-06-30": "4.88300", "2005-03-31": "5.13700"}, "Total Long Term Liabilities": {"2020-09-30": "1549.00000", "2020-06-30": "1415.00000", "2020-03-31": "1576.00000", "2019-12-31": "1468.00000", "2019-09-30": "1708.00000", "2019-06-30": "1942.00000", "2019-03-31": "1963.00000", "2018-12-31": "1703.00000", "2018-09-30": "2082.00000", "2018-06-30": "2188.00000", "2018-03-31": "2336.00000", "2017-12-31": "2441.00000", "2017-09-30": "2673.00000", "2017-06-30": "2650.00000", "2017-03-31": "2815.00000", "2016-12-31": "2891.00000", "2016-09-30": "3018.00000", "2016-06-30": "3118.00000", "2016-03-31": "3187.00000", "2015-12-31": "3252.00000", "2015-09-30": "3366.03800", "2015-06-30": "3391.55600", "2015-03-31": "3532.78100", "2014-12-31": "3546.00000", "2014-09-30": "48.20700", "2014-06-30": "47.62900", "2014-03-31": "42.07500", "2013-12-31": "42.10000", "2013-09-30": "18.72200", "2013-06-30": "20.16100", "2013-03-31": "17.34100", "2012-12-31": "15.53200", "2012-09-30": "14.59400", "2012-06-30": "13.48600", "2012-03-31": "13.17000", "2011-12-31": "13.10700", "2011-09-30": "11.38800", "2011-06-30": "11.85400", "2011-03-31": "11.79200", "2010-12-31": "12.39800", "2010-09-30": "12.50000", "2010-06-30": "12.85900", "2010-03-31": "12.87000", "2009-12-31": "13.54000", "2009-09-30": "13.72000", "2009-06-30": "15.10400", "2009-03-31": "15.54900", "2008-12-31": "15.15300", "2008-09-30": "14.39400", "2008-06-30": "12.09000", "2008-03-31": "10.69200", "2007-12-31": "9.41300", "2007-09-30": "12.25500", "2007-06-30": "12.26200", "2007-03-31": "11.79700", "2006-12-31": "10.60700", "2006-09-30": "6.78600", "2006-06-30": "6.56900", "2006-03-31": "6.47000", "2005-12-31": "8.28300", "2005-09-30": "7.51800", "2005-06-30": "9.00900", "2005-03-31": "6.96200"}, "Total Liabilities": {"2020-09-30": "3314.00000", "2020-06-30": "2804.00000", "2020-03-31": "2813.00000", "2019-12-31": "2872.00000", "2019-09-30": "3014.00000", "2019-06-30": "3142.00000", "2019-03-31": "3109.00000", "2018-12-31": "3004.00000", "2018-09-30": "3187.00000", "2018-06-30": "3202.00000", "2018-03-31": "3268.00000", "2017-12-31": "3441.00000", "2017-09-30": "3712.00000", "2017-06-30": "3633.00000", "2017-03-31": "3736.00000", "2016-12-31": "3840.00000", "2016-09-30": "3950.00000", "2016-06-30": "3988.00000", "2016-03-31": "4075.00000", "2015-12-31": "4147.00000", "2015-09-30": "4264.96200", "2015-06-30": "4264.99000", "2015-03-31": "4428.63200", "2014-12-31": "4499.00000", "2014-09-30": "206.42100", "2014-06-30": "170.90700", "2014-03-31": "153.43900", "2013-12-31": "161.15400", "2013-09-30": "117.29500", "2013-06-30": "121.97600", "2013-03-31": "97.23300", "2012-12-31": "110.74600", "2012-09-30": "107.66100", "2012-06-30": "107.81100", "2012-03-31": "106.02300", "2011-12-31": "122.08100", "2011-09-30": "105.82400", "2011-06-30": "115.66900", "2011-03-31": "139.80100", "2010-12-31": "148.83200", "2010-09-30": "140.93800", "2010-06-30": "121.30200", "2010-03-31": "106.03800", "2009-12-31": "118.35000", "2009-09-30": "106.88500", "2009-06-30": "109.25500", "2009-03-31": "108.19300", "2008-12-31": "140.14000", "2008-09-30": "148.70200", "2008-06-30": "152.97200", "2008-03-31": "167.45100", "2007-12-31": "131.58500", "2007-09-30": "105.51200", "2007-06-30": "89.25200", "2007-03-31": "89.92600", "2006-12-31": "85.46100", "2006-09-30": "69.05100", "2006-06-30": "64.77900", "2006-03-31": "64.46600", "2005-12-31": "60.44300", "2005-09-30": "61.83100", "2005-06-30": "60.20800", "2005-03-31": "72.09900"}, "Common Stock Net": {"2020-09-30": "1.00000", "2020-06-30": "1.00000", "2020-03-31": "1.00000", "2019-12-31": "1.00000", "2019-09-30": "1.00000", "2019-06-30": "1.00000", "2019-03-31": "1.00000", "2018-12-31": "1.00000", "2018-09-30": "1.00000", "2018-06-30": "1.00000", "2018-03-31": "1.00000", "2017-12-31": "1.00000", "2017-09-30": "1.00000", "2017-06-30": "1.00000", "2017-03-31": "1.00000", "2016-12-31": "1.00000", "2016-09-30": "1.00000", "2016-06-30": "1.00000", "2016-03-31": "1.00000", "2015-12-31": "1.00000", "2015-09-30": "0.72200", "2015-06-30": "0.72200", "2015-03-31": "0.72200", "2014-12-31": "1.00000", "2014-09-30": "0.72200", "2014-06-30": "0.72200", "2014-03-31": "0.72200", "2013-12-31": "0.72200", "2013-09-30": "0.72200", "2013-06-30": "0.72200", "2013-03-31": "0.72200", "2012-12-31": "0.72200", "2012-09-30": "0.72200", "2012-06-30": "0.72200", "2012-03-31": "0.72200", "2011-12-31": "0.72200", "2011-09-30": "0.72200", "2011-06-30": "0.72200", "2011-03-31": "0.72200", "2010-12-31": "0.72200", "2010-09-30": "0.72200", "2010-06-30": "0.72200", "2010-03-31": "0.72200", "2009-12-31": "0.72200", "2009-09-30": "0.72200", "2009-06-30": "0.72200", "2009-03-31": "0.72200", "2008-12-31": "0.72200", "2008-09-30": "0.72200", "2008-06-30": "0.72200", "2008-03-31": "0.72200", "2007-12-31": "0.72200", "2007-09-30": "0.72200", "2007-06-30": "0.72200", "2007-03-31": "0.72200", "2006-12-31": "0.72200", "2006-09-30": "0.72200", "2006-06-30": "0.72200", "2006-03-31": "0.72200", "2005-12-31": "0.72200", "2005-09-30": "0.72200", "2005-06-30": "0.72100", "2005-03-31": "0.72000"}, "Retained Earnings (Accumulated Deficit)": {"2020-09-30": "2537.00000", "2020-06-30": "2421.00000", "2020-03-31": "2321.00000", "2019-12-31": "2232.00000", "2019-09-30": "2063.00000", "2019-06-30": "1927.00000", "2019-03-31": "1803.00000", "2018-12-31": "1688.00000", "2018-09-30": "1573.00000", "2018-06-30": "1446.00000", "2018-03-31": "1376.00000", "2017-12-31": "1248.00000", "2017-09-30": "1244.00000", "2017-06-30": "1256.00000", "2017-03-31": "1239.00000", "2016-12-31": "1240.00000", "2016-09-30": "1223.00000", "2016-06-30": "1306.00000", "2016-03-31": "1351.00000", "2015-12-31": "1377.00000", "2015-09-30": "1404.80200", "2015-06-30": "1433.75200", "2015-03-31": "1510.01000", "2014-12-31": "1535.00000", "2014-09-30": "1586.98600", "2014-06-30": "1572.04100", "2014-03-31": "1544.48400", "2013-12-31": "1502.87800", "2013-09-30": "1461.22800", "2013-06-30": "1422.62800", "2013-03-31": "1392.06200", "2012-12-31": "1368.52000", "2012-09-30": "1333.53000", "2012-06-30": "1306.43300", "2012-03-31": "1275.78000", "2011-12-31": "1245.61600", "2011-09-30": "1210.57200", "2011-06-30": "1165.57100", "2011-03-31": "1132.60700", "2010-12-31": "1070.97300", "2010-09-30": "1042.75600", "2010-06-30": "1016.60500", "2010-03-31": "993.92800", "2009-12-31": "969.19500", "2009-09-30": "951.56500", "2009-06-30": "940.45400", "2009-03-31": "931.44300", "2008-12-31": "922.09100", "2008-09-30": "1039.45200", "2008-06-30": "1013.68200", "2008-03-31": "988.15600", "2007-12-31": "960.51200", "2007-09-30": "929.70900", "2007-06-30": "902.74800", "2007-03-31": "877.11500", "2006-12-31": "850.39900", "2006-09-30": "828.95300", "2006-06-30": "833.21600", "2006-03-31": "805.54400", "2005-12-31": "779.45300", "2005-09-30": "789.79800", "2005-06-30": "760.35900", "2005-03-31": "733.59600"}, "Comprehensive Income": {"2020-09-30": "-62.00000", "2020-06-30": "-58.00000", "2020-03-31": "-51.00000", "2019-12-31": "-44.00000", "2019-09-30": "-31.00000", "2019-06-30": "-40.00000", "2019-03-31": "-31.00000", "2018-12-31": "-35.00000", "2018-09-30": "-29.00000", "2018-06-30": "-30.00000", "2018-03-31": "-46.00000", "2017-12-31": "-52.00000", "2017-09-30": "-55.00000", "2017-06-30": "-57.00000", "2017-03-31": "-49.00000", "2016-12-31": "-45.00000", "2016-09-30": "-61.00000", "2016-06-30": "-64.00000", "2016-03-31": "-66.00000", "2015-12-31": "-48.00000", "2015-09-30": "-46.35600", "2015-06-30": "-25.64600", "2015-03-31": "-15.63600", "2014-12-31": "-9.00000", "2014-09-30": "-3.69100", "2014-06-30": "-8.09200", "2014-03-31": "-9.18700", "2013-12-31": "-9.78100", "2013-09-30": "-9.98700", "2013-06-30": "-9.59500", "2013-03-31": "-8.56000", "2012-12-31": "-10.32500", "2012-09-30": "-9.29000", "2012-06-30": "-5.74700", "2012-03-31": "-8.20600", "2011-12-31": "-4.21300", "2011-09-30": "-7.44400", "2011-06-30": "-12.59500", "2011-03-31": "-12.67200", "2010-12-31": "-9.34900", "2010-09-30": "-10.32400", "2010-06-30": "-9.38400", "2010-03-31": "-8.75100", "2009-12-31": "-8.06100", "2009-09-30": "-7.89600", "2009-06-30": "-7.88100", "2009-03-31": "-13.77500", "2008-12-31": "-12.78900", "2008-09-30": "4.98200", "2008-06-30": "5.77100", "2008-03-31": "3.54200", "2007-12-31": "4.99500", "2007-09-30": "7.01700", "2007-06-30": "7.95800", "2007-03-31": "6.74000", "2006-12-31": "6.81200", "2006-09-30": "4.36700", "2006-06-30": "0.84400", "2006-03-31": "-1.33600", "2005-12-31": "2.37700", "2005-09-30": "4.11100", "2005-06-30": "4.69800", "2005-03-31": "5.40900"}, "Other Share Holders Equity": {"2020-09-30": "", "2020-06-30": "", "2020-03-31": "", "2019-12-31": "", "2019-09-30": "", "2019-06-30": "", "2019-03-31": "", "2018-12-31": "", "2018-09-30": "", "2018-06-30": "", "2018-03-31": "", "2017-12-31": "", "2017-09-30": "", "2017-06-30": "", "2017-03-31": "", "2016-12-31": "", "2016-09-30": "", "2016-06-30": "", "2016-03-31": "", "2015-12-31": "", "2015-09-30": "", "2015-06-30": "", "2015-03-31": "", "2014-12-31": "", "2014-09-30": "", "2014-06-30": "", "2014-03-31": "", "2013-12-31": "", "2013-09-30": "", "2013-06-30": "", "2013-03-31": "", "2012-12-31": "", "2012-09-30": "", "2012-06-30": "", "2012-03-31": "", "2011-12-31": "", "2011-09-30": "", "2011-06-30": "", "2011-03-31": "", "2010-12-31": "", "2010-09-30": "", "2010-06-30": "", "2010-03-31": "", "2009-12-31": "", "2009-09-30": "", "2009-06-30": "", "2009-03-31": "", "2008-12-31": "", "2008-09-30": "", "2008-06-30": "", "2008-03-31": "", "2007-12-31": "", "2007-09-30": "", "2007-06-30": "", "2007-03-31": "", "2006-12-31": "", "2006-09-30": "", "2006-06-30": "", "2006-03-31": "", "2005-12-31": "", "2005-09-30": "", "2005-06-30": "", "2005-03-31": ""}, "Share Holder Equity": {"2020-09-30": "1931.00000", "2020-06-30": "1803.00000", "2020-03-31": "1727.00000", "2019-12-31": "1839.00000", "2019-09-30": "1694.00000", "2019-06-30": "1559.00000", "2019-03-31": "1467.00000", "2018-12-31": "1335.00000", "2018-09-30": "1213.00000", "2018-06-30": "1073.00000", "2018-03-31": "981.00000", "2017-12-31": "834.00000", "2017-09-30": "814.00000", "2017-06-30": "812.00000", "2017-03-31": "795.00000", "2016-12-31": "792.00000", "2016-09-30": "748.00000", "2016-06-30": "817.00000", "2016-03-31": "861.00000", "2015-12-31": "893.00000", "2015-09-30": "914.02800", "2015-06-30": "951.59000", "2015-03-31": "1025.99800", "2014-12-31": "1040.00000", "2014-09-30": "1076.74900", "2014-06-30": "1048.06200", "2014-03-31": "1008.94000", "2013-12-31": "958.65800", "2013-09-30": "910.34300", "2013-06-30": "896.57900", "2013-03-31": "886.36400", "2012-12-31": "857.00200", "2012-09-30": "833.02900", "2012-06-30": "820.97900", "2012-03-31": "799.06300", "2011-12-31": "776.92500", "2011-09-30": "745.94800", "2011-06-30": "755.70000", "2011-03-31": "754.40600", "2010-12-31": "730.03200", "2010-09-30": "730.70700", "2010-06-30": "720.65300", "2010-03-31": "720.91900", "2009-12-31": "712.12900", "2009-09-30": "706.54400", "2009-06-30": "699.42400", "2009-03-31": "694.63600", "2008-12-31": "710.73800", "2008-09-30": "889.12600", "2008-06-30": "917.49100", "2008-03-31": "899.15500", "2007-12-31": "902.69300", "2007-09-30": "932.55600", "2007-06-30": "943.37100", "2007-03-31": "911.12800", "2006-12-31": "877.68100", "2006-09-30": "919.01200", "2006-06-30": "921.06900", "2006-03-31": "888.01000", "2005-12-31": "857.97200", "2005-09-30": "820.47000", "2005-06-30": "858.65500", "2005-03-31": "828.96700"}, "Total Liabilities And Share Holders Equity": {"2020-09-30": "5245.00000", "2020-06-30": "4607.00000", "2020-03-31": "4540.00000", "2019-12-31": "4711.00000", "2019-09-30": "4708.00000", "2019-06-30": "4701.00000", "2019-03-31": "4576.00000", "2018-12-31": "4339.00000", "2018-09-30": "4400.00000", "2018-06-30": "4275.00000", "2018-03-31": "4249.00000", "2017-12-31": "4275.00000", "2017-09-30": "4526.00000", "2017-06-30": "4445.00000", "2017-03-31": "4531.00000", "2016-12-31": "4632.00000", "2016-09-30": "4698.00000", "2016-06-30": "4805.00000", "2016-03-31": "4936.00000", "2015-12-31": "5040.00000", "2015-09-30": "5178.99000", "2015-06-30": "5216.58000", "2015-03-31": "5454.63000", "2014-12-31": "5539.00000", "2014-09-30": "1283.17000", "2014-06-30": "1218.96900", "2014-03-31": "1162.37900", "2013-12-31": "1119.81200", "2013-09-30": "1027.63800", "2013-06-30": "1018.55500", "2013-03-31": "983.59700", "2012-12-31": "967.74800", "2012-09-30": "940.69000", "2012-06-30": "928.79000", "2012-03-31": "905.08600", "2011-12-31": "899.00600", "2011-09-30": "851.77200", "2011-06-30": "871.36900", "2011-03-31": "894.20700", "2010-12-31": "878.86400", "2010-09-30": "871.64500", "2010-06-30": "841.95500", "2010-03-31": "826.95700", "2009-12-31": "830.47900", "2009-09-30": "813.42900", "2009-06-30": "808.67900", "2009-03-31": "802.82900", "2008-12-31": "850.87800", "2008-09-30": "1037.82800", "2008-06-30": "1070.46300", "2008-03-31": "1066.60600", "2007-12-31": "1034.27800", "2007-09-30": "1038.06800", "2007-06-30": "1032.62300", "2007-03-31": "1001.05400", "2006-12-31": "963.14200", "2006-09-30": "988.06300", "2006-06-30": "985.84800", "2006-03-31": "952.47600", "2005-12-31": "918.41500", "2005-09-30": "882.30100", "2005-06-30": "918.86300", "2005-03-31": "901.06600"}}, "cash flow statement": {"Net Income/Loss": {"2019-12-31": "544.00000", "2018-12-31": "421.00000", "2017-12-31": "17.00000", "2016-12-31": "-137.00000", "2015-12-31": "-158.00000", "2014-12-31": "32.00000", "2013-12-31": "134.00000", "2012-12-31": "122.90400", "2011-12-31": "174.64300", "2010-12-31": "101.77800", "2009-12-31": "47.10400", "2008-12-31": "-38.42100", "2007-12-31": "110.11300", "2006-12-31": "70.94600", "2005-12-31": "106.18400"}, "Total Depreciation And Amortization - Cash Flow": {"2019-12-31": "181.00000", "2018-12-31": "190.00000", "2017-12-31": "301.00000", "2016-12-31": "389.00000", "2015-12-31": "336.00000", "2014-12-31": "83.00000", "2013-12-31": "32.00000", "2012-12-31": "35.29100", "2011-12-31": "24.00000", "2010-12-31": "31.20900", "2009-12-31": "32.91300", "2008-12-31": "38.58100", "2007-12-31": "26.90200", "2006-12-31": "16.08700", "2005-12-31": "13.10400"}, "Other Non-Cash Items": {"2019-12-31": "23.00000", "2018-12-31": "34.00000", "2017-12-31": "94.00000", "2016-12-31": "-7.00000", "2015-12-31": "-101.00000", "2014-12-31": "-21.00000", "2013-12-31": "17.00000", "2012-12-31": "20.59700", "2011-12-31": "-44.74300", "2010-12-31": "10.22200", "2009-12-31": "24.73300", "2008-12-31": "155.38200", "2007-12-31": "10.52200", "2006-12-31": "10.51300", "2005-12-31": "3.87200"}, "Total Non-Cash Items": {"2019-12-31": "204.00000", "2018-12-31": "224.00000", "2017-12-31": "395.00000", "2016-12-31": "382.00000", "2015-12-31": "235.00000", "2014-12-31": "62.00000", "2013-12-31": "49.00000", "2012-12-31": "55.88800", "2011-12-31": "-20.74300", "2010-12-31": "41.43100", "2009-12-31": "57.64600", "2008-12-31": "193.96300", "2007-12-31": "37.42400", "2006-12-31": "26.60000", "2005-12-31": "16.97600"}, "Change In Accounts Receivable": {"2019-12-31": "-96.00000", "2018-12-31": "-31.00000", "2017-12-31": "161.00000", "2016-12-31": "34.00000", "2015-12-31": "2.00000", "2014-12-31": "-70.00000", "2013-12-31": "-7.00000", "2012-12-31": "-8.64700", "2011-12-31": "-3.26900", "2010-12-31": "-4.60300", "2009-12-31": "8.74700", "2008-12-31": "-21.89100", "2007-12-31": "4.45300", "2006-12-31": "-4.29200", "2005-12-31": "-20.42200"}, "Change In Inventories": {"2019-12-31": "51.00000", "2018-12-31": "-43.00000", "2017-12-31": "-110.00000", "2016-12-31": "34.00000", "2015-12-31": "-13.00000", "2014-12-31": "-2.00000", "2013-12-31": "3.00000", "2012-12-31": "11.53000", "2011-12-31": "-19.54500", "2010-12-31": "-33.88400", "2009-12-31": "22.31500", "2008-12-31": "-26.22200", "2007-12-31": "-0.13400", "2006-12-31": "-13.43000", "2005-12-31": "-6.20400"}, "Change In Accounts Payable": {"2019-12-31": "-5.00000", "2018-12-31": "122.00000", "2017-12-31": "-49.00000", "2016-12-31": "122.00000", "2015-12-31": "-21.00000", "2014-12-31": "62.00000", "2013-12-31": "7.00000", "2012-12-31": "-14.60500", "2011-12-31": "-5.43900", "2010-12-31": "6.61900", "2009-12-31": "-16.10500", "2008-12-31": "17.89100", "2007-12-31": "-3.41800", "2006-12-31": "-1.86900", "2005-12-31": "3.79200"}, "Change In Assets/Liabilities": {"2019-12-31": "51.00000", "2018-12-31": "39.00000", "2017-12-31": "33.00000", "2016-12-31": "14.00000", "2015-12-31": "9.00000", "2014-12-31": "-3.00000", "2013-12-31": "2.00000", "2012-12-31": "11.65500", "2011-12-31": "-26.85200", "2010-12-31": "0.79900", "2009-12-31": "4.23300", "2008-12-31": "8.52300", "2007-12-31": "-1.64600", "2006-12-31": "-1.41000", "2005-12-31": "-8.13100"}, "Total Change In Assets/Liabilities": {"2019-12-31": "-48.00000", "2018-12-31": "146.00000", "2017-12-31": "74.00000", "2016-12-31": "137.00000", "2015-12-31": "19.00000", "2014-12-31": "146.00000", "2013-12-31": "11.00000", "2012-12-31": "12.07500", "2011-12-31": "-81.17400", "2010-12-31": "1.29700", "2009-12-31": "0.86700", "2008-12-31": "-21.27200", "2007-12-31": "14.72200", "2006-12-31": "-8.92900", "2005-12-31": "-37.28800"}, "Cash Flow From Operating Activities": {"2019-12-31": "685.00000", "2018-12-31": "785.00000", "2017-12-31": "478.00000", "2016-12-31": "380.00000", "2015-12-31": "122.00000", "2014-12-31": "248.00000", "2013-12-31": "194.00000", "2012-12-31": "183.33100", "2011-12-31": "78.30800", "2010-12-31": "141.83700", "2009-12-31": "105.69800", "2008-12-31": "138.28200", "2007-12-31": "158.12000", "2006-12-31": "88.06500", "2005-12-31": "89.29300"}, "Net Change In Property, Plant, And Equipment": {"2019-12-31": "-61.00000", "2018-12-31": "-64.00000", "2017-12-31": "-50.00000", "2016-12-31": "-77.00000", "2015-12-31": "-122.00000", "2014-12-31": "-39.00000", "2013-12-31": "-20.00000", "2012-12-31": "-22.44300", "2011-12-31": "-26.91800", "2010-12-31": "-30.72100", "2009-12-31": "-24.89000", "2008-12-31": "-40.88900", "2007-12-31": "-22.07000", "2006-12-31": "-19.19700", "2005-12-31": "-14.28600"}, "Net Change In Intangible Assets": {"2019-12-31": "", "2018-12-31": "", "2017-12-31": "", "2016-12-31": "", "2015-12-31": "", "2014-12-31": "", "2013-12-31": "-2.00000", "2012-12-31": "-3.50000", "2011-12-31": "-1.23200", "2010-12-31": "-3.49700", "2009-12-31": "-0.42500", "2008-12-31": "-1.38400", "2007-12-31": "-4.80000", "2006-12-31": "-18.09100", "2005-12-31": "-13.75400"}, "Net Acquisitions/Divestitures": {"2019-12-31": "-262.00000", "2018-12-31": "-72.00000", "2017-12-31": "", "2016-12-31": "39.00000", "2015-12-31": "-52.00000", "2014-12-31": "-3399.00000", "2013-12-31": "-95.00000", "2012-12-31": "-32.29600", "2011-12-31": "161.20600", "2010-12-31": "", "2009-12-31": "", "2008-12-31": "-18.58800", "2007-12-31": "-286.76100", "2006-12-31": "-2.68100", "2005-12-31": "-7.79700"}, "Net Change In Short-term Investments": {"2019-12-31": "", "2018-12-31": "", "2017-12-31": "", "2016-12-31": "", "2015-12-31": "", "2014-12-31": "", "2013-12-31": "", "2012-12-31": "", "2011-12-31": "", "2010-12-31": "", "2009-12-31": "", "2008-12-31": "", "2007-12-31": "", "2006-12-31": "", "2005-12-31": ""}, "Net Change In Long-Term Investments": {"2019-12-31": "-12.00000", "2018-12-31": "-1.00000", "2017-12-31": "-1.00000", "2016-12-31": "-1.00000", "2015-12-31": "26.00000", "2014-12-31": "327.00000", "2013-12-31": "-36.00000", "2012-12-31": "-47.29600", "2011-12-31": "-79.83600", "2010-12-31": "-5.39800", "2009-12-31": "-15.33600", "2008-12-31": "67.49900", "2007-12-31": "256.89000", "2006-12-31": "21.44300", "2005-12-31": "11.36400"}, "Net Change In Investments - Total": {"2019-12-31": "-12.00000", "2018-12-31": "-1.00000", "2017-12-31": "-1.00000", "2016-12-31": "-1.00000", "2015-12-31": "26.00000", "2014-12-31": "327.00000", "2013-12-31": "-36.00000", "2012-12-31": "-47.29600", "2011-12-31": "-79.83600", "2010-12-31": "-5.39800", "2009-12-31": "-15.33600", "2008-12-31": "67.49900", "2007-12-31": "256.89000", "2006-12-31": "21.44300", "2005-12-31": "11.36400"}, "Investing Activities - Other": {"2019-12-31": "", "2018-12-31": "", "2017-12-31": "", "2016-12-31": "", "2015-12-31": "", "2014-12-31": "", "2013-12-31": "", "2012-12-31": "", "2011-12-31": "", "2010-12-31": "", "2009-12-31": "", "2008-12-31": "14.79600", "2007-12-31": "", "2006-12-31": "", "2005-12-31": ""}, "Cash Flow From Investing Activities": {"2019-12-31": "-335.00000", "2018-12-31": "-137.00000", "2017-12-31": "-51.00000", "2016-12-31": "-39.00000", "2015-12-31": "-148.00000", "2014-12-31": "-3111.00000", "2013-12-31": "-153.00000", "2012-12-31": "-105.53500", "2011-12-31": "53.22000", "2010-12-31": "-39.61600", "2009-12-31": "-40.65100", "2008-12-31": "21.43400", "2007-12-31": "-56.74100", "2006-12-31": "-18.52600", "2005-12-31": "-24.47300"}, "Net Long-Term Debt": {"2019-12-31": "-312.00000", "2018-12-31": "-657.00000", "2017-12-31": "-454.00000", "2016-12-31": "-382.00000", "2015-12-31": "-165.00000", "2014-12-31": "3189.00000", "2013-12-31": "", "2012-12-31": "", "2011-12-31": "", "2010-12-31": "", "2009-12-31": "", "2008-12-31": "", "2007-12-31": "", "2006-12-31": "", "2005-12-31": "-0.17100"}, "Net Current Debt": {"2019-12-31": "", "2018-12-31": "", "2017-12-31": "", "2016-12-31": "", "2015-12-31": "", "2014-12-31": "", "2013-12-31": "", "2012-12-31": "", "2011-12-31": "", "2010-12-31": "", "2009-12-31": "", "2008-12-31": "", "2007-12-31": "", "2006-12-31": "", "2005-12-31": ""}, "Debt Issuance/Retirement Net - Total": {"2019-12-31": "-312.00000", "2018-12-31": "-657.00000", "2017-12-31": "-454.00000", "2016-12-31": "-382.00000", "2015-12-31": "-165.00000", "2014-12-31": "3189.00000", "2013-12-31": "", "2012-12-31": "", "2011-12-31": "", "2010-12-31": "", "2009-12-31": "", "2008-12-31": "", "2007-12-31": "", "2006-12-31": "", "2005-12-31": "-0.17100"}, "Net Common Equity Issued/Repurchased": {"2019-12-31": "-47.00000", "2018-12-31": "", "2017-12-31": "", "2016-12-31": "11.00000", "2015-12-31": "17.00000", "2014-12-31": "26.00000", "2013-12-31": "-40.00000", "2012-12-31": "-51.01200", "2011-12-31": "-147.19100", "2010-12-31": "-93.11600", "2009-12-31": "-60.47300", "2008-12-31": "-150.43700", "2007-12-31": "-103.71900", "2006-12-31": "-57.81900", "2005-12-31": "-58.66800"}, "Net Total Equity Issued/Repurchased": {"2019-12-31": "-47.00000", "2018-12-31": "", "2017-12-31": "", "2016-12-31": "11.00000", "2015-12-31": "17.00000", "2014-12-31": "26.00000", "2013-12-31": "-40.00000", "2012-12-31": "-51.01200", "2011-12-31": "-147.19100", "2010-12-31": "-93.11600", "2009-12-31": "-60.47300", "2008-12-31": "-150.43700", "2007-12-31": "-103.71900", "2006-12-31": "-57.81900", "2005-12-31": "-58.66800"}, "Total Common And Preferred Stock Dividends Paid": {"2019-12-31": "", "2018-12-31": "", "2017-12-31": "", "2016-12-31": "", "2015-12-31": "", "2014-12-31": "", "2013-12-31": "", "2012-12-31": "", "2011-12-31": "", "2010-12-31": "", "2009-12-31": "", "2008-12-31": "", "2007-12-31": "", "2006-12-31": "", "2005-12-31": ""}, "Financial Activities - Other": {"2019-12-31": "-6.00000", "2018-12-31": "-4.00000", "2017-12-31": "-63.00000", "2016-12-31": "-13.00000", "2015-12-31": "-13.00000", "2014-12-31": "-23.00000", "2013-12-31": "-4.00000", "2012-12-31": "1.57800", "2011-12-31": "1.39200", "2010-12-31": "0.24400", "2009-12-31": "0.01300", "2008-12-31": "0.19200", "2007-12-31": "0.92100", "2006-12-31": "1.51400", "2005-12-31": "2.25800"}, "Cash Flow From Financial Activities": {"2019-12-31": "-365.00000", "2018-12-31": "-661.00000", "2017-12-31": "-517.00000", "2016-12-31": "-384.00000", "2015-12-31": "-161.00000", "2014-12-31": "3192.00000", "2013-12-31": "-44.00000", "2012-12-31": "-49.43400", "2011-12-31": "-145.79900", "2010-12-31": "-92.87200", "2009-12-31": "-60.46000", "2008-12-31": "-150.24500", "2007-12-31": "-102.79800", "2006-12-31": "-56.30500", "2005-12-31": "-56.58100"}, "Net Cash Flow": {"2019-12-31": "-14.00000", "2018-12-31": "-18.00000", "2017-12-31": "-94.00000", "2016-12-31": "-36.00000", "2015-12-31": "-202.00000", "2014-12-31": "331.00000", "2013-12-31": "-2.00000", "2012-12-31": "28.32200", "2011-12-31": "-11.13500", "2010-12-31": "10.30400", "2009-12-31": "7.42200", "2008-12-31": "-4.94400", "2007-12-31": "-1.43700", "2006-12-31": "15.20600", "2005-12-31": "6.45900"}, "Stock-Based Compensation": {"2019-12-31": "48.00000", "2018-12-31": "45.00000", "2017-12-31": "35.00000", "2016-12-31": "27.00000", "2015-12-31": "31.00000", "2014-12-31": "20.00000", "2013-12-31": "13.00000", "2012-12-31": "14.72700", "2011-12-31": "14.09500", "2010-12-31": "11.87100", "2009-12-31": "11.46700", "2008-12-31": "14.96200", "2007-12-31": "15.06700", "2006-12-31": "7.54000", "2005-12-31": "8.18300"}, "Common Stock Dividends Paid": {"2019-12-31": "", "2018-12-31": "", "2017-12-31": "", "2016-12-31": "", "2015-12-31": "", "2014-12-31": "", "2013-12-31": "", "2012-12-31": "", "2011-12-31": "", "2010-12-31": "", "2009-12-31": "", "2008-12-31": "", "2007-12-31": "", "2006-12-31": "", "2005-12-31": ""}}, "cash flow statement, quarterly": {"Net Income/Loss": {"2020-09-30": 116, "2020-06-30": 100, "2020-03-31": "89.00000", "2019-12-31": 169, "2019-09-30": 136, "2019-06-30": 124, "2019-03-31": "115.00000", "2018-12-31": 115, "2018-09-30": 127, "2018-06-30": 70, "2018-03-31": "109.00000", "2017-12-31": 4, "2017-09-30": -12, "2017-06-30": 17, "2017-03-31": "8.00000", "2016-12-31": 17, "2016-09-30": -83, "2016-06-30": -45, "2016-03-31": "-26.00000", "2015-12-31": -27, "2015-09-30": -29, "2015-06-30": -77, "2015-03-31": "-25.00000", "2014-12-31": -52.108, "2014-09-30": 14.945, "2014-06-30": 27.557, "2014-03-31": "41.60600", "2013-12-31": 41.292, "2013-09-30": 38.6, "2013-06-30": 30.566, "2013-03-31": "23.54200", "2012-12-31": 34.99, "2012-09-30": 27.097, "2012-06-30": 30.653, "2012-03-31": "30.16400", "2011-12-31": 35.044, "2011-09-30": 45.001, "2011-06-30": 32.964, "2011-03-31": "61.63400", "2010-12-31": 28.217, "2010-09-30": 26.151, "2010-06-30": 22.677, "2010-03-31": "24.73300", "2009-12-31": 17.63, "2009-09-30": 11.111, "2009-06-30": 9.011, "2009-03-31": "9.35200", "2008-12-31": -117.361, "2008-09-30": 25.77, "2008-06-30": 25.526, "2008-03-31": "27.64400", "2007-12-31": 30.803, "2007-09-30": 26.961, "2007-06-30": 25.633, "2007-03-31": "26.71600", "2006-12-31": 21.446, "2006-09-30": -4.263, "2006-06-30": 27.672, "2006-03-31": "26.09100", "2005-12-31": 26.845, "2005-09-30": 28.075, "2005-06-30": 25.445, "2005-03-31": "25.81900"}, "Total Depreciation And Amortization - Cash Flow": {"2020-09-30": 36, "2020-06-30": 34, "2020-03-31": "35.00000", "2019-12-31": 36, "2019-09-30": 48, "2019-06-30": 49, "2019-03-31": "48.00000", "2018-12-31": 47, "2018-09-30": 48, "2018-06-30": 50, "2018-03-31": "45.00000", "2017-12-31": 62, "2017-09-30": 88, "2017-06-30": 78, "2017-03-31": "73.00000", "2016-12-31": 72, "2016-09-30": 152, "2016-06-30": 83, "2016-03-31": "82.00000", "2015-12-31": 83, "2015-09-30": 81, "2015-06-30": 87, "2015-03-31": "85.00000", "2014-12-31": 55.777, "2014-09-30": 9.127, "2014-06-30": 9.093, "2014-03-31": "9.00300", "2013-12-31": 8.688, "2013-09-30": 7.9, "2013-06-30": 8.04, "2013-03-31": "7.37200", "2012-12-31": 16.385, "2012-09-30": 6.942, "2012-06-30": 6.005, "2012-03-31": "5.95900", "2011-12-31": 6.015, "2011-09-30": 5.834, "2011-06-30": 6.219, "2011-03-31": "5.93200", "2010-12-31": 7.511, "2010-09-30": 7.677, "2010-06-30": 8.207, "2010-03-31": "7.81400", "2009-12-31": 8.504, "2009-09-30": 8.462, "2009-06-30": 7.994, "2009-03-31": "7.95300", "2008-12-31": 10.163, "2008-09-30": 9.811, "2008-06-30": 9.519, "2008-03-31": "9.08800", "2007-12-31": 7.718, "2007-09-30": 6.941, "2007-06-30": 6.39, "2007-03-31": "5.85300", "2006-12-31": 4.749, "2006-09-30": 4.038, "2006-06-30": 3.631, "2006-03-31": "3.66900", "2005-12-31": 3.545, "2005-09-30": 3.16, "2005-06-30": 3.306, "2005-03-31": "3.09300"}, "Other Non-Cash Items": {"2020-09-30": 6, "2020-06-30": 19, "2020-03-31": "38.00000", "2019-12-31": -37, "2019-09-30": 18, "2019-06-30": 33, "2019-03-31": "9.00000", "2018-12-31": 4, "2018-09-30": 19, "2018-06-30": 16, "2018-03-31": "-5.00000", "2017-12-31": 38, "2017-09-30": 50, "2017-06-30": 7, "2017-03-31": "-1.00000", "2016-12-31": -26, "2016-09-30": 2, "2016-06-30": 3, "2016-03-31": "14.00000", "2015-12-31": -86, "2015-09-30": 2, "2015-06-30": -22, "2015-03-31": "5.00000", "2014-12-31": -34.75, "2014-09-30": 5.126, "2014-06-30": 6.023, "2014-03-31": "2.60100", "2013-12-31": 6.738, "2013-09-30": 2.864, "2013-06-30": 4.484, "2013-03-31": "2.91400", "2012-12-31": -0.83, "2012-09-30": 14.839, "2012-06-30": 3.162, "2012-03-31": "3.42600", "2011-12-31": 6.133, "2011-09-30": 6.442, "2011-06-30": 3.503, "2011-03-31": "-60.82100", "2010-12-31": -1, "2010-09-30": 3.18, "2010-06-30": 2.361, "2010-03-31": "5.68100", "2009-12-31": 12.499, "2009-09-30": 5.996, "2009-06-30": -0.192, "2009-03-31": "6.43000", "2008-12-31": 150.534, "2008-09-30": 1.628, "2008-06-30": 3.407, "2008-03-31": "-0.18700", "2007-12-31": 2.995, "2007-09-30": 1.7, "2007-06-30": 2.212, "2007-03-31": "3.61500", "2006-12-31": 9.475, "2006-09-30": 2.653, "2006-06-30": -0.616, "2006-03-31": "-0.99900", "2005-12-31": 1.351, "2005-09-30": -0.494, "2005-06-30": 1.998, "2005-03-31": "1.01700"}, "Total Non-Cash Items": {"2020-09-30": 42, "2020-06-30": 53, "2020-03-31": "73.00000", "2019-12-31": -1, "2019-09-30": 66, "2019-06-30": 82, "2019-03-31": "57.00000", "2018-12-31": 51, "2018-09-30": 67, "2018-06-30": 66, "2018-03-31": "40.00000", "2017-12-31": 100, "2017-09-30": 138, "2017-06-30": 85, "2017-03-31": "72.00000", "2016-12-31": 46, "2016-09-30": 154, "2016-06-30": 86, "2016-03-31": "96.00000", "2015-12-31": -3, "2015-09-30": 83, "2015-06-30": 65, "2015-03-31": "90.00000", "2014-12-31": 21.027, "2014-09-30": 14.253, "2014-06-30": 15.116, "2014-03-31": "11.60400", "2013-12-31": 15.426, "2013-09-30": 10.764, "2013-06-30": 12.524, "2013-03-31": "10.28600", "2012-12-31": 15.555, "2012-09-30": 21.781, "2012-06-30": 9.167, "2012-03-31": "9.38500", "2011-12-31": 12.148, "2011-09-30": 12.276, "2011-06-30": 9.722, "2011-03-31": "-54.88900", "2010-12-31": 6.511, "2010-09-30": 10.857, "2010-06-30": 10.568, "2010-03-31": "13.49500", "2009-12-31": 21.003, "2009-09-30": 14.458, "2009-06-30": 7.802, "2009-03-31": "14.38300", "2008-12-31": 160.697, "2008-09-30": 11.439, "2008-06-30": 12.926, "2008-03-31": "8.90100", "2007-12-31": 10.713, "2007-09-30": 8.641, "2007-06-30": 8.602, "2007-03-31": "9.46800", "2006-12-31": 14.224, "2006-09-30": 6.691, "2006-06-30": 3.015, "2006-03-31": "2.67000", "2005-12-31": 4.896, "2005-09-30": 2.666, "2005-06-30": 5.304, "2005-03-31": "4.11000"}, "Change In Accounts Receivable": {"2020-09-30": -105, "2020-06-30": 93, "2020-03-31": "108.00000", "2019-12-31": -23, "2019-09-30": -36, "2019-06-30": -65, "2019-03-31": "28.00000", "2018-12-31": 62, "2018-09-30": -67, "2018-06-30": -35, "2018-03-31": "9.00000", "2017-12-31": 123, "2017-09-30": -66, "2017-06-30": 25, "2017-03-31": "79.00000", "2016-12-31": -12, "2016-09-30": 3, "2016-06-30": -22, "2016-03-31": "65.00000", "2015-12-31": -39, "2015-09-30": -7, "2015-06-30": 20, "2015-03-31": "28.00000", "2014-12-31": -59.19, "2014-09-30": -22.169, "2014-06-30": 16.152, "2014-03-31": "-4.79300", "2013-12-31": -0.359, "2013-09-30": -4.665, "2013-06-30": -1.46, "2013-03-31": "-0.51600", "2012-12-31": -2.539, "2012-09-30": -5.451, "2012-06-30": 1.205, "2012-03-31": "-1.86200", "2011-12-31": 6.843, "2011-09-30": -15.974, "2011-06-30": -6.701, "2011-03-31": "12.56300", "2010-12-31": 9.86, "2010-09-30": -12.507, "2010-06-30": -5.946, "2010-03-31": "3.99000", "2009-12-31": -5.05, "2009-09-30": -3.715, "2009-06-30": 4.494, "2009-03-31": "13.01800", "2008-12-31": 7.763, "2008-09-30": 0.126, "2008-06-30": -8.387, "2008-03-31": "-21.39300", "2007-12-31": 5.503, "2007-09-30": -7.726, "2007-06-30": 13.741, "2007-03-31": "-7.06500", "2006-12-31": -3.146, "2006-09-30": -0.667, "2006-06-30": 3.819, "2006-03-31": "-4.29800", "2005-12-31": -14.981, "2005-09-30": 6.683, "2005-06-30": -6.967, "2005-03-31": "-5.15700"}, "Change In Inventories": {"2020-09-30": 29, "2020-06-30": -69, "2020-03-31": "33.00000", "2019-12-31": -14, "2019-09-30": 16, "2019-06-30": 26, "2019-03-31": "23.00000", "2018-12-31": -27, "2018-09-30": -5, "2018-06-30": -17, "2018-03-31": "6.00000", "2017-12-31": 35, "2017-09-30": -77, "2017-06-30": -37, "2017-03-31": "-31.00000", "2016-12-31": -4, "2016-09-30": 3, "2016-06-30": 23, "2016-03-31": "12.00000", "2015-12-31": 13, "2015-09-30": -3, "2015-06-30": 2, "2015-03-31": "-25.00000", "2014-12-31": 16.606, "2014-09-30": -13.545, "2014-06-30": -6.724, "2014-03-31": "1.66300", "2013-12-31": -13.702, "2013-09-30": 2.512, "2013-06-30": 7.247, "2013-03-31": "6.94300", "2012-12-31": -0.451, "2012-09-30": -4.618, "2012-06-30": 9.43, "2012-03-31": "7.16900", "2011-12-31": -12.91, "2011-09-30": -1.931, "2011-06-30": 2.432, "2011-03-31": "-7.13600", "2010-12-31": -17.912, "2010-09-30": -10.589, "2010-06-30": -3.603, "2010-03-31": "-1.78000", "2009-12-31": -0.317, "2009-09-30": 12.499, "2009-06-30": 11.533, "2009-03-31": "-1.40000", "2008-12-31": -3.647, "2008-09-30": -7.821, "2008-06-30": -10.92, "2008-03-31": "-3.83400", "2007-12-31": -0.391, "2007-09-30": -3.258, "2007-06-30": 0.736, "2007-03-31": "2.77900", "2006-12-31": 3.316, "2006-09-30": -4.017, "2006-06-30": -9.912, "2006-03-31": "-2.81700", "2005-12-31": -0.656, "2005-09-30": -0.206, "2005-06-30": -0.516, "2005-03-31": "-4.82600"}, "Change In Accounts Payable": {"2020-09-30": 39, "2020-06-30": 63, "2020-03-31": "-109.00000", "2019-12-31": 46, "2019-09-30": 30, "2019-06-30": 16, "2019-03-31": "-97.00000", "2018-12-31": 53, "2018-09-30": 48, "2018-06-30": 33, "2018-03-31": "-12.00000", "2017-12-31": -59, "2017-09-30": -3, "2017-06-30": 65, "2017-03-31": "-52.00000", "2016-12-31": 59, "2016-09-30": 12, "2016-06-30": 31, "2016-03-31": "20.00000", "2015-12-31": -29, "2015-09-30": 51, "2015-06-30": -16, "2015-03-31": "-27.00000", "2014-12-31": 54.025, "2014-09-30": 13.311, "2014-06-30": -2.901, "2014-03-31": "-2.43500", "2013-12-31": 7.445, "2013-09-30": -3.708, "2013-06-30": 10.382, "2013-03-31": "-7.11900", "2012-12-31": -3.762, "2012-09-30": -1.249, "2012-06-30": -6.216, "2012-03-31": "-3.37800", "2011-12-31": 3.054, "2011-09-30": -3.798, "2011-06-30": 2.455, "2011-03-31": "-7.15000", "2010-12-31": -0.128, "2010-09-30": 0.075, "2010-06-30": 5.802, "2010-03-31": "0.87000", "2009-12-31": 5.111, "2009-09-30": -6.737, "2009-06-30": -7.94, "2009-03-31": "-6.53900", "2008-12-31": 10.318, "2008-09-30": -5.556, "2008-06-30": 10.228, "2008-03-31": "2.90100", "2007-12-31": 2.598, "2007-09-30": 1.006, "2007-06-30": 5.253, "2007-03-31": "-12.27500", "2006-12-31": -0.482, "2006-09-30": 0.971, "2006-06-30": -0.133, "2006-03-31": "-2.22500", "2005-12-31": 3.656, "2005-09-30": 1.791, "2005-06-30": -1.015, "2005-03-31": "-0.64000"}, "Change In Assets/Liabilities": {"2020-09-30": 12, "2020-06-30": 34, "2020-03-31": "15.00000", "2019-12-31": 28, "2019-09-30": 2, "2019-06-30": 13, "2019-03-31": "8.00000", "2018-12-31": 21, "2018-09-30": 5, "2018-06-30": 1, "2018-03-31": "12.00000", "2017-12-31": -11, "2017-09-30": 9, "2017-06-30": -12, "2017-03-31": "47.00000", "2016-12-31": -4, "2016-09-30": -7, "2016-06-30": 21, "2016-03-31": "4.00000", "2015-12-31": 34, "2015-09-30": -24, "2015-06-30": -17, "2015-03-31": "16.00000", "2014-12-31": 5.192, "2014-09-30": -11.277, "2014-06-30": -0.016, "2014-03-31": "3.10100", "2013-12-31": -2.009, "2013-09-30": 1.111, "2013-06-30": 1.417, "2013-03-31": "1.48100", "2012-12-31": -3.059, "2012-09-30": 12.727, "2012-06-30": -8.559, "2012-03-31": "10.54600", "2011-12-31": 0.005, "2011-09-30": -9.8, "2011-06-30": 0.382, "2011-03-31": "-17.43900", "2010-12-31": 3.521, "2010-09-30": 6.279, "2010-06-30": -7.607, "2010-03-31": "-1.39400", "2009-12-31": 1.381, "2009-09-30": 1.034, "2009-06-30": -0.482, "2009-03-31": "2.30000", "2008-12-31": -5.686, "2008-09-30": 5.931, "2008-06-30": 4.277, "2008-03-31": "4.00100", "2007-12-31": -3.545, "2007-09-30": 2.278, "2007-06-30": -3.557, "2007-03-31": "3.17800", "2006-12-31": -0.253, "2006-09-30": -3.544, "2006-06-30": 1.424, "2006-03-31": "0.96300", "2005-12-31": -0.814, "2005-09-30": 1.041, "2005-06-30": -3.047, "2005-03-31": "-5.31100"}, "Total Change In Assets/Liabilities": {"2020-09-30": 1, "2020-06-30": 100, "2020-03-31": "-56.00000", "2019-12-31": 108, "2019-09-30": 28, "2019-06-30": -54, "2019-03-31": "-130.00000", "2018-12-31": 171, "2018-09-30": 2, "2018-06-30": 10, "2018-03-31": "-37.00000", "2017-12-31": 166, "2017-09-30": -120, "2017-06-30": -13, "2017-03-31": "41.00000", "2016-12-31": 64, "2016-09-30": 54, "2016-06-30": 0, "2016-03-31": "19.00000", "2015-12-31": 6, "2015-09-30": 49, "2015-06-30": -5, "2015-03-31": "-31.00000", "2014-12-31": 147.809, "2014-09-30": -14.097, "2014-06-30": 16.276, "2014-03-31": "-3.98800", "2013-12-31": 0.591, "2013-09-30": -2.348, "2013-06-30": 24.106, "2013-03-31": "-11.34900", "2012-12-31": -1.039, "2012-09-30": 5.487, "2012-06-30": 5.898, "2012-03-31": "1.72900", "2011-12-31": -7.073, "2011-09-30": -35.56, "2011-06-30": -29.991, "2011-03-31": "-8.55000", "2010-12-31": 4.649, "2010-09-30": 0.108, "2010-06-30": -0.323, "2010-03-31": "-3.13700", "2009-12-31": 4.585, "2009-09-30": 5.926, "2009-06-30": 14.978, "2009-03-31": "-24.62200", "2008-12-31": 12.889, "2008-09-30": -8.954, "2008-06-30": -26.501, "2008-03-31": "1.29400", "2007-12-31": 9.056, "2007-09-30": 4.371, "2007-06-30": 11.482, "2007-03-31": "-10.18700", "2006-12-31": 10.129, "2006-09-30": -10.247, "2006-06-30": -6.593, "2006-03-31": "-2.21800", "2005-12-31": -16.353, "2005-09-30": 10.527, "2005-06-30": -22.935, "2005-03-31": "-8.52700"}, "Cash Flow From Operating Activities": {"2020-09-30": 176, "2020-06-30": 247, "2020-03-31": "108.00000", "2019-12-31": 265, "2019-09-30": 225, "2019-06-30": 153, "2019-03-31": "42.00000", "2018-12-31": 325, "2018-09-30": 194, "2018-06-30": 150, "2018-03-31": "116.00000", "2017-12-31": 268, "2017-09-30": 7, "2017-06-30": 86, "2017-03-31": "117.00000", "2016-12-31": 128, "2016-09-30": 128, "2016-06-30": 28, "2016-03-31": "96.00000", "2015-12-31": 6, "2015-09-30": 96, "2015-06-30": -16, "2015-03-31": "36.00000", "2014-12-31": 118.322, "2014-09-30": 19.765, "2014-06-30": 60.158, "2014-03-31": "49.75500", "2013-12-31": 57.011, "2013-09-30": 45.933, "2013-06-30": 66.892, "2013-03-31": "24.16400", "2012-12-31": 48.348, "2012-09-30": 50.328, "2012-06-30": 48.102, "2012-03-31": "36.55300", "2011-12-31": 43.585, "2011-09-30": 27.235, "2011-06-30": 12.657, "2011-03-31": "-5.16900", "2010-12-31": 40.099, "2010-09-30": 34.408, "2010-06-30": 37.156, "2010-03-31": "30.17400", "2009-12-31": 42.715, "2009-09-30": 30.555, "2009-06-30": 33.642, "2009-03-31": "-1.21400", "2008-12-31": 57.776, "2008-09-30": 29.954, "2008-06-30": 18.348, "2008-03-31": "32.20400", "2007-12-31": 48.434, "2007-09-30": 36.97, "2007-06-30": 45.885, "2007-03-31": "26.83100", "2006-12-31": 47.31, "2006-09-30": -7.623, "2006-06-30": 22.755, "2006-03-31": "25.62300", "2005-12-31": 17.249, "2005-09-30": 41.296, "2005-06-30": 9.714, "2005-03-31": "21.03400"}, "Net Change In Property, Plant, And Equipment": {"2020-09-30": -16, "2020-06-30": -20, "2020-03-31": "-13.00000", "2019-12-31": -17, "2019-09-30": -14, "2019-06-30": -15, "2019-03-31": "-15.00000", "2018-12-31": -16, "2018-09-30": -15, "2018-06-30": -15, "2018-03-31": "-18.00000", "2017-12-31": -14, "2017-09-30": -14, "2017-06-30": -9, "2017-03-31": "-13.00000", "2016-12-31": -28, "2016-09-30": -14, "2016-06-30": -16, "2016-03-31": "-19.00000", "2015-12-31": -35, "2015-09-30": -38, "2015-06-30": -23, "2015-03-31": "-26.00000", "2014-12-31": -18.977, "2014-09-30": -12.061, "2014-06-30": -5.588, "2014-03-31": "-2.37400", "2013-12-31": -6.478, "2013-09-30": -4.975, "2013-06-30": -6.595, "2013-03-31": "-1.95200", "2012-12-31": -5.303, "2012-09-30": -6.541, "2012-06-30": -2.945, "2012-03-31": "-7.65400", "2011-12-31": -9.089, "2011-09-30": -6.597, "2011-06-30": -7.31, "2011-03-31": "-3.92200", "2010-12-31": -6.969, "2010-09-30": -8.699, "2010-06-30": -9.235, "2010-03-31": "-5.81800", "2009-12-31": -5.391, "2009-09-30": -6.851, "2009-06-30": -5.846, "2009-03-31": "-6.80200", "2008-12-31": -12.355, "2008-09-30": -8.285, "2008-06-30": -14.34, "2008-03-31": "-5.90900", "2007-12-31": -6.368, "2007-09-30": -4.799, "2007-06-30": -5.57, "2007-03-31": "-5.33300", "2006-12-31": -4.557, "2006-09-30": -4.194, "2006-06-30": -5.61, "2006-03-31": "-4.83600", "2005-12-31": -5.05, "2005-09-30": -2.629, "2005-06-30": -4.021, "2005-03-31": "-2.58600"}, "Net Change In Intangible Assets": {"2020-09-30": 0, "2020-06-30": 0, "2020-03-31": "", "2019-12-31": 0, "2019-09-30": 0, "2019-06-30": 0, "2019-03-31": "", "2018-12-31": 0, "2018-09-30": 0, "2018-06-30": 0, "2018-03-31": "", "2017-12-31": 0, "2017-09-30": 0, "2017-06-30": 0, "2017-03-31": "", "2016-12-31": 0, "2016-09-30": 0, "2016-06-30": 0, "2016-03-31": "", "2015-12-31": 0, "2015-09-30": 0, "2015-06-30": 0, "2015-03-31": "", "2014-12-31": 0, "2014-09-30": 0, "2014-06-30": 0, "2014-03-31": "", "2013-12-31": -0.5, "2013-09-30": -1, "2013-06-30": 0, "2013-03-31": "-0.50000", "2012-12-31": -0.5, "2012-09-30": -3, "2012-06-30": 0, "2012-03-31": "0.00000", "2011-12-31": -1.032, "2011-09-30": -0.2, "2011-06-30": 0, "2011-03-31": "", "2010-12-31": -0.615, "2010-09-30": -1.248, "2010-06-30": -1.634, "2010-03-31": "", "2009-12-31": 0, "2009-09-30": 0, "2009-06-30": 0, "2009-03-31": "-0.42500", "2008-12-31": -0.284, "2008-09-30": -0.63, "2008-06-30": -0.47, "2008-03-31": "", "2007-12-31": -2, "2007-09-30": -2.8, "2007-06-30": 0, "2007-03-31": "", "2006-12-31": 0, "2006-09-30": -14.193, "2006-06-30": -3.898, "2006-03-31": "", "2005-12-31": 0, "2005-09-30": -5.5, "2005-06-30": -8.254, "2005-03-31": ""}, "Net Acquisitions/Divestitures": {"2020-09-30": -548, "2020-06-30": 0, "2020-03-31": "", "2019-12-31": -7, "2019-09-30": 11, "2019-06-30": -87, "2019-03-31": "-179.00000", "2018-12-31": 0, "2018-09-30": -72, "2018-06-30": 0, "2018-03-31": "", "2017-12-31": 0, "2017-09-30": 0, "2017-06-30": 0, "2017-03-31": "", "2016-12-31": 39, "2016-09-30": 0, "2016-06-30": 0, "2016-03-31": "", "2015-12-31": 0, "2015-09-30": -3, "2015-06-30": 0, "2015-03-31": "-49.00000", "2014-12-31": -3399, "2014-09-30": 0, "2014-06-30": 0, "2014-03-31": "", "2013-12-31": -318.905, "2013-09-30": 223.905, "2013-06-30": 0, "2013-03-31": "", "2012-12-31": -0.002, "2012-09-30": -46.084, "2012-06-30": 0, "2012-03-31": "13.79000", "2011-12-31": 0, "2011-09-30": 0.198, "2011-06-30": -3, "2011-03-31": "164.00800", "2010-12-31": 0, "2010-09-30": 0, "2010-06-30": 0, "2010-03-31": "", "2009-12-31": 0, "2009-09-30": 0, "2009-06-30": 0, "2009-03-31": "", "2008-12-31": -0.018, "2008-09-30": -0.583, "2008-06-30": -17.987, "2008-03-31": "", "2007-12-31": -145.484, "2007-09-30": -13.851, "2007-06-30": -0.226, "2007-03-31": "-127.20000", "2006-12-31": -2.681, "2006-09-30": 0, "2006-06-30": 0, "2006-03-31": "", "2005-12-31": -0.14, "2005-09-30": -0.002, "2005-06-30": 0.045, "2005-03-31": "-7.70000"}, "Net Change In Short-term Investments": {"2020-09-30": 0, "2020-06-30": 0, "2020-03-31": "", "2019-12-31": 0, "2019-09-30": 0, "2019-06-30": 0, "2019-03-31": "", "2018-12-31": 0, "2018-09-30": 0, "2018-06-30": 0, "2018-03-31": "", "2017-12-31": 0, "2017-09-30": 0, "2017-06-30": 0, "2017-03-31": "", "2016-12-31": 0, "2016-09-30": 0, "2016-06-30": 0, "2016-03-31": "", "2015-12-31": 0, "2015-09-30": 0, "2015-06-30": 0, "2015-03-31": "", "2014-12-31": 0, "2014-09-30": 0, "2014-06-30": 0, "2014-03-31": "", "2013-12-31": 0, "2013-09-30": 0, "2013-06-30": 0, "2013-03-31": "", "2012-12-31": 0, "2012-09-30": 0, "2012-06-30": 0, "2012-03-31": "", "2011-12-31": 0, "2011-09-30": 0, "2011-06-30": 0, "2011-03-31": "", "2010-12-31": 0, "2010-09-30": 0, "2010-06-30": 0, "2010-03-31": "", "2009-12-31": 0, "2009-09-30": 0, "2009-06-30": 0, "2009-03-31": "", "2008-12-31": 0, "2008-09-30": 0, "2008-06-30": 0, "2008-03-31": "", "2007-12-31": 0, "2007-09-30": 0, "2007-06-30": 0, "2007-03-31": "", "2006-12-31": 0, "2006-09-30": 0, "2006-06-30": 0, "2006-03-31": "", "2005-12-31": 0, "2005-09-30": 0, "2005-06-30": 0, "2005-03-31": ""}, "Net Change In Long-Term Investments": {"2020-09-30": 6, "2020-06-30": -30, "2020-03-31": "-2.00000", "2019-12-31": -1, "2019-09-30": -1, "2019-06-30": -20, "2019-03-31": "10.00000", "2018-12-31": -1, "2018-09-30": 0, "2018-06-30": 2, "2018-03-31": "-2.00000", "2017-12-31": 0, "2017-09-30": -1, "2017-06-30": 0, "2017-03-31": "", "2016-12-31": 0, "2016-09-30": 0, "2016-06-30": 0, "2016-03-31": "-1.00000", "2015-12-31": -1, "2015-09-30": 1, "2015-06-30": 0, "2015-03-31": "26.00000", "2014-12-31": 456.871, "2014-09-30": -23.891, "2014-06-30": -41.96, "2014-03-31": "-64.02000", "2013-12-31": 262.914, "2013-09-30": -228.554, "2013-06-30": -31.047, "2013-03-31": "-39.31300", "2012-12-31": -16.949, "2012-09-30": -34.695, "2012-06-30": 33.801, "2012-03-31": "-29.45300", "2011-12-31": -35.051, "2011-09-30": -6.306, "2011-06-30": 46.118, "2011-03-31": "-84.59700", "2010-12-31": 1.717, "2010-09-30": -0.672, "2010-06-30": 4.263, "2010-03-31": "-10.70600", "2009-12-31": -23.654, "2009-09-30": -21.657, "2009-06-30": -7.536, "2009-03-31": "37.51100", "2008-12-31": 3.732, "2008-09-30": 27.888, "2008-06-30": 19.53, "2008-03-31": "16.34900", "2007-12-31": 174.315, "2007-09-30": -3.32, "2007-06-30": -21.313, "2007-03-31": "107.20800", "2006-12-31": 22.51, "2006-09-30": 41.117, "2006-06-30": -5.251, "2006-03-31": "-36.93300", "2005-12-31": -7.344, "2005-09-30": 42.41, "2005-06-30": -5.856, "2005-03-31": "-17.84600"}, "Net Change In Investments - Total": {"2020-09-30": 6, "2020-06-30": -30, "2020-03-31": "-2.00000", "2019-12-31": -1, "2019-09-30": -1, "2019-06-30": -20, "2019-03-31": "10.00000", "2018-12-31": -1, "2018-09-30": 0, "2018-06-30": 2, "2018-03-31": "-2.00000", "2017-12-31": 0, "2017-09-30": -1, "2017-06-30": 0, "2017-03-31": "", "2016-12-31": 0, "2016-09-30": 0, "2016-06-30": 0, "2016-03-31": "-1.00000", "2015-12-31": -1, "2015-09-30": 1, "2015-06-30": 0, "2015-03-31": "26.00000", "2014-12-31": 456.871, "2014-09-30": -23.891, "2014-06-30": -41.96, "2014-03-31": "-64.02000", "2013-12-31": 262.914, "2013-09-30": -228.554, "2013-06-30": -31.047, "2013-03-31": "-39.31300", "2012-12-31": -16.949, "2012-09-30": -34.695, "2012-06-30": 33.801, "2012-03-31": "-29.45300", "2011-12-31": -35.051, "2011-09-30": -6.306, "2011-06-30": 46.118, "2011-03-31": "-84.59700", "2010-12-31": 1.717, "2010-09-30": -0.672, "2010-06-30": 4.263, "2010-03-31": "-10.70600", "2009-12-31": -23.654, "2009-09-30": -21.657, "2009-06-30": -7.536, "2009-03-31": "37.51100", "2008-12-31": 3.732, "2008-09-30": 27.888, "2008-06-30": 19.53, "2008-03-31": "16.34900", "2007-12-31": 174.315, "2007-09-30": -3.32, "2007-06-30": -21.313, "2007-03-31": "107.20800", "2006-12-31": 22.51, "2006-09-30": 41.117, "2006-06-30": -5.251, "2006-03-31": "-36.93300", "2005-12-31": -7.344, "2005-09-30": 42.41, "2005-06-30": -5.856, "2005-03-31": "-17.84600"}, "Investing Activities - Other": {"2020-09-30": 0, "2020-06-30": 0, "2020-03-31": "", "2019-12-31": 0, "2019-09-30": 0, "2019-06-30": 0, "2019-03-31": "", "2018-12-31": 0, "2018-09-30": 0, "2018-06-30": 0, "2018-03-31": "", "2017-12-31": 0, "2017-09-30": 0, "2017-06-30": 0, "2017-03-31": "", "2016-12-31": 0, "2016-09-30": 0, "2016-06-30": 0, "2016-03-31": "", "2015-12-31": 0, "2015-09-30": 0, "2015-06-30": 0, "2015-03-31": "", "2014-12-31": 0, "2014-09-30": 0, "2014-06-30": 0, "2014-03-31": "", "2013-12-31": 0, "2013-09-30": 0, "2013-06-30": 0, "2013-03-31": "", "2012-12-31": 0, "2012-09-30": 0, "2012-06-30": 0, "2012-03-31": "", "2011-12-31": 0, "2011-09-30": 0, "2011-06-30": 0, "2011-03-31": "", "2010-12-31": 0, "2010-09-30": 0, "2010-06-30": 0, "2010-03-31": "", "2009-12-31": 0, "2009-09-30": 0, "2009-06-30": 0, "2009-03-31": "", "2008-12-31": 0, "2008-09-30": 14.796, "2008-06-30": 0, "2008-03-31": "", "2007-12-31": 0, "2007-09-30": 0, "2007-06-30": 0, "2007-03-31": "", "2006-12-31": 0, "2006-09-30": 0, "2006-06-30": 0, "2006-03-31": "", "2005-12-31": 0, "2005-09-30": 0, "2005-06-30": 0, "2005-03-31": ""}, "Cash Flow From Investing Activities": {"2020-09-30": -558, "2020-06-30": -50, "2020-03-31": "-15.00000", "2019-12-31": -25, "2019-09-30": -4, "2019-06-30": -122, "2019-03-31": "-184.00000", "2018-12-31": -17, "2018-09-30": -87, "2018-06-30": -13, "2018-03-31": "-20.00000", "2017-12-31": -14, "2017-09-30": -15, "2017-06-30": -9, "2017-03-31": "-13.00000", "2016-12-31": 11, "2016-09-30": -14, "2016-06-30": -16, "2016-03-31": "-20.00000", "2015-12-31": -36, "2015-09-30": -40, "2015-06-30": -23, "2015-03-31": "-49.00000", "2014-12-31": -2961.106, "2014-09-30": -35.952, "2014-06-30": -47.548, "2014-03-31": "-66.39400", "2013-12-31": -62.969, "2013-09-30": -10.624, "2013-06-30": -37.642, "2013-03-31": "-41.76500", "2012-12-31": -22.754, "2012-09-30": -90.32, "2012-06-30": 30.856, "2012-03-31": "-23.31700", "2011-12-31": -45.172, "2011-09-30": -12.905, "2011-06-30": 35.808, "2011-03-31": "75.48900", "2010-12-31": -5.867, "2010-09-30": -10.619, "2010-06-30": -6.606, "2010-03-31": "-16.52400", "2009-12-31": -29.045, "2009-09-30": -28.508, "2009-06-30": -13.382, "2009-03-31": "30.28400", "2008-12-31": -8.925, "2008-09-30": 33.186, "2008-06-30": -13.267, "2008-03-31": "10.44000", "2007-12-31": 20.463, "2007-09-30": -24.77, "2007-06-30": -27.109, "2007-03-31": "-25.32500", "2006-12-31": 15.272, "2006-09-30": 22.73, "2006-06-30": -14.759, "2006-03-31": "-41.76900", "2005-12-31": -12.534, "2005-09-30": 34.279, "2005-06-30": -18.086, "2005-03-31": "-28.13200"}, "Net Long-Term Debt": {"2020-09-30": 346, "2020-06-30": -181, "2020-03-31": "121.00000", "2019-12-31": -244, "2019-09-30": -193, "2019-06-30": -21, "2019-03-31": "146.00000", "2018-12-31": -311, "2018-09-30": -111, "2018-06-30": -140, "2018-03-31": "-95.00000", "2017-12-31": -267, "2017-09-30": 53, "2017-06-30": -160, "2017-03-31": "-80.00000", "2016-12-31": -147, "2016-09-30": -90, "2016-06-30": -65, "2016-03-31": "-80.00000", "2015-12-31": -35, "2015-09-30": 0, "2015-06-30": -80, "2015-03-31": "-50.00000", "2014-12-31": 3189, "2014-09-30": 0, "2014-06-30": 0, "2014-03-31": "", "2013-12-31": 0, "2013-09-30": 0, "2013-06-30": 0, "2013-03-31": "", "2012-12-31": 0, "2012-09-30": 0, "2012-06-30": 0, "2012-03-31": "", "2011-12-31": 0, "2011-09-30": 0, "2011-06-30": 0, "2011-03-31": "", "2010-12-31": 0, "2010-09-30": 0, "2010-06-30": 0, "2010-03-31": "", "2009-12-31": 0, "2009-09-30": 0, "2009-06-30": 0, "2009-03-31": "", "2008-12-31": 0, "2008-09-30": 0, "2008-06-30": 0, "2008-03-31": "", "2007-12-31": 0, "2007-09-30": 0, "2007-06-30": 0, "2007-03-31": "", "2006-12-31": 0, "2006-09-30": 0, "2006-06-30": 0, "2006-03-31": "", "2005-12-31": -0.131, "2005-09-30": -0.013, "2005-06-30": -0.014, "2005-03-31": "-0.01300"}, "Net Current Debt": {"2020-09-30": 0, "2020-06-30": 0, "2020-03-31": "", "2019-12-31": 0, "2019-09-30": 0, "2019-06-30": 0, "2019-03-31": "", "2018-12-31": 0, "2018-09-30": 0, "2018-06-30": 0, "2018-03-31": "", "2017-12-31": 0, "2017-09-30": 0, "2017-06-30": 0, "2017-03-31": "", "2016-12-31": 0, "2016-09-30": 0, "2016-06-30": 0, "2016-03-31": "", "2015-12-31": 0, "2015-09-30": 0, "2015-06-30": 0, "2015-03-31": "", "2014-12-31": 0, "2014-09-30": 0, "2014-06-30": 0, "2014-03-31": "", "2013-12-31": 0, "2013-09-30": 0, "2013-06-30": 0, "2013-03-31": "", "2012-12-31": 0, "2012-09-30": 0, "2012-06-30": 0, "2012-03-31": "", "2011-12-31": 0, "2011-09-30": 0, "2011-06-30": 0, "2011-03-31": "", "2010-12-31": 0, "2010-09-30": 0, "2010-06-30": 0, "2010-03-31": "", "2009-12-31": 0, "2009-09-30": 0, "2009-06-30": 0, "2009-03-31": "", "2008-12-31": 0, "2008-09-30": 0, "2008-06-30": 0, "2008-03-31": "", "2007-12-31": 0, "2007-09-30": 0, "2007-06-30": 0, "2007-03-31": "", "2006-12-31": 0, "2006-09-30": 0, "2006-06-30": 0, "2006-03-31": "", "2005-12-31": 0, "2005-09-30": 0, "2005-06-30": 0, "2005-03-31": ""}, "Debt Issuance/Retirement Net - Total": {"2020-09-30": 346, "2020-06-30": -181, "2020-03-31": "121.00000", "2019-12-31": -244, "2019-09-30": -193, "2019-06-30": -21, "2019-03-31": "146.00000", "2018-12-31": -311, "2018-09-30": -111, "2018-06-30": -140, "2018-03-31": "-95.00000", "2017-12-31": -267, "2017-09-30": 53, "2017-06-30": -160, "2017-03-31": "-80.00000", "2016-12-31": -147, "2016-09-30": -90, "2016-06-30": -65, "2016-03-31": "-80.00000", "2015-12-31": -35, "2015-09-30": 0, "2015-06-30": -80, "2015-03-31": "-50.00000", "2014-12-31": 3189, "2014-09-30": 0, "2014-06-30": 0, "2014-03-31": "", "2013-12-31": 0, "2013-09-30": 0, "2013-06-30": 0, "2013-03-31": "", "2012-12-31": 0, "2012-09-30": 0, "2012-06-30": 0, "2012-03-31": "", "2011-12-31": 0, "2011-09-30": 0, "2011-06-30": 0, "2011-03-31": "", "2010-12-31": 0, "2010-09-30": 0, "2010-06-30": 0, "2010-03-31": "", "2009-12-31": 0, "2009-09-30": 0, "2009-06-30": 0, "2009-03-31": "", "2008-12-31": 0, "2008-09-30": 0, "2008-06-30": 0, "2008-03-31": "", "2007-12-31": 0, "2007-09-30": 0, "2007-06-30": 0, "2007-03-31": "", "2006-12-31": 0, "2006-09-30": 0, "2006-06-30": 0, "2006-03-31": "", "2005-12-31": -0.131, "2005-09-30": -0.013, "2005-06-30": -0.014, "2005-03-31": "-0.01300"}, "Net Common Equity Issued/Repurchased": {"2020-09-30": 31, "2020-06-30": -31, "2020-03-31": "-200.00000", "2019-12-31": -27, "2019-09-30": 14, "2019-06-30": -34, "2019-03-31": "", "2018-12-31": 0, "2018-09-30": 0, "2018-06-30": 0, "2018-03-31": "", "2017-12-31": -9, "2017-09-30": 2, "2017-06-30": 3, "2017-03-31": "4.00000", "2016-12-31": 3, "2016-09-30": 3, "2016-06-30": 2, "2016-03-31": "3.00000", "2015-12-31": 3, "2015-09-30": 3, "2015-06-30": 3, "2015-03-31": "8.00000", "2014-12-31": 12.91, "2014-09-30": 4.404, "2014-06-30": 3.75, "2014-03-31": "4.93600", "2013-12-31": 11.989, "2013-09-30": -27.53, "2013-06-30": -26.484, "2013-03-31": "2.02500", "2012-12-31": -13.224, "2012-09-30": -13.285, "2012-06-30": -16.726, "2012-03-31": "-7.77700", "2011-12-31": -10.015, "2011-09-30": -62.884, "2011-06-30": -35.482, "2011-03-31": "-38.81000", "2010-12-31": -33.504, "2010-09-30": -17.878, "2010-06-30": -25.102, "2010-03-31": "-16.63200", "2009-12-31": -14.114, "2009-09-30": -6.786, "2009-06-30": -12.148, "2009-03-31": "-27.42500", "2008-12-31": -47.276, "2008-09-30": -58.142, "2008-06-30": -21.086, "2008-03-31": "-23.93300", "2007-12-31": -62.399, "2007-09-30": -41.654, "2007-06-30": 2.045, "2007-03-31": "-1.71100", "2006-12-31": -62.8, "2006-09-30": -3.145, "2006-06-30": 1.233, "2006-03-31": "6.89300", "2005-12-31": 2.501, "2005-09-30": -67.769, "2005-06-30": 2.823, "2005-03-31": "3.77700"}, "Net Total Equity Issued/Repurchased": {"2020-09-30": 31, "2020-06-30": -31, "2020-03-31": "-200.00000", "2019-12-31": -27, "2019-09-30": 14, "2019-06-30": -34, "2019-03-31": "", "2018-12-31": 0, "2018-09-30": 0, "2018-06-30": 0, "2018-03-31": "", "2017-12-31": -9, "2017-09-30": 2, "2017-06-30": 3, "2017-03-31": "4.00000", "2016-12-31": 3, "2016-09-30": 3, "2016-06-30": 2, "2016-03-31": "3.00000", "2015-12-31": 3, "2015-09-30": 3, "2015-06-30": 3, "2015-03-31": "8.00000", "2014-12-31": 12.91, "2014-09-30": 4.404, "2014-06-30": 3.75, "2014-03-31": "4.93600", "2013-12-31": 11.989, "2013-09-30": -27.53, "2013-06-30": -26.484, "2013-03-31": "2.02500", "2012-12-31": -13.224, "2012-09-30": -13.285, "2012-06-30": -16.726, "2012-03-31": "-7.77700", "2011-12-31": -10.015, "2011-09-30": -62.884, "2011-06-30": -35.482, "2011-03-31": "-38.81000", "2010-12-31": -33.504, "2010-09-30": -17.878, "2010-06-30": -25.102, "2010-03-31": "-16.63200", "2009-12-31": -14.114, "2009-09-30": -6.786, "2009-06-30": -12.148, "2009-03-31": "-27.42500", "2008-12-31": -47.276, "2008-09-30": -58.142, "2008-06-30": -21.086, "2008-03-31": "-23.93300", "2007-12-31": -62.399, "2007-09-30": -41.654, "2007-06-30": 2.045, "2007-03-31": "-1.71100", "2006-12-31": -62.8, "2006-09-30": -3.145, "2006-06-30": 1.233, "2006-03-31": "6.89300", "2005-12-31": 2.501, "2005-09-30": -67.769, "2005-06-30": 2.823, "2005-03-31": "3.77700"}, "Total Common And Preferred Stock Dividends Paid": {"2020-09-30": 0, "2020-06-30": 0, "2020-03-31": "", "2019-12-31": 0, "2019-09-30": 0, "2019-06-30": 0, "2019-03-31": "", "2018-12-31": 0, "2018-09-30": 0, "2018-06-30": 0, "2018-03-31": "", "2017-12-31": 0, "2017-09-30": 0, "2017-06-30": 0, "2017-03-31": "", "2016-12-31": 0, "2016-09-30": 0, "2016-06-30": 0, "2016-03-31": "", "2015-12-31": 0, "2015-09-30": 0, "2015-06-30": 0, "2015-03-31": "", "2014-12-31": 0, "2014-09-30": 0, "2014-06-30": 0, "2014-03-31": "", "2013-12-31": 0, "2013-09-30": 0, "2013-06-30": 0, "2013-03-31": "", "2012-12-31": 0, "2012-09-30": 0, "2012-06-30": 0, "2012-03-31": "", "2011-12-31": 0, "2011-09-30": 0, "2011-06-30": 0, "2011-03-31": "", "2010-12-31": 0, "2010-09-30": 0, "2010-06-30": 0, "2010-03-31": "", "2009-12-31": 0, "2009-09-30": 0, "2009-06-30": 0, "2009-03-31": "", "2008-12-31": 0, "2008-09-30": 0, "2008-06-30": 0, "2008-03-31": "", "2007-12-31": 0, "2007-09-30": 0, "2007-06-30": 0, "2007-03-31": "", "2006-12-31": 0, "2006-09-30": 0, "2006-06-30": 0, "2006-03-31": "", "2005-12-31": 0, "2005-09-30": 0, "2005-06-30": 0, "2005-03-31": ""}, "Financial Activities - Other": {"2020-09-30": -13, "2020-06-30": 77, "2020-03-31": "-19.00000", "2019-12-31": 26, "2019-09-30": -35, "2019-06-30": -12, "2019-03-31": "15.00000", "2018-12-31": 1, "2018-09-30": 2, "2018-06-30": -10, "2018-03-31": "3.00000", "2017-12-31": -4, "2017-09-30": -54, "2017-06-30": -3, "2017-03-31": "-2.00000", "2016-12-31": -2, "2016-09-30": -5, "2016-06-30": -6, "2016-03-31": "", "2015-12-31": -11, "2015-09-30": 0, "2015-06-30": -4, "2015-03-31": "2.00000", "2014-12-31": -27.653, "2014-09-30": 1.681, "2014-06-30": 2.577, "2014-03-31": "0.39500", "2013-12-31": -8.17, "2013-09-30": 0.443, "2013-06-30": 3.369, "2013-03-31": "0.35800", "2012-12-31": 0.086, "2012-09-30": 0.134, "2012-06-30": 1.292, "2012-03-31": "0.06600", "2011-12-31": 0.127, "2011-09-30": 0.031, "2011-06-30": 0.589, "2011-03-31": "0.64500", "2010-12-31": 0.161, "2010-09-30": 0.067, "2010-06-30": 0.013, "2010-03-31": "0.00300", "2009-12-31": 0.002, "2009-09-30": 0.011, "2009-06-30": 0, "2009-03-31": "", "2008-12-31": 0.005, "2008-09-30": 0.056, "2008-06-30": 0.08, "2008-03-31": "0.05100", "2007-12-31": 0.124, "2007-09-30": 0.107, "2007-06-30": 0.211, "2007-03-31": "0.47900", "2006-12-31": -0.056, "2006-09-30": 0.208, "2006-06-30": 0.077, "2006-03-31": "1.28500", "2005-12-31": 0.456, "2005-09-30": 0.391, "2005-06-30": 0.612, "2005-03-31": "0.79900"}, "Cash Flow From Financial Activities": {"2020-09-30": 364, "2020-06-30": -135, "2020-03-31": "-98.00000", "2019-12-31": -245, "2019-09-30": -214, "2019-06-30": -67, "2019-03-31": "161.00000", "2018-12-31": -310, "2018-09-30": -109, "2018-06-30": -150, "2018-03-31": "-92.00000", "2017-12-31": -280, "2017-09-30": 1, "2017-06-30": -160, "2017-03-31": "-78.00000", "2016-12-31": -146, "2016-09-30": -92, "2016-06-30": -69, "2016-03-31": "-77.00000", "2015-12-31": -43, "2015-09-30": 3, "2015-06-30": -81, "2015-03-31": "-40.00000", "2014-12-31": 3174.257, "2014-09-30": 6.085, "2014-06-30": 6.327, "2014-03-31": "5.33100", "2013-12-31": 3.819, "2013-09-30": -27.087, "2013-06-30": -23.115, "2013-03-31": "2.38300", "2012-12-31": -13.138, "2012-09-30": -13.151, "2012-06-30": -15.434, "2012-03-31": "-7.71100", "2011-12-31": -9.888, "2011-09-30": -62.853, "2011-06-30": -34.893, "2011-03-31": "-38.16500", "2010-12-31": -33.343, "2010-09-30": -17.811, "2010-06-30": -25.089, "2010-03-31": "-16.62900", "2009-12-31": -14.112, "2009-09-30": -6.775, "2009-06-30": -12.148, "2009-03-31": "-27.42500", "2008-12-31": -47.271, "2008-09-30": -58.086, "2008-06-30": -21.006, "2008-03-31": "-23.88200", "2007-12-31": -62.275, "2007-09-30": -41.547, "2007-06-30": 2.256, "2007-03-31": "-1.23200", "2006-12-31": -62.856, "2006-09-30": -2.937, "2006-06-30": 1.31, "2006-03-31": "8.17800", "2005-12-31": 2.826, "2005-09-30": -67.391, "2005-06-30": 3.421, "2005-03-31": "4.56300"}, "Net Cash Flow": {"2020-09-30": -47, "2020-06-30": 62, "2020-03-31": "-6.00000", "2019-12-31": -3, "2019-09-30": 6, "2019-06-30": -34, "2019-03-31": "17.00000", "2018-12-31": -1, "2018-09-30": -1, "2018-06-30": -18, "2018-03-31": "2.00000", "2017-12-31": -26, "2017-09-30": -7, "2017-06-30": -85, "2017-03-31": "24.00000", "2016-12-31": -7, "2016-09-30": 22, "2016-06-30": -53, "2016-03-31": "2.00000", "2015-12-31": -66, "2015-09-30": 53, "2015-06-30": -125, "2015-03-31": "-64.00000", "2014-12-31": 333.613, "2014-09-30": -10.135, "2014-06-30": 18.925, "2014-03-31": "-11.40300", "2013-12-31": -1.456, "2013-09-30": 8.31, "2013-06-30": 6.294, "2013-03-31": "-15.14800", "2012-12-31": 12.487, "2012-09-30": -53.115, "2012-06-30": 63.425, "2012-03-31": "5.52500", "2011-12-31": -8.741, "2011-09-30": -49.175, "2011-06-30": 13.271, "2011-03-31": "33.51000", "2010-12-31": 0.76, "2010-09-30": 5.924, "2010-06-30": 5.611, "2010-03-31": "-1.99100", "2009-12-31": 1.641, "2009-09-30": -5.744, "2009-06-30": 10.093, "2009-03-31": "1.43200", "2008-12-31": -13.61, "2008-09-30": 4.961, "2008-06-30": -14.898, "2008-03-31": "18.60300", "2007-12-31": 6.683, "2007-09-30": -30.261, "2007-06-30": 21.849, "2007-03-31": "0.29200", "2006-12-31": 1.27, "2006-09-30": 11.93, "2006-06-30": 10.084, "2006-03-31": "-8.07800", "2005-12-31": 5.993, "2005-09-30": 8.351, "2005-06-30": -5.253, "2005-03-31": "-2.63200"}, "Stock-Based Compensation": {"2020-09-30": 13, "2020-06-30": 13, "2020-03-31": "7.00000", "2019-12-31": 12, "2019-09-30": 12, "2019-06-30": 14, "2019-03-31": "10.00000", "2018-12-31": 11, "2018-09-30": 10, "2018-06-30": 14, "2018-03-31": "10.00000", "2017-12-31": 10, "2017-09-30": 10, "2017-06-30": 8, "2017-03-31": "7.00000", "2016-12-31": 7, "2016-09-30": 8, "2016-06-30": 3, "2016-03-31": "9.00000", "2015-12-31": 6, "2015-09-30": 7, "2015-06-30": 9, "2015-03-31": "9.00000", "2014-12-31": 9.696, "2014-09-30": 3.194, "2014-06-30": 4.144, "2014-03-31": "2.96600", "2013-12-31": 3.628, "2013-09-30": 2.868, "2013-06-30": 4.358, "2013-03-31": "2.14600", "2012-12-31": 3.242, "2012-09-30": 3.44, "2012-06-30": 4.245, "2012-03-31": "3.80000", "2011-12-31": 3.035, "2011-09-30": 3.047, "2011-06-30": 3.525, "2011-03-31": "4.48800", "2010-12-31": 3.716, "2010-09-30": 3, "2010-06-30": 2.924, "2010-03-31": "2.23100", "2009-12-31": 2.78, "2009-09-30": 3.101, "2009-06-30": 2.419, "2009-03-31": "3.16700", "2008-12-31": 4.182, "2008-09-30": 4.244, "2008-06-30": 3.119, "2008-03-31": "3.41700", "2007-12-31": 3.734, "2007-09-30": 4.776, "2007-06-30": 3.219, "2007-03-31": "3.33800", "2006-12-31": 2.268, "2006-09-30": 1.787, "2006-06-30": 1.974, "2006-03-31": "1.51100", "2005-12-31": 2.095, "2005-09-30": 2.094, "2005-06-30": 2.02, "2005-03-31": "1.97400"}, "Common Stock Dividends Paid": {"2020-09-30": 0, "2020-06-30": 0, "2020-03-31": "", "2019-12-31": 0, "2019-09-30": 0, "2019-06-30": 0, "2019-03-31": "", "2018-12-31": 0, "2018-09-30": 0, "2018-06-30": 0, "2018-03-31": "", "2017-12-31": 0, "2017-09-30": 0, "2017-06-30": 0, "2017-03-31": "", "2016-12-31": 0, "2016-09-30": 0, "2016-06-30": 0, "2016-03-31": "", "2015-12-31": 0, "2015-09-30": 0, "2015-06-30": 0, "2015-03-31": "", "2014-12-31": 0, "2014-09-30": 0, "2014-06-30": 0, "2014-03-31": "", "2013-12-31": 0, "2013-09-30": 0, "2013-06-30": 0, "2013-03-31": "", "2012-12-31": 0, "2012-09-30": 0, "2012-06-30": 0, "2012-03-31": "", "2011-12-31": 0, "2011-09-30": 0, "2011-06-30": 0, "2011-03-31": "", "2010-12-31": 0, "2010-09-30": 0, "2010-06-30": 0, "2010-03-31": "", "2009-12-31": 0, "2009-09-30": 0, "2009-06-30": 0, "2009-03-31": "", "2008-12-31": 0, "2008-09-30": 0, "2008-06-30": 0, "2008-03-31": "", "2007-12-31": 0, "2007-09-30": 0, "2007-06-30": 0, "2007-03-31": "", "2006-12-31": 0, "2006-09-30": 0, "2006-06-30": 0, "2006-03-31": "", "2005-12-31": 0, "2005-09-30": 0, "2005-06-30": 0, "2005-03-31": ""}}, "financial ratios": {"Current Ratio": {"2019-12-31": "0.85110", "2018-12-31": "0.89320", "2017-12-31": "1.06300", "2016-12-31": "1.28770", "2015-12-31": "1.49050", "2014-12-31": "1.75450", "2013-12-31": "6.33410", "2012-12-31": "7.46600", "2011-12-31": "5.36710", "2010-12-31": "4.33600", "2009-12-31": "3.92080", "2008-12-31": "3.17490", "2007-12-31": "3.44460", "2006-12-31": "6.40830", "2005-12-31": "14.04740"}, "Long-term Debt / Capital": {"2019-12-31": "0.37000", "2018-12-31": "0.51790", "2017-12-31": "0.72290", "2016-12-31": "0.76980", "2015-12-31": "0.77130", "2014-12-31": "0.75210", "2013-12-31": "", "2012-12-31": "", "2011-12-31": "", "2010-12-31": "", "2009-12-31": "", "2008-12-31": "", "2007-12-31": "", "2006-12-31": "", "2005-12-31": ""}, "Debt/Equity Ratio": {"2019-12-31": "0.69440", "2018-12-31": "1.19180", "2017-12-31": "2.67030", "2016-12-31": "3.34340", "2015-12-31": "3.37290", "2014-12-31": "3.03850", "2013-12-31": "", "2012-12-31": "", "2011-12-31": "", "2010-12-31": "", "2009-12-31": "", "2008-12-31": "", "2007-12-31": "", "2006-12-31": "", "2005-12-31": ""}, "Gross Margin": {"2019-12-31": "46.82270", "2018-12-31": "46.96540", "2017-12-31": "45.94300", "2016-12-31": "45.94290", "2015-12-31": "45.04110", "2014-12-31": "46.55890", "2013-12-31": "48.45860", "2012-12-31": "49.35350", "2011-12-31": "49.49420", "2010-12-31": "47.04770", "2009-12-31": "43.00540", "2008-12-31": "49.07390", "2007-12-31": "48.03960", "2006-12-31": "47.19010", "2005-12-31": "50.32530"}, "Operating Margin": {"2019-12-31": "15.42920", "2018-12-31": "14.46180", "2017-12-31": "8.65130", "2016-12-31": "2.23840", "2015-12-31": "1.01370", "2014-12-31": "5.32620", "2013-12-31": "15.41430", "2012-12-31": "16.49830", "2011-12-31": "18.50920", "2010-12-31": "16.57220", "2009-12-31": "9.51670", "2008-12-31": "-1.57120", "2007-12-31": "16.49070", "2006-12-31": "10.58940", "2005-12-31": "20.79370"}, "EBIT Margin": {"2019-12-31": "15.42920", "2018-12-31": "14.46180", "2017-12-31": "8.65130", "2016-12-31": "2.23840", "2015-12-31": "1.01370", "2014-12-31": "5.32620", "2013-12-31": "15.41430", "2012-12-31": "16.49830", "2011-12-31": "18.50920", "2010-12-31": "16.57220", "2009-12-31": "9.51670", "2008-12-31": "-1.57120", "2007-12-31": "16.49070", "2006-12-31": "10.58940", "2005-12-31": "20.79370"}, "EBITDA Margin": {"2019-12-31": "19.46490", "2018-12-31": "18.96630", "2017-12-31": "16.73830", "2016-12-31": "13.12260", "2015-12-31": "10.21920", "2014-12-31": "10.29320", "2013-12-31": "18.49710", "2012-12-31": "20.04100", "2011-12-31": "20.94950", "2010-12-31": "20.06170", "2009-12-31": "13.97350", "2008-12-31": "2.37890", "2007-12-31": "19.58900", "2006-12-31": "12.70740", "2005-12-31": "22.65960"}, "Pre-Tax Profit Margin": {"2019-12-31": "13.33330", "2018-12-31": "12.42300", "2017-12-31": "2.36430", "2016-12-31": "-3.60940", "2015-12-31": "-4.93150", "2014-12-31": "1.01740", "2013-12-31": "15.79960", "2012-12-31": "16.48060", "2011-12-31": "18.27360", "2010-12-31": "16.72790", "2009-12-31": "9.79290", "2008-12-31": "-1.21970", "2007-12-31": "19.27660", "2006-12-31": "13.38230", "2005-12-31": "22.82340"}, "Net Profit Margin": {"2019-12-31": "12.12930", "2018-12-31": "9.98100", "2017-12-31": "0.45670", "2016-12-31": "-3.83320", "2015-12-31": "-4.32880", "2014-12-31": "1.91500", "2013-12-31": "12.90940", "2012-12-31": "12.33770", "2011-12-31": "17.75750", "2010-12-31": "11.38000", "2009-12-31": "6.37850", "2008-12-31": "-3.93380", "2007-12-31": "12.68180", "2006-12-31": "9.34090", "2005-12-31": "15.12010"}, "Asset Turnover": {"2019-12-31": "0.95200", "2018-12-31": "0.97210", "2017-12-31": "0.87060", "2016-12-31": "0.77160", "2015-12-31": "0.72420", "2014-12-31": "0.30170", "2013-12-31": "0.92690", "2012-12-31": "1.02940", "2011-12-31": "1.09400", "2010-12-31": "1.01760", "2009-12-31": "0.88920", "2008-12-31": "1.14790", "2007-12-31": "0.83950", "2006-12-31": "0.78860", "2005-12-31": "0.76470"}, "Inventory Turnover Ratio": {"2019-12-31": "5.03160", "2018-12-31": "4.30190", "2017-12-31": "4.39300", "2016-12-31": "5.60000", "2015-12-31": "5.05290", "2014-12-31": "2.26650", "2013-12-31": "4.42060", "2012-12-31": "4.09000", "2011-12-31": "3.72670", "2010-12-31": "4.19210", "2009-12-31": "5.26610", "2008-12-31": "4.96410", "2007-12-31": "5.30540", "2006-12-31": "4.94030", "2005-12-31": "5.48180"}, "Receiveable Turnover": {"2019-12-31": "6.95350", "2018-12-31": "7.75370", "2017-12-31": "7.17150", "2016-12-31": "5.43990", "2015-12-31": "5.40740", "2014-12-31": "2.44300", "2013-12-31": "5.62480", "2012-12-31": "5.90380", "2011-12-31": "5.01980", "2010-12-31": "6.87210", "2009-12-31": "4.74250", "2008-12-31": "6.28600", "2007-12-31": "5.75880", "2006-12-31": "6.19820", "2005-12-31": "6.29550"}, "Days Sales In Receivables": {"2019-12-31": "52.49160", "2018-12-31": "47.07440", "2017-12-31": "50.89600", "2016-12-31": "67.09710", "2015-12-31": "67.50000", "2014-12-31": "149.40750", "2013-12-31": "64.89090", "2012-12-31": "61.82410", "2011-12-31": "72.71180", "2010-12-31": "53.11310", "2009-12-31": "76.96380", "2008-12-31": "58.06520", "2007-12-31": "63.38160", "2006-12-31": "58.88830", "2005-12-31": "57.97780"}, "ROE - Return On Equity": {"2019-12-31": "29.58130", "2018-12-31": "31.53560", "2017-12-31": "2.03840", "2016-12-31": "-17.29800", "2015-12-31": "-17.69320", "2014-12-31": "3.07690", "2013-12-31": "13.97790", "2012-12-31": "14.22370", "2011-12-31": "16.77680", "2010-12-31": "14.33010", "2009-12-31": "6.80930", "2008-12-31": "-5.40580", "2007-12-31": "12.19830", "2006-12-31": "7.93310", "2005-12-31": "12.37620"}, "Return On Tangible Equity": {"2019-12-31": "-51.41780", "2018-12-31": "-30.24430", "2017-12-31": "-0.88080", "2016-12-31": "6.38400", "2015-12-31": "6.71200", "2014-12-31": "-1.29080", "2013-12-31": "18.25890", "2012-12-31": "16.86200", "2011-12-31": "19.04060", "2010-12-31": "16.33130", "2009-12-31": "9.64190", "2008-12-31": "-7.79290", "2007-12-31": "20.51440", "2006-12-31": "9.00800", "2005-12-31": "13.79240"}, "ROA - Return On Assets": {"2019-12-31": "11.54740", "2018-12-31": "9.70270", "2017-12-31": "0.39770", "2016-12-31": "-2.95770", "2015-12-31": "-3.13490", "2014-12-31": "0.57770", "2013-12-31": "11.96630", "2012-12-31": "12.59600", "2011-12-31": "14.49860", "2010-12-31": "11.90330", "2009-12-31": "5.83890", "2008-12-31": "-4.51550", "2007-12-31": "10.64640", "2006-12-31": "7.22920", "2005-12-31": "11.56170"}, "ROI - Return On Investment": {"2019-12-31": "18.63650", "2018-12-31": "15.20410", "2017-12-31": "0.56480", "2016-12-31": "-3.98260", "2015-12-31": "-4.04610", "2014-12-31": "0.76260", "2013-12-31": "13.97790", "2012-12-31": "14.22370", "2011-12-31": "16.77680", "2010-12-31": "14.33010", "2009-12-31": "6.80930", "2008-12-31": "-5.40580", "2007-12-31": "12.19830", "2006-12-31": "7.93310", "2005-12-31": "12.37620"}, "Book Value Per Share": {"2019-12-31": "34.05370", "2018-12-31": "24.78140", "2017-12-31": "15.66610", "2016-12-31": "14.97590", "2015-12-31": "17.11970", "2014-12-31": "20.13400", "2013-12-31": "19.03990", "2012-12-31": "16.83430", "2011-12-31": "14.91360", "2010-12-31": "13.10390", "2009-12-31": "12.21200", "2008-12-31": "11.67790", "2007-12-31": "13.60090", "2006-12-31": "12.75140", "2005-12-31": "12.17830"}, "Operating Cash Flow Per Share": {"2019-12-31": -1.9095, "2018-12-31": 5.5536, "2017-12-31": 1.5358, "2016-12-31": 4.975, "2015-12-31": -2.4345, "2014-12-31": 1.0276, "2013-12-31": 0.2629, "2012-12-31": 2.0913, "2011-12-31": -1.0248, "2010-12-31": 0.6911, "2009-12-31": -0.3644, "2008-12-31": -0.1516, "2007-12-31": 1.0536, "2006-12-31": 0.0009, "2005-12-31": 1.2402}, "Free Cash Flow Per Share": {"2019-12-31": -1.8483, "2018-12-31": 5.3063, "2017-12-31": 2.0973, "2016-12-31": 5.8745, "2015-12-31": -4.0677, "2014-12-31": 0.6601, "2013-12-31": 0.3042, "2012-12-31": 2.1551, "2011-12-31": -0.9866, "2010-12-31": 0.5751, "2009-12-31": -0.1496, "2008-12-31": -0.465, "2007-12-31": 1.0038, "2006-12-31": -0.0712, "2005-12-31": 1.0418}}, "financial ratios, quarterly": {"Current Ratio": {"2020-09-30": "0.67540", "2020-06-30": "0.78760", "2020-03-31": "0.84960", "2019-12-31": "0.85110", "2019-09-30": "0.94260", "2019-06-30": "0.99000", "2019-03-31": "0.99650", "2018-12-31": "0.89320", "2018-09-30": "1.08690", "2018-06-30": "1.09370", "2018-03-31": "1.12980", "2017-12-31": "1.06300", "2017-09-30": "1.21850", "2017-06-30": "1.15560", "2017-03-31": "1.26930", "2016-12-31": "1.28770", "2016-09-30": "1.35730", "2016-06-30": "1.40460", "2016-03-31": "1.44260", "2015-12-31": "1.49050", "2015-09-30": "1.65670", "2015-06-30": "1.66710", "2015-03-31": "1.80720", "2014-12-31": "1.75450", "2014-09-30": "5.82150", "2014-06-30": "6.97000", "2014-03-31": "7.19280", "2013-12-31": "6.33410", "2013-09-30": "7.90750", "2013-06-30": "7.49010", "2013-03-31": "9.13900", "2012-12-31": "7.46600", "2012-09-30": "5.70530", "2012-06-30": "6.16750", "2012-03-31": "5.92640", "2011-12-31": "5.36710", "2011-09-30": "5.71510", "2011-06-30": "5.46980", "2011-03-31": "4.28510", "2010-12-31": "4.33600", "2010-09-30": "3.54810", "2010-06-30": "4.08940", "2010-03-31": "4.57460", "2009-12-31": "3.92080", "2009-09-30": "4.05960", "2009-06-30": "3.96560", "2009-03-31": "3.92370", "2008-12-31": "3.17490", "2008-09-30": "3.24880", "2008-06-30": "3.04990", "2008-03-31": "2.82930", "2007-12-31": "3.44460", "2007-09-30": "5.75540", "2007-06-30": "5.64000", "2007-03-31": "5.39890", "2006-12-31": "6.40830", "2006-09-30": "6.83470", "2006-06-30": "7.12760", "2006-03-31": "7.11980", "2005-12-31": "14.04740", "2005-09-30": "12.99360", "2005-06-30": "14.77540", "2005-03-31": "11.51470"}, "Long-term Debt / Capital": {"2020-09-30": "0.36000", "2020-06-30": "0.35350", "2020-03-31": "0.40320", "2019-12-31": "0.37000", "2019-09-30": "0.43680", "2019-06-30": "0.50030", "2019-03-31": "0.52250", "2018-12-31": "0.51790", "2018-09-30": "0.60120", "2018-06-30": "0.64080", "2018-03-31": "0.68060", "2017-12-31": "0.72290", "2017-09-30": "0.75070", "2017-06-30": "0.74860", "2017-03-31": "0.76400", "2016-12-31": "0.76980", "2016-09-30": "0.78850", "2016-06-30": "0.77860", "2016-03-31": "0.77330", "2015-12-31": "0.77130", "2015-09-30": "0.76900", "2015-06-30": "0.76160", "2015-03-31": "0.75400", "2014-12-31": "0.75210", "2014-09-30": "", "2014-06-30": "", "2014-03-31": "", "2013-12-31": "", "2013-09-30": "", "2013-06-30": "", "2013-03-31": "", "2012-12-31": "", "2012-09-30": "", "2012-06-30": "", "2012-03-31": "", "2011-12-31": "", "2011-09-30": "", "2011-06-30": "", "2011-03-31": "", "2010-12-31": "", "2010-09-30": "", "2010-06-30": "", "2010-03-31": "", "2009-12-31": "", "2009-09-30": "", "2009-06-30": "", "2009-03-31": "", "2008-12-31": "", "2008-09-30": "", "2008-06-30": "", "2008-03-31": "", "2007-12-31": "", "2007-09-30": "", "2007-06-30": "", "2007-03-31": "", "2006-12-31": "", "2006-09-30": "", "2006-06-30": "", "2006-03-31": "", "2005-12-31": "", "2005-09-30": "0.00010", "2005-06-30": "0.00010", "2005-03-31": "0.00010"}, "Debt/Equity Ratio": {"2020-09-30": "0.81150", "2020-06-30": "0.67610", "2020-03-31": "0.80890", "2019-12-31": "0.69440", "2019-09-30": "0.89670", "2019-06-30": "1.10130", "2019-03-31": "1.18340", "2018-12-31": "1.19180", "2018-09-30": "1.56640", "2018-06-30": "1.86300", "2018-03-31": "2.17430", "2017-12-31": "2.67030", "2017-09-30": "3.05280", "2017-06-30": "2.97780", "2017-03-31": "3.23650", "2016-12-31": "3.34340", "2016-09-30": "3.72730", "2016-06-30": "3.51650", "2016-03-31": "3.41120", "2015-12-31": "3.37290", "2015-09-30": "3.32950", "2015-06-30": "3.19500", "2015-03-31": "3.06450", "2014-12-31": "3.03850", "2014-09-30": "", "2014-06-30": "", "2014-03-31": "", "2013-12-31": "", "2013-09-30": "", "2013-06-30": "", "2013-03-31": "", "2012-12-31": "", "2012-09-30": "", "2012-06-30": "", "2012-03-31": "", "2011-12-31": "", "2011-09-30": "", "2011-06-30": "", "2011-03-31": "", "2010-12-31": "", "2010-09-30": "", "2010-06-30": "", "2010-03-31": "", "2009-12-31": "", "2009-09-30": "", "2009-06-30": "", "2009-03-31": "", "2008-12-31": "", "2008-09-30": "", "2008-06-30": "", "2008-03-31": "", "2007-12-31": "", "2007-09-30": "", "2007-06-30": "", "2007-03-31": "", "2006-12-31": "", "2006-09-30": "", "2006-06-30": "", "2006-03-31": "", "2005-12-31": "", "2005-09-30": "0.00020", "2005-06-30": "0.00020", "2005-03-31": "0.00020"}, "Gross Margin": {"2020-09-30": "43.55120", "2020-06-30": "43.82850", "2020-03-31": "44.96200", "2019-12-31": "45.63760", "2019-09-30": "47.34510", "2019-06-30": "47.40200", "2019-03-31": "46.99810", "2018-12-31": "47.40550", "2018-09-30": "46.24540", "2018-06-30": "46.64030", "2018-03-31": "47.59470", "2017-12-31": "45.71150", "2017-09-30": "45.88240", "2017-06-30": "45.87050", "2017-03-31": "46.35840", "2016-12-31": "45.85990", "2016-09-30": "45.79650", "2016-06-30": "46.18890", "2016-03-31": "45.93640", "2015-12-31": "45.00530", "2015-09-30": "45.19650", "2015-06-30": "44.15730", "2015-03-31": "45.80070", "2014-12-31": "42.52470", "2014-09-30": "49.95710", "2014-06-30": "49.29220", "2014-03-31": "51.31960", "2013-12-31": "49.37690", "2013-09-30": "48.80410", "2013-06-30": "47.75910", "2013-03-31": "47.71940", "2012-12-31": "49.15890", "2012-09-30": "50.35930", "2012-06-30": "48.72040", "2012-03-31": "49.15760", "2011-12-31": "49.13710", "2011-09-30": "48.77000", "2011-06-30": "49.56320", "2011-03-31": "50.56790", "2010-12-31": "48.86610", "2010-09-30": "47.53860", "2010-06-30": "45.48400", "2010-03-31": "46.12010", "2009-12-31": "37.06290", "2009-09-30": "45.67130", "2009-06-30": "43.55170", "2009-03-31": "44.55090", "2008-12-31": "47.68020", "2008-09-30": "48.25850", "2008-06-30": "50.32470", "2008-03-31": "49.90930", "2007-12-31": "48.50650", "2007-09-30": "48.16730", "2007-06-30": "47.58080", "2007-03-31": "47.84350", "2006-12-31": "46.88360", "2006-09-30": "47.09900", "2006-06-30": "47.76730", "2006-03-31": "47.03720", "2005-12-31": "49.98050", "2005-09-30": "49.83770", "2005-06-30": "50.47560", "2005-03-31": "51.03350"}, "Operating Margin": {"2020-09-30": "13.25090", "2020-06-30": "12.44770", "2020-03-31": "14.35360", "2019-12-31": "15.77180", "2019-09-30": "16.37170", "2019-06-30": "14.58520", "2019-03-31": "14.91560", "2018-12-31": "15.74320", "2018-09-30": "14.83520", "2018-06-30": "12.35180", "2018-03-31": "14.73900", "2017-12-31": "12.96300", "2017-09-30": "9.73260", "2017-06-30": "6.47320", "2017-03-31": "4.62430", "2016-12-31": "7.53720", "2016-09-30": "-2.65490", "2016-06-30": "2.61660", "2016-03-31": "1.17790", "2015-12-31": "0.63090", "2015-09-30": "2.72930", "2015-06-30": "-1.57300", "2015-03-31": "2.23960", "2014-12-31": "-3.08820", "2014-09-30": "8.88840", "2014-06-30": "11.46410", "2014-03-31": "18.52720", "2013-12-31": "17.16540", "2013-09-30": "17.74760", "2013-06-30": "14.31550", "2013-03-31": "11.89130", "2012-12-31": "17.42560", "2012-09-30": "15.38070", "2012-06-30": "15.97030", "2012-03-31": "17.22560", "2011-12-31": "17.03260", "2011-09-30": "19.29440", "2011-06-30": "19.00740", "2011-03-31": "18.69440", "2010-12-31": "18.38740", "2010-09-30": "17.55000", "2010-06-30": "14.60160", "2010-03-31": "15.54000", "2009-12-31": "17.60590", "2009-09-30": "7.58950", "2009-06-30": "7.00780", "2009-03-31": "7.35890", "2008-12-31": "-56.90770", "2008-09-30": "16.66720", "2008-06-30": "14.56720", "2008-03-31": "15.97960", "2007-12-31": "15.78140", "2007-09-30": "17.04370", "2007-06-30": "16.26000", "2007-03-31": "16.94010", "2006-12-31": "12.25280", "2006-09-30": "-8.73350", "2006-06-30": "20.18450", "2006-03-31": "18.85970", "2005-12-31": "20.13340", "2005-09-30": "21.63620", "2005-06-30": "20.03410", "2005-03-31": "21.40610"}, "EBIT Margin": {"2020-09-30": "13.25090", "2020-06-30": "12.44770", "2020-03-31": "14.35360", "2019-12-31": "15.77180", "2019-09-30": "16.37170", "2019-06-30": "14.58520", "2019-03-31": "14.91560", "2018-12-31": "15.74320", "2018-09-30": "14.83520", "2018-06-30": "12.35180", "2018-03-31": "14.73900", "2017-12-31": "12.96300", "2017-09-30": "9.73260", "2017-06-30": "6.47320", "2017-03-31": "4.62430", "2016-12-31": "7.53720", "2016-09-30": "-2.65490", "2016-06-30": "2.61660", "2016-03-31": "1.17790", "2015-12-31": "0.63090", "2015-09-30": "2.72930", "2015-06-30": "-1.57300", "2015-03-31": "2.23960", "2014-12-31": "-3.08820", "2014-09-30": "8.88840", "2014-06-30": "11.46410", "2014-03-31": "18.52720", "2013-12-31": "17.16540", "2013-09-30": "17.74760", "2013-06-30": "14.31550", "2013-03-31": "11.89130", "2012-12-31": "17.42560", "2012-09-30": "15.38070", "2012-06-30": "15.97030", "2012-03-31": "17.22560", "2011-12-31": "17.03260", "2011-09-30": "19.29440", "2011-06-30": "19.00740", "2011-03-31": "18.69440", "2010-12-31": "18.38740", "2010-09-30": "17.55000", "2010-06-30": "14.60160", "2010-03-31": "15.54000", "2009-12-31": "17.60590", "2009-09-30": "7.58950", "2009-06-30": "7.00780", "2009-03-31": "7.35890", "2008-12-31": "-56.90770", "2008-09-30": "16.66720", "2008-06-30": "14.56720", "2008-03-31": "15.97960", "2007-12-31": "15.78140", "2007-09-30": "17.04370", "2007-06-30": "16.26000", "2007-03-31": "16.94010", "2006-12-31": "12.25280", "2006-09-30": "-8.73350", "2006-06-30": "20.18450", "2006-03-31": "18.85970", "2005-12-31": "20.13340", "2005-09-30": "21.63620", "2005-06-30": "20.03410", "2005-03-31": "21.40610"}, "EBITDA Margin": {"2020-09-30": "", "2020-06-30": "", "2020-03-31": "", "2019-12-31": "", "2019-09-30": "", "2019-06-30": "", "2019-03-31": "", "2018-12-31": "", "2018-09-30": "", "2018-06-30": "", "2018-03-31": "", "2017-12-31": "", "2017-09-30": "", "2017-06-30": "", "2017-03-31": "", "2016-12-31": "", "2016-09-30": "", "2016-06-30": "", "2016-03-31": "", "2015-12-31": "", "2015-09-30": "", "2015-06-30": "", "2015-03-31": "", "2014-12-31": "", "2014-09-30": "", "2014-06-30": "", "2014-03-31": "", "2013-12-31": "", "2013-09-30": "", "2013-06-30": "", "2013-03-31": "", "2012-12-31": "", "2012-09-30": "", "2012-06-30": "", "2012-03-31": "", "2011-12-31": "", "2011-09-30": "", "2011-06-30": "", "2011-03-31": "", "2010-12-31": "", "2010-09-30": "", "2010-06-30": "", "2010-03-31": "", "2009-12-31": "", "2009-09-30": "", "2009-06-30": "", "2009-03-31": "", "2008-12-31": "", "2008-09-30": "", "2008-06-30": "", "2008-03-31": "", "2007-12-31": "", "2007-09-30": "", "2007-06-30": "", "2007-03-31": "", "2006-12-31": "", "2006-09-30": "", "2006-06-30": "", "2006-03-31": "", "2005-12-31": "", "2005-09-30": "", "2005-06-30": "", "2005-03-31": ""}, "Pre-Tax Profit Margin": {"2020-09-30": "12.19080", "2020-06-30": "10.77410", "2020-03-31": "9.79090", "2019-12-31": "15.01680", "2019-09-30": "14.07080", "2019-06-30": "11.75930", "2019-03-31": "12.28890", "2018-12-31": "13.01670", "2018-09-30": "13.09520", "2018-06-30": "9.88140", "2018-03-31": "13.61310", "2017-12-31": "7.60230", "2017-09-30": "-0.74870", "2017-06-30": "2.12050", "2017-03-31": "-0.23120", "2016-12-31": "2.12310", "2016-09-30": "-8.51770", "2016-06-30": "-3.75430", "2016-03-31": "-4.59360", "2015-12-31": "-4.62670", "2015-09-30": "-2.72930", "2015-06-30": "-5.95510", "2015-03-31": "-6.49500", "2014-12-31": "-11.67430", "2014-09-30": "8.17950", "2014-06-30": "10.74710", "2014-03-31": "18.57470", "2013-12-31": "17.71540", "2013-09-30": "17.88880", "2013-06-30": "14.89810", "2013-03-31": "12.13990", "2012-12-31": "17.40350", "2012-09-30": "15.27470", "2012-06-30": "16.07560", "2012-03-31": "17.17890", "2011-12-31": "16.62380", "2011-09-30": "18.93990", "2011-06-30": "18.83640", "2011-03-31": "18.69950", "2010-12-31": "18.26860", "2010-09-30": "17.69220", "2010-06-30": "14.87750", "2010-03-31": "15.88910", "2009-12-31": "18.40880", "2009-09-30": "8.13830", "2009-06-30": "7.05950", "2009-03-31": "7.13930", "2008-12-31": "-55.33480", "2008-09-30": "14.58660", "2008-06-30": "15.35610", "2008-03-31": "17.13720", "2007-12-31": "19.77540", "2007-09-30": "18.94960", "2007-06-30": "18.73280", "2007-03-31": "19.60340", "2006-12-31": "15.09790", "2006-09-30": "-5.42150", "2006-06-30": "22.54120", "2006-03-31": "21.50510", "2005-12-31": "22.26340", "2005-09-30": "23.79870", "2005-06-30": "22.08040", "2005-03-31": "23.17680"}, "Net Profit Margin": {"2020-09-30": "10.24740", "2020-06-30": "10.46030", "2020-03-31": "8.46010", "2019-12-31": "14.17790", "2019-09-30": "12.03540", "2019-06-30": "11.30360", "2019-03-31": "10.78800", "2018-12-31": "10.11430", "2018-09-30": "11.63000", "2018-06-30": "6.91700", "2018-03-31": "11.15660", "2017-12-31": "0.38990", "2017-09-30": "-1.28340", "2017-06-30": "1.89730", "2017-03-31": "0.92490", "2016-12-31": "1.80470", "2016-09-30": "-9.18140", "2016-06-30": "-5.11950", "2016-03-31": "-3.06240", "2015-12-31": "-2.83910", "2015-09-30": "-3.16590", "2015-06-30": "-8.65170", "2015-03-31": "-2.79960", "2014-12-31": "-6.58730", "2014-09-30": "4.92790", "2014-06-30": "9.55440", "2014-03-31": "14.43310", "2013-12-31": "14.52000", "2013-09-30": "14.64770", "2013-06-30": "12.07380", "2013-03-31": "9.93600", "2012-12-31": "13.82030", "2012-09-30": "10.75120", "2012-06-30": "12.40630", "2012-03-31": "12.36860", "2011-12-31": "14.17020", "2011-09-30": "17.76320", "2011-06-30": "13.42510", "2011-03-31": "25.97290", "2010-12-31": "12.05760", "2010-09-30": "11.37960", "2010-06-30": "10.37570", "2010-03-31": "11.66790", "2009-12-31": "11.19940", "2009-09-30": "5.53400", "2009-06-30": "4.80140", "2009-03-31": "4.85540", "2008-12-31": "-50.46310", "2008-09-30": "10.55830", "2008-06-30": "10.05820", "2008-03-31": "11.22480", "2007-12-31": "13.18770", "2007-09-30": "12.41200", "2007-06-30": "12.26980", "2007-03-31": "12.80880", "2006-12-31": "10.21710", "2006-09-30": "-2.28720", "2006-06-30": "14.76460", "2006-03-31": "14.84010", "2005-12-31": "14.97210", "2005-09-30": "15.98480", "2005-06-30": "14.40770", "2005-03-31": "15.12300"}, "Asset Turnover": {"2020-09-30": "0.21580", "2020-06-30": "0.20750", "2020-03-31": "0.23170", "2019-12-31": "0.25300", "2019-09-30": "0.24000", "2019-06-30": "0.23340", "2019-03-31": "0.23300", "2018-12-31": "0.26200", "2018-09-30": "0.24820", "2018-06-30": "0.23670", "2018-03-31": "0.22990", "2017-12-31": "0.24000", "2017-09-30": "0.20660", "2017-06-30": "0.20160", "2017-03-31": "0.19090", "2016-12-31": "0.20340", "2016-09-30": "0.19240", "2016-06-30": "0.18290", "2016-03-31": "0.17200", "2015-12-31": "0.18870", "2015-09-30": "0.17690", "2015-06-30": "0.17060", "2015-03-31": "0.16370", "2014-12-31": "0.14280", "2014-09-30": "0.23630", "2014-06-30": "0.23660", "2014-03-31": "0.24800", "2013-12-31": "0.25400", "2013-09-30": "0.25640", "2013-06-30": "0.24850", "2013-03-31": "0.24090", "2012-12-31": "0.26160", "2012-09-30": "0.26790", "2012-06-30": "0.26600", "2012-03-31": "0.26940", "2011-12-31": "0.27510", "2011-09-30": "0.29740", "2011-06-30": "0.28180", "2011-03-31": "0.26540", "2010-12-31": "0.26630", "2010-09-30": "0.26360", "2010-06-30": "0.25960", "2010-03-31": "0.25630", "2009-12-31": "0.18960", "2009-09-30": "0.24680", "2009-06-30": "0.23210", "2009-03-31": "0.23990", "2008-12-31": "0.27330", "2008-09-30": "0.23520", "2008-06-30": "0.23710", "2008-03-31": "0.23090", "2007-12-31": "0.22580", "2007-09-30": "0.20930", "2007-06-30": "0.20230", "2007-03-31": "0.20840", "2006-12-31": "0.21790", "2006-09-30": "0.18860", "2006-06-30": "0.19010", "2006-03-31": "0.18460", "2005-12-31": "0.19520", "2005-09-30": "0.19910", "2005-06-30": "0.19220", "2005-03-31": "0.18950"}, "Inventory Turnover Ratio": {"2020-09-30": "1.32020", "2020-06-30": "1.04680", "2020-03-31": "1.30700", "2019-12-31": "1.36710", "2019-09-30": "1.27140", "2019-06-30": "1.19210", "2019-03-31": "1.10780", "2018-12-31": "1.15000", "2018-09-30": "1.19070", "2018-06-30": "1.16130", "2018-03-31": "1.14290", "2017-12-31": "1.21620", "2017-09-30": "1.02850", "2017-06-30": "1.17150", "2017-03-31": "1.23400", "2016-12-31": "1.47830", "2016-09-30": "1.42030", "2016-06-30": "1.30660", "2016-03-31": "1.18910", "2015-12-31": "1.31740", "2015-09-30": "1.22990", "2015-06-30": "1.22880", "2015-03-31": "1.19370", "2014-12-31": "1.15390", "2014-09-30": "1.08700", "2014-06-30": "1.15980", "2014-03-31": "1.17560", "2013-12-31": "1.18950", "2013-09-30": "1.26530", "2013-06-30": "1.21170", "2013-03-31": "1.06400", "2012-12-31": "1.04350", "2012-09-30": "1.01790", "2012-06-30": "1.08580", "2012-03-31": "0.98310", "2011-12-31": "0.94370", "2011-09-30": "1.07810", "2011-06-30": "1.04850", "2011-03-31": "0.97340", "2010-12-31": "1.05920", "2010-09-30": "1.25790", "2010-06-30": "1.40160", "2010-03-31": "1.40030", "2009-12-31": "1.23960", "2009-09-30": "1.36680", "2009-06-30": "1.14040", "2009-03-31": "1.05480", "2008-12-31": "1.21440", "2008-09-30": "1.18850", "2008-06-30": "1.24400", "2008-03-31": "1.37920", "2007-12-31": "1.41440", "2007-09-30": "1.33220", "2007-06-30": "1.37790", "2007-03-31": "1.36730", "2006-12-31": "1.37320", "2006-09-30": "1.20140", "2006-06-30": "1.26530", "2006-03-31": "1.39800", "2005-12-31": "1.40930", "2005-09-30": "1.38340", "2005-06-30": "1.37590", "2005-03-31": "1.30830"}, "Receiveable Turnover": {"2020-09-30": "1.90570", "2020-06-30": "2.08730", "2020-03-31": "1.96270", "2019-12-31": "1.84810", "2019-09-30": "1.70180", "2019-06-30": "1.73030", "2019-03-31": "2.09430", "2018-12-31": "2.09010", "2018-09-30": "1.78430", "2018-06-30": "1.85350", "2018-03-31": "1.94620", "2017-12-31": "1.97690", "2017-09-30": "1.42530", "2017-06-30": "1.51350", "2017-03-31": "1.49650", "2016-12-31": "1.43380", "2016-09-30": "1.50920", "2016-06-30": "1.39300", "2016-03-31": "1.40100", "2015-12-31": "1.40890", "2015-09-30": "1.43900", "2015-06-30": "1.30800", "2015-03-31": "1.27880", "2014-12-31": "1.15650", "2014-09-30": "1.53670", "2014-06-30": "1.65490", "2014-03-31": "1.58050", "2013-12-31": "1.54100", "2013-09-30": "1.45400", "2013-06-30": "1.41960", "2013-03-31": "1.39990", "2012-12-31": "1.50050", "2012-09-30": "1.52600", "2012-06-30": "1.42350", "2012-03-31": "1.37150", "2011-12-31": "1.26230", "2011-09-30": "1.32220", "2011-06-30": "1.53670", "2011-03-31": "1.54590", "2010-12-31": "1.79820", "2010-09-30": "1.38920", "2010-06-30": "1.45620", "2010-03-31": "1.45550", "2009-12-31": "1.01090", "2009-09-30": "1.38710", "2009-06-30": "1.34260", "2009-03-31": "1.33360", "2008-12-31": "1.49680", "2008-09-30": "1.41960", "2008-06-30": "1.41710", "2008-03-31": "1.43300", "2007-12-31": "1.54910", "2007-09-30": "1.62250", "2007-06-30": "1.67690", "2007-03-31": "1.52390", "2006-12-31": "1.71290", "2006-09-30": "1.52010", "2006-06-30": "1.62000", "2006-03-31": "1.51020", "2005-12-31": "1.60730", "2005-09-30": "1.78680", "2005-06-30": "1.68210", "2005-03-31": "1.68910"}, "Days Sales In Receivables": {"2020-09-30": "47.22620", "2020-06-30": "43.11720", "2020-03-31": "45.85550", "2019-12-31": "48.69970", "2019-09-30": "52.88500", "2019-06-30": "52.01460", "2019-03-31": "42.97370", "2018-12-31": "43.06070", "2018-09-30": "50.43960", "2018-06-30": "48.55730", "2018-03-31": "46.24360", "2017-12-31": "45.52630", "2017-09-30": "63.14440", "2017-06-30": "59.46430", "2017-03-31": "60.13870", "2016-12-31": "62.77070", "2016-09-30": "59.63500", "2016-06-30": "64.60750", "2016-03-31": "64.24030", "2015-12-31": "63.88010", "2015-09-30": "62.54180", "2015-06-30": "68.80780", "2015-03-31": "70.37670", "2014-12-31": "77.82170", "2014-09-30": "58.56800", "2014-06-30": "54.38490", "2014-03-31": "56.94260", "2013-12-31": "58.40250", "2013-09-30": "61.89920", "2013-06-30": "63.39990", "2013-03-31": "64.29120", "2012-12-31": "59.98080", "2012-09-30": "58.97710", "2012-06-30": "63.22260", "2012-03-31": "65.62330", "2011-12-31": "71.29930", "2011-09-30": "68.06750", "2011-06-30": "58.56570", "2011-03-31": "58.22020", "2010-12-31": "50.05090", "2010-09-30": "64.78510", "2010-06-30": "61.80640", "2010-03-31": "61.83640", "2009-12-31": "89.02640", "2009-09-30": "64.88240", "2009-06-30": "67.03440", "2009-03-31": "67.48890", "2008-12-31": "60.12800", "2008-09-30": "63.39710", "2008-06-30": "63.50840", "2008-03-31": "62.80560", "2007-12-31": "58.09640", "2007-09-30": "55.47050", "2007-06-30": "53.67120", "2007-03-31": "59.05780", "2006-12-31": "52.54140", "2006-09-30": "59.20650", "2006-06-30": "55.55610", "2006-03-31": "59.59340", "2005-12-31": "55.99510", "2005-09-30": "50.37020", "2005-06-30": "53.50600", "2005-03-31": "53.28400"}, "ROE - Return On Equity": {"2020-09-30": "6.00730", "2020-06-30": "5.54630", "2020-03-31": "5.15340", "2019-12-31": "9.18980", "2019-09-30": "8.02830", "2019-06-30": "7.95380", "2019-03-31": "7.83910", "2018-12-31": "8.61420", "2018-09-30": "10.46990", "2018-06-30": "6.52380", "2018-03-31": "11.11110", "2017-12-31": "0.47960", "2017-09-30": "-1.47420", "2017-06-30": "2.09360", "2017-03-31": "1.00630", "2016-12-31": "2.14650", "2016-09-30": "-11.09630", "2016-06-30": "-5.50800", "2016-03-31": "-3.01970", "2015-12-31": "-3.02350", "2015-09-30": "-3.17280", "2015-06-30": "-8.09170", "2015-03-31": "-2.43670", "2014-12-31": "-5.01040", "2014-09-30": "1.38800", "2014-06-30": "2.62930", "2014-03-31": "4.12370", "2013-12-31": "4.30810", "2013-09-30": "4.24020", "2013-06-30": "3.40830", "2013-03-31": "2.65600", "2012-12-31": "4.06060", "2012-09-30": "3.19090", "2012-06-30": "3.69720", "2012-03-31": "3.77490", "2011-12-31": "4.22940", "2011-09-30": "4.58300", "2011-06-30": "4.38920", "2011-03-31": "3.99360", "2010-12-31": "4.05940", "2010-09-30": "3.72890", "2010-06-30": "3.07850", "2010-03-31": "3.54370", "2009-12-31": "2.67040", "2009-09-30": "1.57260", "2009-06-30": "1.28830", "2009-03-31": "1.34630", "2008-12-31": "-16.51260", "2008-09-30": "2.89840", "2008-06-30": "2.78220", "2008-03-31": "3.07440", "2007-12-31": "3.41230", "2007-09-30": "2.89110", "2007-06-30": "2.71720", "2007-03-31": "2.93220", "2006-12-31": "2.44350", "2006-09-30": "-0.46390", "2006-06-30": "3.00430", "2006-03-31": "2.78960", "2005-12-31": "3.12880", "2005-09-30": "3.42180", "2005-06-30": "2.96350", "2005-03-31": "3.11460"}, "Return On Tangible Equity": {"2020-09-30": "-7.76440", "2020-06-30": "-9.43400", "2020-03-31": "-7.74590", "2019-12-31": "-15.97350", "2019-09-30": "-11.20260", "2019-06-30": "-8.94660", "2019-03-31": "-8.15020", "2018-12-31": "-8.26150", "2018-09-30": "-8.23070", "2018-06-30": "-4.26570", "2018-03-31": "-6.20020", "2017-12-31": "-0.20730", "2017-09-30": "0.60510", "2017-06-30": "-0.83660", "2017-03-31": "-0.38190", "2016-12-31": "-0.79220", "2016-09-30": "3.69710", "2016-06-30": "1.94300", "2016-03-31": "1.11540", "2015-12-31": "1.14700", "2015-09-30": "1.21270", "2015-06-30": "3.16970", "2015-03-31": "1.03380", "2014-12-31": "2.10200", "2014-09-30": "1.73340", "2014-06-30": "3.32560", "2014-03-31": "5.28770", "2013-12-31": "5.62750", "2013-09-30": "4.93730", "2013-06-30": "3.98820", "2013-03-31": "3.12170", "2012-12-31": "4.81370", "2012-09-30": "3.80450", "2012-06-30": "4.15710", "2012-03-31": "4.26370", "2011-12-31": "4.80010", "2011-09-30": "5.18930", "2011-06-30": "4.96610", "2011-03-31": "4.52520", "2010-12-31": "4.62630", "2010-09-30": "5.17320", "2010-06-30": "4.29070", "2010-03-31": "4.95920", "2009-12-31": "3.78130", "2009-09-30": "2.24730", "2009-06-30": "1.85630", "2009-03-31": "1.94710", "2008-12-31": "-23.80440", "2008-09-30": "5.05430", "2008-06-30": "4.75420", "2008-03-31": "5.15560", "2007-12-31": "5.73870", "2007-09-30": "3.80570", "2007-06-30": "3.49470", "2007-03-31": "3.82130", "2006-12-31": "2.77460", "2006-09-30": "-0.52250", "2006-06-30": "3.32890", "2006-03-31": "3.09510", "2005-12-31": "3.48680", "2005-09-30": "3.83760", "2005-06-30": "3.28440", "2005-03-31": "3.42920"}, "ROA - Return On Assets": {"2020-09-30": "2.21160", "2020-06-30": "2.17060", "2020-03-31": "1.96040", "2019-12-31": "3.58730", "2019-09-30": "2.88870", "2019-06-30": "2.63770", "2019-03-31": "2.51310", "2018-12-31": "2.65040", "2018-09-30": "2.88640", "2018-06-30": "1.63740", "2018-03-31": "2.56530", "2017-12-31": "0.09360", "2017-09-30": "-0.26510", "2017-06-30": "0.38250", "2017-03-31": "0.17660", "2016-12-31": "0.36700", "2016-09-30": "-1.76670", "2016-06-30": "-0.93650", "2016-03-31": "-0.52670", "2015-12-31": "-0.53570", "2015-09-30": "-0.56000", "2015-06-30": "-1.47610", "2015-03-31": "-0.45830", "2014-12-31": "-0.94070", "2014-09-30": "1.16470", "2014-06-30": "2.26070", "2014-03-31": "3.57940", "2013-12-31": "3.68810", "2013-09-30": "3.75620", "2013-06-30": "3.00010", "2013-03-31": "2.39350", "2012-12-31": "3.59590", "2012-09-30": "2.82570", "2012-06-30": "3.26800", "2012-03-31": "3.33270", "2011-12-31": "3.65500", "2011-09-30": "4.01360", "2011-06-30": "3.80650", "2011-03-31": "3.36920", "2010-12-31": "3.37200", "2010-09-30": "3.12590", "2010-06-30": "2.63490", "2010-03-31": "3.08930", "2009-12-31": "2.28990", "2009-09-30": "1.36590", "2009-06-30": "1.11430", "2009-03-31": "1.16490", "2008-12-31": "-13.79290", "2008-09-30": "2.48310", "2008-06-30": "2.38460", "2008-03-31": "2.59180", "2007-12-31": "2.97820", "2007-09-30": "2.59720", "2007-06-30": "2.48230", "2007-03-31": "2.66880", "2006-12-31": "2.22670", "2006-09-30": "-0.43150", "2006-06-30": "2.80690", "2006-03-31": "2.60080", "2005-12-31": "2.92290", "2005-09-30": "3.18200", "2005-06-30": "2.76930", "2005-03-31": "2.86540"}, "ROI - Return On Investment": {"2020-09-30": "3.84490", "2020-06-30": "3.58550", "2020-03-31": "3.07530", "2019-12-31": "5.78970", "2019-09-30": "4.52130", "2019-06-30": "3.97440", "2019-03-31": "3.74350", "2018-12-31": "4.15310", "2018-09-30": "4.17490", "2018-06-30": "2.34350", "2018-03-31": "3.54930", "2017-12-31": "0.13290", "2017-09-30": "-0.36750", "2017-06-30": "0.52630", "2017-03-31": "0.23750", "2016-12-31": "0.49420", "2016-09-30": "-2.34730", "2016-06-30": "-1.21950", "2016-03-31": "-0.68460", "2015-12-31": "-0.69140", "2015-09-30": "-0.73280", "2015-06-30": "-1.92890", "2015-03-31": "-0.59950", "2014-12-31": "-1.24180", "2014-09-30": "1.38800", "2014-06-30": "2.62930", "2014-03-31": "4.12370", "2013-12-31": "4.30810", "2013-09-30": "4.24020", "2013-06-30": "3.40830", "2013-03-31": "2.65600", "2012-12-31": "4.06060", "2012-09-30": "3.19090", "2012-06-30": "3.69720", "2012-03-31": "3.77490", "2011-12-31": "4.22940", "2011-09-30": "4.58300", "2011-06-30": "4.38920", "2011-03-31": "3.99360", "2010-12-31": "4.05940", "2010-09-30": "3.72890", "2010-06-30": "3.07850", "2010-03-31": "3.54370", "2009-12-31": "2.67040", "2009-09-30": "1.57260", "2009-06-30": "1.28830", "2009-03-31": "1.34630", "2008-12-31": "-16.51260", "2008-09-30": "2.89840", "2008-06-30": "2.78220", "2008-03-31": "3.07440", "2007-12-31": "3.41230", "2007-09-30": "2.89110", "2007-06-30": "2.71720", "2007-03-31": "2.93220", "2006-12-31": "2.44350", "2006-09-30": "-0.46390", "2006-06-30": "3.00430", "2006-03-31": "2.78960", "2005-12-31": "3.12880", "2005-09-30": "3.42150", "2005-06-30": "2.96320", "2005-03-31": "3.11420"}, "Book Value Per Share": {"2020-09-30": "36.23030", "2020-06-30": "33.81280", "2020-03-31": "32.54440", "2019-12-31": "34.05370", "2019-09-30": "31.34310", "2019-06-30": "28.81270", "2019-03-31": "27.17880", "2018-12-31": "24.78140", "2018-09-30": "22.54520", "2018-06-30": "19.98440", "2018-03-31": "18.37180", "2017-12-31": "15.66610", "2017-09-30": "15.30330", "2017-06-30": "15.28930", "2017-03-31": "15.07000", "2016-12-31": "14.97590", "2016-09-30": "14.16240", "2016-06-30": "15.48050", "2016-03-31": "16.46780", "2015-12-31": "17.11970", "2015-09-30": "17.53940", "2015-06-30": "18.27310", "2015-03-31": "19.79550", "2014-12-31": "20.13400", "2014-09-30": "21.14840", "2014-06-30": "20.65150", "2014-03-31": "19.98340", "2013-12-31": "19.03990", "2013-09-30": "18.12350", "2013-06-30": "17.65550", "2013-03-31": "17.37360", "2012-12-31": "16.83430", "2012-09-30": "16.25360", "2012-06-30": "15.88490", "2012-03-31": "15.39380", "2011-12-31": "14.91360", "2011-09-30": "14.23860", "2011-06-30": "13.95050", "2011-03-31": "13.78390", "2010-12-31": "13.10390", "2010-09-30": "12.92830", "2010-06-30": "12.59970", "2010-03-31": "12.48890", "2009-12-31": "12.21200", "2009-09-30": "12.00930", "2009-06-30": "11.83700", "2009-03-31": "11.69440", "2008-12-31": "11.67790", "2008-09-30": "14.03820", "2008-06-30": "14.10290", "2008-03-31": "13.74920", "2007-12-31": "13.60090", "2007-09-30": "13.71020", "2007-06-30": "13.64300", "2007-03-31": "13.19480", "2006-12-31": "12.75140", "2006-09-30": "12.99140", "2006-06-30": "13.00690", "2006-03-31": "12.54930", "2005-12-31": "12.17830", "2005-09-30": "11.66390", "2005-06-30": "11.90960", "2005-03-31": "11.51820"}, "Operating Cash Flow Per Share": {"2020-09-30": 3.2713, "2020-06-30": 4.6255, "2020-03-31": "1.98830", "2019-12-31": 4.8602, "2019-09-30": 4.1188, "2019-06-30": 2.7983, "2019-03-31": "0.76990", "2018-12-31": 6.0047, "2018-09-30": 3.5493, "2018-06-30": 2.754, "2018-03-31": "2.14870", "2017-12-31": 4.8817, "2017-09-30": 0.2005, "2017-06-30": 1.6111, "2017-03-31": "2.20980", "2016-12-31": 2.4921, "2016-09-30": 2.469, "2016-06-30": 0.5349, "2016-03-31": "1.87130", "2015-12-31": 0.1245, "2015-09-30": 1.875, "2015-06-30": -0.3177, "2015-03-31": "0.71050", "2014-12-31": 2.3069, "2014-09-30": 0.3764, "2014-06-30": 1.1674, "2014-03-31": "0.97610", "2013-12-31": 1.1091, "2013-09-30": 0.9145, "2013-06-30": 1.3052, "2013-03-31": "0.47040", "2012-12-31": 0.9309, "2012-09-30": 0.9784, "2012-06-30": 0.9281, "2012-03-31": "0.69890", "2011-12-31": 0.7975, "2011-09-30": 0.5113, "2011-06-30": 0.2289, "2011-03-31": "-0.09270", "2010-12-31": 0.6849, "2010-09-30": 0.6187, "2010-06-30": 0.6483, "2010-03-31": "0.51790", "2009-12-31": 0.7127, "2009-09-30": 0.5196, "2009-06-30": 0.5665, "2009-03-31": "-0.02010", "2008-12-31": 0.8979, "2008-09-30": 0.4734, "2008-06-30": 0.2877, "2008-03-31": "0.48410", "2007-12-31": 0.7052, "2007-09-30": 0.5441, "2007-06-30": 0.6586, "2007-03-31": "0.38680", "2006-12-31": 0.6655, "2006-09-30": -0.1036, "2006-06-30": 0.3189, "2006-03-31": "0.36030", "2005-12-31": 0.237, "2005-09-30": 0.5801, "2005-06-30": 0.1336, "2005-03-31": "0.28950"}, "Free Cash Flow Per Share": {"2020-09-30": 2.974, "2020-06-30": 4.25, "2020-03-31": "1.74900", "2019-12-31": 4.5481, "2019-09-30": 3.8624, "2019-06-30": 2.5244, "2019-03-31": "0.49490", "2018-12-31": 5.708, "2018-09-30": 3.2756, "2018-06-30": 2.4792, "2018-03-31": "1.81530", "2017-12-31": 4.6398, "2017-09-30": -0.0748, "2017-06-30": 1.4426, "2017-03-31": "1.96420", "2016-12-31": 1.9473, "2016-09-30": 2.2002, "2016-06-30": 0.226, "2016-03-31": "1.50100", "2015-12-31": -0.5669, "2015-09-30": 1.1365, "2015-06-30": -0.767, "2015-03-31": "0.19740", "2014-12-31": 1.9369, "2014-09-30": 0.1426, "2014-06-30": 1.0587, "2014-03-31": "0.92950", "2013-12-31": 0.9831, "2013-09-30": 0.8156, "2013-06-30": 1.1765, "2013-03-31": "0.43240", "2012-12-31": 0.8288, "2012-09-30": 0.8513, "2012-06-30": 0.8707, "2012-03-31": "0.55260", "2011-12-31": 0.6333, "2011-09-30": 0.3831, "2011-06-30": 0.0949, "2011-03-31": "-0.16300", "2010-12-31": 0.5667, "2010-09-30": 0.4628, "2010-06-30": 0.4874, "2010-03-31": "0.41800", "2009-12-31": 0.6238, "2009-09-30": 0.4027, "2009-06-30": 0.4662, "2009-03-31": "-0.13290", "2008-12-31": 0.7055, "2008-09-30": 0.3413, "2008-06-30": 0.0673, "2008-03-31": "0.39530", "2007-12-31": 0.6124, "2007-09-30": 0.4734, "2007-06-30": 0.5787, "2007-03-31": "0.30990", "2006-12-31": 0.6018, "2006-09-30": -0.1637, "2006-06-30": 0.2402, "2006-03-31": "0.29230", "2005-12-31": 0.1672, "2005-09-30": 0.5424, "2005-06-30": 0.0783, "2005-03-31": "0.25390"}}, "revenue": {"Zebra Technologies Annual Revenue (Millions of US $)": {"2019": "$4,485", "2018": "$4,218", "2017": "$3,722", "2016": "$3,574", "2015": "$3,650", "2014": "$1,671", "2013": "$1,038", "2012": "$996", "2011": "$983", "2010": "$894", "2009": "$738", "2008": "$977", "2007": "$868", "2006": "$760", "2005": "$702"}, "Zebra Technologies Quarterly Revenue (Millions of US $)": {"2020-09-30": "$1,132", "2020-06-30": "$956", "2020-03-31": "$1,052", "2019-12-31": "$1,192", "2019-09-30": "$1,130", "2019-06-30": "$1,097", "2019-03-31": "$1,066", "2018-12-31": "$1,137", "2018-09-30": "$1,092", "2018-06-30": "$1,012", "2018-03-31": "$977", "2017-12-31": "$1,026", "2017-09-30": "$935", "2017-06-30": "$896", "2017-03-31": "$865", "2016-12-31": "$942", "2016-09-30": "$904", "2016-06-30": "$879", "2016-03-31": "$849", "2015-12-31": "$951", "2015-09-30": "$916", "2015-06-30": "$890", "2015-03-31": "$893", "2014-12-31": "$791", "2014-09-30": "$303", "2014-06-30": "$288", "2014-03-31": "$288", "2013-12-31": "$284", "2013-09-30": "$264", "2013-06-30": "$253", "2013-03-31": "$237", "2012-12-31": "$253", "2012-09-30": "$252", "2012-06-30": "$247", "2012-03-31": "$244", "2011-12-31": "$247", "2011-09-30": "$253", "2011-06-30": "$246", "2011-03-31": "$237", "2010-12-31": "$234", "2010-09-30": "$230", "2010-06-30": "$219", "2010-03-31": "$212", "2009-12-31": "$157", "2009-09-30": "$201", "2009-06-30": "$188", "2009-03-31": "$193", "2008-12-31": "$233", "2008-09-30": "$244", "2008-06-30": "$254", "2008-03-31": "$246", "2007-12-31": "$234", "2007-09-30": "$217", "2007-06-30": "$209", "2007-03-31": "$209", "2006-12-31": "$210", "2006-09-30": "$186", "2006-06-30": "$187", "2006-03-31": "$176", "2005-12-31": "$179", "2005-09-30": "$176", "2005-06-30": "$177", "2005-03-31": "$171"}}, "gross-profit": {"Zebra Technologies Annual Gross Profit (Millions of US $)": {"2019": "$2,100", "2018": "$1,981", "2017": "$1,710", "2016": "$1,642", "2015": "$1,644", "2014": "$778", "2013": "$503", "2012": "$492", "2011": "$487", "2010": "$421", "2009": "$318", "2008": "$479", "2007": "$417", "2006": "$358", "2005": "$353"}, "Zebra Technologies Quarterly Gross Profit (Millions of US $)": {"2020-09-30": "$493", "2020-06-30": "$419", "2020-03-31": "$473", "2019-12-31": "$544", "2019-09-30": "$535", "2019-06-30": "$520", "2019-03-31": "$501", "2018-12-31": "$539", "2018-09-30": "$505", "2018-06-30": "$472", "2018-03-31": "$465", "2017-12-31": "$469", "2017-09-30": "$429", "2017-06-30": "$411", "2017-03-31": "$401", "2016-12-31": "$432", "2016-09-30": "$414", "2016-06-30": "$406", "2016-03-31": "$390", "2015-12-31": "$428", "2015-09-30": "$414", "2015-06-30": "$393", "2015-03-31": "$409", "2014-12-31": "$336", "2014-09-30": "$152", "2014-06-30": "$142", "2014-03-31": "$148", "2013-12-31": "$140", "2013-09-30": "$129", "2013-06-30": "$121", "2013-03-31": "$113", "2012-12-31": "$124", "2012-09-30": "$127", "2012-06-30": "$120", "2012-03-31": "$120", "2011-12-31": "$122", "2011-09-30": "$124", "2011-06-30": "$122", "2011-03-31": "$120", "2010-12-31": "$114", "2010-09-30": "$109", "2010-06-30": "$99", "2010-03-31": "$98", "2009-12-31": "$58", "2009-09-30": "$92", "2009-06-30": "$82", "2009-03-31": "$86", "2008-12-31": "$111", "2008-09-30": "$118", "2008-06-30": "$128", "2008-03-31": "$123", "2007-12-31": "$113", "2007-09-30": "$105", "2007-06-30": "$99", "2007-03-31": "$100", "2006-12-31": "$98", "2006-09-30": "$88", "2006-06-30": "$90", "2006-03-31": "$83", "2005-12-31": "$90", "2005-09-30": "$88", "2005-06-30": "$89", "2005-03-31": "$87"}}, "operating-income": {"Zebra Technologies Annual Operating Income (Millions of US $)": {"2019": "$692", "2018": "$610", "2017": "$322", "2016": "$80", "2015": "$37", "2014": "$89", "2013": "$160", "2012": "$164", "2011": "$182", "2010": "$148", "2009": "$70", "2008": "$-15", "2007": "$143", "2006": "$80", "2005": "$146"}, "Zebra Technologies Quarterly Operating Income (Millions of US $)": {"2020-09-30": "$150", "2020-06-30": "$119", "2020-03-31": "$151", "2019-12-31": "$188", "2019-09-30": "$185", "2019-06-30": "$160", "2019-03-31": "$159", "2018-12-31": "$179", "2018-09-30": "$162", "2018-06-30": "$125", "2018-03-31": "$144", "2017-12-31": "$133", "2017-09-30": "$91", "2017-06-30": "$58", "2017-03-31": "$40", "2016-12-31": "$71", "2016-09-30": "$-24", "2016-06-30": "$23", "2016-03-31": "$10", "2015-12-31": "$6", "2015-09-30": "$25", "2015-06-30": "$-14", "2015-03-31": "$20", "2014-12-31": "$-24", "2014-09-30": "$27", "2014-06-30": "$33", "2014-03-31": "$53", "2013-12-31": "$49", "2013-09-30": "$47", "2013-06-30": "$36", "2013-03-31": "$28", "2012-12-31": "$44", "2012-09-30": "$39", "2012-06-30": "$39", "2012-03-31": "$42", "2011-12-31": "$42", "2011-09-30": "$49", "2011-06-30": "$47", "2011-03-31": "$44", "2010-12-31": "$43", "2010-09-30": "$40", "2010-06-30": "$32", "2010-03-31": "$33", "2009-12-31": "$28", "2009-09-30": "$15", "2009-06-30": "$13", "2009-03-31": "$14", "2008-12-31": "$-132", "2008-09-30": "$41", "2008-06-30": "$37", "2008-03-31": "$39", "2007-12-31": "$37", "2007-09-30": "$37", "2007-06-30": "$34", "2007-03-31": "$35", "2006-12-31": "$26", "2006-09-30": "$-16", "2006-06-30": "$38", "2006-03-31": "$33", "2005-12-31": "$36", "2005-09-30": "$38", "2005-06-30": "$35", "2005-03-31": "$37"}}, "ebitda": {"Zebra Technologies Annual EBITDA (Millions of US $)": {"2019": "$873", "2018": "$800", "2017": "$623", "2016": "$469", "2015": "$373", "2014": "$172", "2013": "$192", "2012": "$200", "2011": "$206", "2010": "$179", "2009": "$103", "2008": "$23", "2007": "$170", "2006": "$97", "2005": "$159"}, "Zebra Technologies Quarterly EBITDA (Millions of US $)": {"2020-09-30": "$186", "2020-06-30": "$153", "2020-03-31": "$186", "2019-12-31": "$224", "2019-09-30": "$233", "2019-06-30": "$209", "2019-03-31": "$207", "2018-12-31": "$226", "2018-09-30": "$210", "2018-06-30": "$175", "2018-03-31": "$189", "2017-12-31": "$195", "2017-09-30": "$179", "2017-06-30": "$136", "2017-03-31": "$113", "2016-12-31": "$143", "2016-09-30": "$128", "2016-06-30": "$106", "2016-03-31": "$92", "2015-12-31": "$89", "2015-09-30": "$106", "2015-06-30": "$73", "2015-03-31": "$105", "2014-12-31": "$31", "2014-09-30": "$36", "2014-06-30": "$42", "2014-03-31": "$62", "2013-12-31": "$58", "2013-09-30": "$55", "2013-06-30": "$44", "2013-03-31": "$36", "2012-12-31": "$61", "2012-09-30": "$46", "2012-06-30": "$45", "2012-03-31": "$48", "2011-12-31": "$48", "2011-09-30": "$55", "2011-06-30": "$53", "2011-03-31": "$50", "2010-12-31": "$51", "2010-09-30": "$48", "2010-06-30": "$40", "2010-03-31": "$41", "2009-12-31": "$36", "2009-09-30": "$24", "2009-06-30": "$21", "2009-03-31": "$22", "2008-12-31": "$-122", "2008-09-30": "$50", "2008-06-30": "$46", "2008-03-31": "$48", "2007-12-31": "$45", "2007-09-30": "$44", "2007-06-30": "$40", "2007-03-31": "$41", "2006-12-31": "$30", "2006-09-30": "$-12", "2006-06-30": "$41", "2006-03-31": "$37", "2005-12-31": "$40", "2005-09-30": "$41", "2005-06-30": "$39", "2005-03-31": "$40"}}, "net-income": {"Zebra Technologies Annual Net Income (Millions of US $)": {"2019": "$544", "2018": "$421", "2017": "$17", "2016": "$-137", "2015": "$-158", "2014": "$32", "2013": "$134", "2012": "$123", "2011": "$175", "2010": "$102", "2009": "$47", "2008": "$-38", "2007": "$110", "2006": "$71", "2005": "$106"}, "Zebra Technologies Quarterly Net Income (Millions of US $)": {"2020-09-30": "$116", "2020-06-30": "$100", "2020-03-31": "$89", "2019-12-31": "$169", "2019-09-30": "$136", "2019-06-30": "$124", "2019-03-31": "$115", "2018-12-31": "$115", "2018-09-30": "$127", "2018-06-30": "$70", "2018-03-31": "$109", "2017-12-31": "$4", "2017-09-30": "$-12", "2017-06-30": "$17", "2017-03-31": "$8", "2016-12-31": "$17", "2016-09-30": "$-83", "2016-06-30": "$-45", "2016-03-31": "$-26", "2015-12-31": "$-27", "2015-09-30": "$-29", "2015-06-30": "$-77", "2015-03-31": "$-25", "2014-12-31": "$-52", "2014-09-30": "$15", "2014-06-30": "$28", "2014-03-31": "$42", "2013-12-31": "$41", "2013-09-30": "$39", "2013-06-30": "$31", "2013-03-31": "$24", "2012-12-31": "$35", "2012-09-30": "$27", "2012-06-30": "$31", "2012-03-31": "$30", "2011-12-31": "$35", "2011-09-30": "$45", "2011-06-30": "$33", "2011-03-31": "$62", "2010-12-31": "$28", "2010-09-30": "$26", "2010-06-30": "$23", "2010-03-31": "$25", "2009-12-31": "$18", "2009-09-30": "$11", "2009-06-30": "$9", "2009-03-31": "$9", "2008-12-31": "$-117", "2008-09-30": "$26", "2008-06-30": "$26", "2008-03-31": "$28", "2007-12-31": "$31", "2007-09-30": "$27", "2007-06-30": "$26", "2007-03-31": "$27", "2006-12-31": "$21", "2006-09-30": "$-4", "2006-06-30": "$28", "2006-03-31": "$26", "2005-12-31": "$27", "2005-09-30": "$28", "2005-06-30": "$25", "2005-03-31": "$26"}}, "eps-earnings-per-share-diluted": {"Zebra Technologies Annual EPS": {"2019": "$9.97", "2018": "$7.76", "2017": "$0.32", "2016": "$-2.65", "2015": "$-3.10", "2014": "$0.63", "2013": "$2.63", "2012": "$2.37", "2011": "$3.22", "2010": "$1.77", "2009": "$0.79", "2008": "$-0.60", "2007": "$1.60", "2006": "$1.00", "2005": "$1.47"}, "Zebra Technologies Quarterly EPS": {"2020-09-30": "$2.16", "2020-06-30": "$1.85", "2020-03-31": "$1.65", "2019-12-31": "$3.09", "2019-09-30": "$2.50", "2019-06-30": "$2.26", "2019-03-31": "$2.12", "2018-12-31": "$2.12", "2018-09-30": "$2.34", "2018-06-30": "$1.29", "2018-03-31": "$2.01", "2017-12-31": "$0.07", "2017-09-30": "$-0.23", "2017-06-30": "$0.32", "2017-03-31": "$0.16", "2016-12-31": "$0.34", "2016-09-30": "$-1.61", "2016-06-30": "$-0.88", "2016-03-31": "$-0.50", "2015-12-31": "$-0.53", "2015-09-30": "$-0.57", "2015-06-30": "$-1.50", "2015-03-31": "$-0.50", "2014-12-31": "$-1.02", "2014-09-30": "$0.29", "2014-06-30": "$0.54", "2014-03-31": "$0.82", "2013-12-31": "$0.81", "2013-09-30": "$0.76", "2013-06-30": "$0.60", "2013-03-31": "$0.46", "2012-12-31": "$0.68", "2012-09-30": "$0.52", "2012-06-30": "$0.59", "2012-03-31": "$0.58", "2011-12-31": "$0.68", "2011-09-30": "$0.84", "2011-06-30": "$0.60", "2011-03-31": "$1.10", "2010-12-31": "$0.50", "2010-09-30": "$0.46", "2010-06-30": "$0.39", "2010-03-31": "$0.42", "2009-12-31": "$0.29", "2009-09-30": "$0.19", "2009-06-30": "$0.15", "2009-03-31": "$0.16", "2008-12-31": "$-1.81", "2008-09-30": "$0.40", "2008-06-30": "$0.39", "2008-03-31": "$0.42", "2007-12-31": "$0.45", "2007-09-30": "$0.39", "2007-06-30": "$0.37", "2007-03-31": "$0.39", "2006-12-31": "$0.30", "2006-09-30": "$-0.06", "2006-06-30": "$0.39", "2006-03-31": "$0.37", "2005-12-31": "$0.37", "2005-09-30": "$0.39", "2005-06-30": "$0.35", "2005-03-31": "$0.36"}}, "shares-outstanding": {"Zebra Technologies Annual Shares Outstanding (Millions of Shares)": {"2019": "55", "2018": "54", "2017": "54", "2016": "52", "2015": "51", "2014": "51", "2013": "51", "2012": "52", "2011": "54", "2010": "57", "2009": "59", "2008": "65", "2007": "69", "2006": "71", "2005": "72"}, "Zebra Technologies Quarterly Shares Outstanding (Millions of Shares)": {"2020-09-30": "54", "2020-06-30": "54", "2020-03-31": "54", "2019-12-31": "55", "2019-09-30": "55", "2019-06-30": "55", "2019-03-31": "55", "2018-12-31": "54", "2018-09-30": "54", "2018-06-30": "54", "2018-03-31": "54", "2017-12-31": "54", "2017-09-30": "52", "2017-06-30": "53", "2017-03-31": "53", "2016-12-31": "52", "2016-09-30": "52", "2016-06-30": "52", "2016-03-31": "51", "2015-12-31": "51", "2015-09-30": "51", "2015-06-30": "51", "2015-03-31": "51", "2014-12-31": "51", "2014-09-30": "51", "2014-06-30": "51", "2014-03-31": "51", "2013-12-31": "51", "2013-09-30": "51", "2013-06-30": "51", "2013-03-31": "51", "2012-12-31": "52", "2012-09-30": "52", "2012-06-30": "52", "2012-03-31": "52", "2011-12-31": "54", "2011-09-30": "54", "2011-06-30": "55", "2011-03-31": "56", "2010-12-31": "57", "2010-09-30": "57", "2010-06-30": "58", "2010-03-31": "58", "2009-12-31": "59", "2009-09-30": "59", "2009-06-30": "59", "2009-03-31": "60", "2008-12-31": "65", "2008-09-30": "65", "2008-06-30": "66", "2008-03-31": "67", "2007-12-31": "69", "2007-09-30": "69", "2007-06-30": "70", "2007-03-31": "69", "2006-12-31": "71", "2006-09-30": "71", "2006-06-30": "71", "2006-03-31": "71", "2005-12-31": "72", "2005-09-30": "72", "2005-06-30": "73", "2005-03-31": "73"}}, "total-assets": {"Zebra Technologies Annual Total Assets (Millions of US $)": {"2019": "$4,711", "2018": "$4,339", "2017": "$4,275", "2016": "$4,632", "2015": "$5,040", "2014": "$5,539", "2013": "$1,120", "2012": "$968", "2011": "$899", "2010": "$879", "2009": "$830", "2008": "$851", "2007": "$1,034", "2006": "$963", "2005": "$918"}, "Zebra Technologies Quarterly Total Assets (Millions of US $)": {"2020-09-30": "$5,245", "2020-06-30": "$4,607", "2020-03-31": "$4,540", "2019-12-31": "$4,711", "2019-09-30": "$4,708", "2019-06-30": "$4,701", "2019-03-31": "$4,576", "2018-12-31": "$4,339", "2018-09-30": "$4,400", "2018-06-30": "$4,275", "2018-03-31": "$4,249", "2017-12-31": "$4,275", "2017-09-30": "$4,526", "2017-06-30": "$4,445", "2017-03-31": "$4,531", "2016-12-31": "$4,632", "2016-09-30": "$4,698", "2016-06-30": "$4,805", "2016-03-31": "$4,936", "2015-12-31": "$5,040", "2015-09-30": "$5,179", "2015-06-30": "$5,217", "2015-03-31": "$5,455", "2014-12-31": "$5,539", "2014-09-30": "$1,283", "2014-06-30": "$1,219", "2014-03-31": "$1,162", "2013-12-31": "$1,120", "2013-09-30": "$1,028", "2013-06-30": "$1,019", "2013-03-31": "$984", "2012-12-31": "$968", "2012-09-30": "$941", "2012-06-30": "$929", "2012-03-31": "$905", "2011-12-31": "$899", "2011-09-30": "$852", "2011-06-30": "$871", "2011-03-31": "$894", "2010-12-31": "$879", "2010-09-30": "$872", "2010-06-30": "$842", "2010-03-31": "$827", "2009-12-31": "$830", "2009-09-30": "$813", "2009-06-30": "$809", "2009-03-31": "$803", "2008-12-31": "$851", "2008-09-30": "$1,038", "2008-06-30": "$1,070", "2008-03-31": "$1,067", "2007-12-31": "$1,034", "2007-09-30": "$1,038", "2007-06-30": "$1,033", "2007-03-31": "$1,001", "2006-12-31": "$963", "2006-09-30": "$988", "2006-06-30": "$986", "2006-03-31": "$952", "2005-12-31": "$918", "2005-09-30": "$882", "2005-06-30": "$919", "2005-03-31": "$901"}}, "cash-on-hand": {"Zebra Technologies Annual Cash on Hand (Millions of US $)": {"2019": "$30", "2018": "$44", "2017": "$62", "2016": "$156", "2015": "$192", "2014": "$418", "2013": "$413", "2012": "$389", "2011": "$219", "2010": "$173", "2009": "$155", "2008": "$121", "2007": "$139", "2006": "$261", "2005": "$544"}, "Zebra Technologies Quarterly Cash on Hand (Millions of US $)": {"2020-09-30": "$39", "2020-06-30": "$63", "2020-03-31": "$24", "2019-12-31": "$30", "2019-09-30": "$33", "2019-06-30": "$27", "2019-03-31": "$61", "2018-12-31": "$44", "2018-09-30": "$45", "2018-06-30": "$46", "2018-03-31": "$64", "2017-12-31": "$62", "2017-09-30": "$88", "2017-06-30": "$95", "2017-03-31": "$180", "2016-12-31": "$156", "2016-09-30": "$163", "2016-06-30": "$141", "2016-03-31": "$194", "2015-12-31": "$192", "2015-09-30": "$258", "2015-06-30": "$205", "2015-03-31": "$330", "2014-12-31": "$418", "2014-09-30": "$542", "2014-06-30": "$526", "2014-03-31": "$466", "2013-12-31": "$413", "2013-09-30": "$464", "2013-06-30": "$446", "2013-03-31": "$414", "2012-12-31": "$389", "2012-09-30": "$213", "2012-06-30": "$253", "2012-03-31": "$217", "2011-12-31": "$219", "2011-09-30": "$191", "2011-06-30": "$257", "2011-03-31": "$245", "2010-12-31": "$173", "2010-09-30": "$172", "2010-06-30": "$179", "2010-03-31": "$174", "2009-12-31": "$155", "2009-09-30": "$132", "2009-06-30": "$118", "2009-03-31": "$94", "2008-12-31": "$121", "2008-09-30": "$130", "2008-06-30": "$126", "2008-03-31": "$157", "2007-12-31": "$139", "2007-09-30": "$299", "2007-06-30": "$209", "2007-03-31": "$185", "2006-12-31": "$261", "2006-09-30": "$205", "2006-06-30": "$207", "2006-03-31": "$216", "2005-12-31": "$544", "2005-09-30": "$530", "2005-06-30": "$574", "2005-03-31": "$573"}}, "long-term-debt": {"Zebra Technologies Annual Long Term Debt (Millions of US $)": {"2019": "$1,080", "2018": "$1,434", "2017": "$2,176", "2016": "$2,648", "2015": "$3,012", "2014": "$3,156", "2013": "$", "2012": "$", "2011": "$", "2010": "$", "2009": "$", "2008": "$", "2007": "$", "2006": "$", "2005": "$"}, "Zebra Technologies Quarterly Long Term Debt (Millions of US $)": {"2020-09-30": "$1,086", "2020-06-30": "$986", "2020-03-31": "$1,167", "2019-12-31": "$1,080", "2019-09-30": "$1,314", "2019-06-30": "$1,561", "2019-03-31": "$1,605", "2018-12-31": "$1,434", "2018-09-30": "$1,829", "2018-06-30": "$1,914", "2018-03-31": "$2,090", "2017-12-31": "$2,176", "2017-09-30": "$2,451", "2017-06-30": "$2,418", "2017-03-31": "$2,573", "2016-12-31": "$2,648", "2016-09-30": "$2,788", "2016-06-30": "$2,873", "2016-03-31": "$2,937", "2015-12-31": "$3,012", "2015-09-30": "$3,043", "2015-06-30": "$3,040", "2015-03-31": "$3,144", "2014-12-31": "$3,156", "2014-09-30": "", "2014-06-30": "", "2014-03-31": "", "2013-12-31": "", "2013-09-30": "", "2013-06-30": "", "2013-03-31": "", "2012-12-31": "", "2012-09-30": "", "2012-06-30": "", "2012-03-31": "", "2011-12-31": "", "2011-09-30": "", "2011-06-30": "", "2011-03-31": "", "2010-12-31": "", "2010-09-30": "", "2010-06-30": "", "2010-03-31": "", "2009-12-31": "", "2009-09-30": "", "2009-06-30": "", "2009-03-31": "", "2008-12-31": "", "2008-09-30": "", "2008-06-30": "", "2008-03-31": "", "2007-12-31": "", "2007-09-30": "", "2007-06-30": "", "2007-03-31": "", "2006-12-31": "", "2006-09-30": "", "2006-06-30": "", "2006-03-31": "", "2005-12-31": "", "2005-09-30": "$0", "2005-06-30": "$0", "2005-03-31": "$0"}}, "total-liabilities": {"Zebra Technologies Annual Total Liabilities (Millions of US $)": {"2019": "$2,872", "2018": "$3,004", "2017": "$3,441", "2016": "$3,840", "2015": "$4,147", "2014": "$4,499", "2013": "$161", "2012": "$111", "2011": "$122", "2010": "$149", "2009": "$118", "2008": "$140", "2007": "$132", "2006": "$85", "2005": "$60"}, "Zebra Technologies Quarterly Total Liabilities (Millions of US $)": {"2020-09-30": "$3,314", "2020-06-30": "$2,804", "2020-03-31": "$2,813", "2019-12-31": "$2,872", "2019-09-30": "$3,014", "2019-06-30": "$3,142", "2019-03-31": "$3,109", "2018-12-31": "$3,004", "2018-09-30": "$3,187", "2018-06-30": "$3,202", "2018-03-31": "$3,268", "2017-12-31": "$3,441", "2017-09-30": "$3,712", "2017-06-30": "$3,633", "2017-03-31": "$3,736", "2016-12-31": "$3,840", "2016-09-30": "$3,950", "2016-06-30": "$3,988", "2016-03-31": "$4,075", "2015-12-31": "$4,147", "2015-09-30": "$4,265", "2015-06-30": "$4,265", "2015-03-31": "$4,429", "2014-12-31": "$4,499", "2014-09-30": "$206", "2014-06-30": "$171", "2014-03-31": "$153", "2013-12-31": "$161", "2013-09-30": "$117", "2013-06-30": "$122", "2013-03-31": "$97", "2012-12-31": "$111", "2012-09-30": "$108", "2012-06-30": "$108", "2012-03-31": "$106", "2011-12-31": "$122", "2011-09-30": "$106", "2011-06-30": "$116", "2011-03-31": "$140", "2010-12-31": "$149", "2010-09-30": "$141", "2010-06-30": "$121", "2010-03-31": "$106", "2009-12-31": "$118", "2009-09-30": "$107", "2009-06-30": "$109", "2009-03-31": "$108", "2008-12-31": "$140", "2008-09-30": "$149", "2008-06-30": "$153", "2008-03-31": "$167", "2007-12-31": "$132", "2007-09-30": "$106", "2007-06-30": "$89", "2007-03-31": "$90", "2006-12-31": "$85", "2006-09-30": "$69", "2006-06-30": "$65", "2006-03-31": "$64", "2005-12-31": "$60", "2005-09-30": "$62", "2005-06-30": "$60", "2005-03-31": "$72"}}, "total-share-holder-equity": {"Zebra Technologies Annual Share Holder Equity (Millions of US $)": {"2019": "$1,839", "2018": "$1,335", "2017": "$834", "2016": "$792", "2015": "$893", "2014": "$1,040", "2013": "$959", "2012": "$857", "2011": "$777", "2010": "$730", "2009": "$712", "2008": "$711", "2007": "$903", "2006": "$878", "2005": "$858"}, "Zebra Technologies Quarterly Share Holder Equity (Millions of US $)": {"2020-09-30": "$1,931", "2020-06-30": "$1,803", "2020-03-31": "$1,727", "2019-12-31": "$1,839", "2019-09-30": "$1,694", "2019-06-30": "$1,559", "2019-03-31": "$1,467", "2018-12-31": "$1,335", "2018-09-30": "$1,213", "2018-06-30": "$1,073", "2018-03-31": "$981", "2017-12-31": "$834", "2017-09-30": "$814", "2017-06-30": "$812", "2017-03-31": "$795", "2016-12-31": "$792", "2016-09-30": "$748", "2016-06-30": "$817", "2016-03-31": "$861", "2015-12-31": "$893", "2015-09-30": "$914", "2015-06-30": "$952", "2015-03-31": "$1,026", "2014-12-31": "$1,040", "2014-09-30": "$1,077", "2014-06-30": "$1,048", "2014-03-31": "$1,009", "2013-12-31": "$959", "2013-09-30": "$910", "2013-06-30": "$897", "2013-03-31": "$886", "2012-12-31": "$857", "2012-09-30": "$833", "2012-06-30": "$821", "2012-03-31": "$799", "2011-12-31": "$777", "2011-09-30": "$746", "2011-06-30": "$756", "2011-03-31": "$754", "2010-12-31": "$730", "2010-09-30": "$731", "2010-06-30": "$721", "2010-03-31": "$721", "2009-12-31": "$712", "2009-09-30": "$707", "2009-06-30": "$699", "2009-03-31": "$695", "2008-12-31": "$711", "2008-09-30": "$889", "2008-06-30": "$917", "2008-03-31": "$899", "2007-12-31": "$903", "2007-09-30": "$933", "2007-06-30": "$943", "2007-03-31": "$911", "2006-12-31": "$878", "2006-09-30": "$919", "2006-06-30": "$921", "2006-03-31": "$888", "2005-12-31": "$858", "2005-09-30": "$820", "2005-06-30": "$859", "2005-03-31": "$829"}}, "profit-margins": {"current": "10.94%"}, "gross margin": {"2020-09-30": "44.53%", "2020-06-30": "45.52%", "2020-03-31": "46.34%", "2019-12-31": "46.82%", "2019-09-30": "47.29%", "2019-06-30": "47.02%", "2019-03-31": "46.83%", "2018-12-31": "46.97%", "2018-09-30": "46.53%", "2018-06-30": "46.46%", "2018-03-31": "46.27%", "2017-12-31": "45.94%", "2017-09-30": "45.99%", "2017-06-30": "45.97%", "2017-03-31": "46.04%", "2016-12-31": "45.94%", "2016-09-30": "45.72%", "2016-06-30": "45.56%", "2016-03-31": "45.06%", "2015-12-31": "45.04%", "2015-09-30": "44.47%", "2015-06-30": "44.84%", "2015-03-31": "45.67%", "2014-12-31": "46.59%", "2014-09-30": "50.04%", "2014-06-30": "49.73%", "2014-03-31": "49.40%", "2013-12-31": "48.46%", "2013-09-30": "48.36%", "2013-06-30": "48.74%", "2013-03-31": "48.94%", "2012-12-31": "49.30%", "2012-09-30": "49.39%", "2012-06-30": "49.04%", "2012-03-31": "49.29%", "2011-12-31": "49.64%", "2011-09-30": "49.48%", "2011-06-30": "49.10%", "2011-03-31": "48.04%", "2010-12-31": "46.93%", "2010-09-30": "44.50%", "2010-06-30": "43.98%", "2010-03-31": "43.54%", "2009-12-31": "43.03%", "2009-09-30": "45.52%", "2009-06-30": "46.27%", "2009-03-31": "47.94%", "2008-12-31": "49.13%", "2008-09-30": "49.28%", "2008-06-30": "49.32%", "2008-03-31": "48.57%", "2007-12-31": "47.99%", "2007-09-30": "47.57%", "2007-06-30": "47.30%", "2007-03-31": "47.47%", "2006-12-31": "47.30%", "2006-09-30": "48.21%", "2006-06-30": "48.89%", "2006-03-31": "49.44%", "2005-12-31": "50.36%"}, "operating margin": {"2020-09-30": "14.04%", "2020-06-30": "14.85%", "2020-03-31": "15.30%", "2019-12-31": "15.43%", "2019-09-30": "15.42%", "2019-06-30": "15.03%", "2019-03-31": "14.51%", "2018-12-31": "14.46%", "2018-09-30": "13.73%", "2018-06-30": "12.48%", "2018-03-31": "11.11%", "2017-12-31": "8.65%", "2017-09-30": "7.15%", "2017-06-30": "4.02%", "2017-03-31": "3.06%", "2016-12-31": "2.24%", "2016-09-30": "0.42%", "2016-06-30": "1.78%", "2016-03-31": "0.75%", "2015-12-31": "1.01%", "2015-09-30": "0.20%", "2015-06-30": "0.31%", "2015-03-31": "2.46%", "2014-12-31": "5.33%", "2014-09-30": "13.93%", "2014-06-30": "16.19%", "2014-03-31": "16.99%", "2013-12-31": "15.41%", "2013-09-30": "15.39%", "2013-06-30": "14.77%", "2013-03-31": "15.17%", "2012-12-31": "16.47%", "2012-09-30": "16.36%", "2012-06-30": "17.36%", "2012-03-31": "18.18%", "2011-12-31": "18.51%", "2011-09-30": "18.87%", "2011-06-30": "18.37%", "2011-03-31": "17.28%", "2010-12-31": "16.54%", "2010-09-30": "16.26%", "2010-06-30": "13.69%", "2010-03-31": "11.74%", "2009-12-31": "9.47%", "2009-09-30": "-11.04%", "2009-06-30": "-7.46%", "2009-03-31": "-4.33%", "2008-12-31": "-1.54%", "2008-09-30": "15.75%", "2008-06-30": "15.77%", "2008-03-31": "16.23%", "2007-12-31": "16.46%", "2007-09-30": "15.62%", "2007-06-30": "9.71%", "2007-03-31": "10.48%", "2006-12-31": "10.67%", "2006-09-30": "12.50%", "2006-06-30": "20.19%", "2006-03-31": "20.06%", "2005-12-31": "20.77%"}, "ebitda margin": {"2020-09-30": "17.29%", "2020-06-30": "18.38%", "2020-03-31": "19.06%", "2019-12-31": "19.46%", "2019-09-30": "19.75%", "2019-06-30": "19.40%", "2019-03-31": "18.99%", "2018-12-31": "18.97%", "2018-09-30": "18.72%", "2018-06-30": "18.68%", "2018-03-31": "18.23%", "2017-12-31": "16.74%", "2017-09-30": "15.70%", "2017-06-30": "14.42%", "2017-03-31": "13.65%", "2016-12-31": "13.12%", "2016-09-30": "11.58%", "2016-06-30": "10.93%", "2016-03-31": "9.98%", "2015-12-31": "10.22%", "2015-09-30": "9.03%", "2015-06-30": "8.52%", "2015-03-31": "9.41%", "2014-12-31": "10.24%", "2014-09-30": "17.02%", "2014-06-30": "19.31%", "2014-03-31": "20.11%", "2013-12-31": "18.59%", "2013-09-30": "19.46%", "2013-06-30": "18.79%", "2013-03-31": "19.01%", "2012-12-31": "20.08%", "2012-09-30": "18.89%", "2012-06-30": "19.78%", "2012-03-31": "20.61%", "2011-12-31": "20.96%", "2011-09-30": "21.55%", "2011-06-30": "21.33%", "2011-03-31": "20.54%", "2010-12-31": "20.11%", "2010-09-30": "20.17%", "2010-06-30": "17.87%", "2010-03-31": "16.09%", "2009-12-31": "13.94%", "2009-09-30": "-6.75%", "2009-06-30": "-3.38%", "2009-03-31": "-0.43%", "2008-12-31": "2.25%", "2008-09-30": "19.33%", "2008-06-30": "19.24%", "2008-03-31": "19.54%", "2007-12-31": "19.56%", "2007-09-30": "18.34%", "2007-06-30": "12.16%", "2007-03-31": "12.63%", "2006-12-31": "12.65%", "2006-09-30": "14.56%", "2006-06-30": "22.14%", "2006-03-31": "22.18%", "2005-12-31": "22.76%"}, "pre tax profit margin": {"2020-09-30": "12.07%", "2020-06-30": "12.56%", "2020-03-31": "12.75%", "2019-12-31": "13.33%", "2019-09-30": "12.80%", "2019-06-30": "12.55%", "2019-03-31": "12.12%", "2018-12-31": "12.42%", "2018-09-30": "11.05%", "2018-06-30": "7.70%", "2018-03-31": "5.82%", "2017-12-31": "2.36%", "2017-09-30": "0.82%", "2017-06-30": "-1.11%", "2017-03-31": "-2.56%", "2016-12-31": "-3.61%", "2016-09-30": "-5.39%", "2016-06-30": "-3.92%", "2016-03-31": "-4.46%", "2015-12-31": "-4.93%", "2015-09-30": "-6.53%", "2015-06-30": "-6.19%", "2015-03-31": "-4.13%", "2014-12-31": "1.08%", "2014-09-30": "13.76%", "2014-06-30": "16.19%", "2014-03-31": "17.36%", "2013-12-31": "15.80%", "2013-09-30": "15.69%", "2013-06-30": "14.97%", "2013-03-31": "15.27%", "2012-12-31": "16.47%", "2012-09-30": "16.26%", "2012-06-30": "17.26%", "2012-03-31": "17.88%", "2011-12-31": "18.21%", "2011-09-30": "18.66%", "2011-06-30": "18.37%", "2011-03-31": "17.50%", "2010-12-31": "16.87%", "2010-09-30": "16.75%", "2010-06-30": "14.20%", "2010-03-31": "12.14%", "2009-12-31": "9.74%", "2009-09-30": "-10.55%", "2009-06-30": "-7.69%", "2009-03-31": "-4.33%", "2008-12-31": "-1.23%", "2008-09-30": "16.67%", "2008-06-30": "17.67%", "2008-03-31": "18.54%", "2007-12-31": "19.22%", "2007-09-30": "18.11%", "2007-06-30": "12.53%", "2007-03-31": "13.26%", "2006-12-31": "13.44%", "2006-09-30": "15.11%", "2006-06-30": "22.56%", "2006-03-31": "22.46%", "2005-12-31": "22.90%"}, "net profit margin": {"2020-09-30": "10.94%", "2020-06-30": "11.41%", "2020-03-31": "11.59%", "2019-12-31": "12.13%", "2019-09-30": "11.06%", "2019-06-30": "10.95%", "2019-03-31": "9.91%", "2018-12-31": "9.98%", "2018-09-30": "7.55%", "2018-06-30": "4.33%", "2018-03-31": "3.08%", "2017-12-31": "0.46%", "2017-09-30": "0.82%", "2017-06-30": "-1.14%", "2017-03-31": "-2.87%", "2016-12-31": "-3.83%", "2016-09-30": "-5.05%", "2016-06-30": "-3.53%", "2016-03-31": "-4.41%", "2015-12-31": "-4.33%", "2015-09-30": "-5.24%", "2015-06-30": "-4.83%", "2015-03-31": "-1.49%", "2014-12-31": "1.98%", "2014-09-30": "10.83%", "2014-06-30": "13.35%", "2014-03-31": "14.05%", "2013-12-31": "13.01%", "2013-09-30": "12.81%", "2013-06-30": "11.76%", "2013-03-31": "11.83%", "2012-12-31": "12.35%", "2012-09-30": "12.42%", "2012-06-30": "14.23%", "2012-03-31": "14.44%", "2011-12-31": "17.80%", "2011-09-30": "17.32%", "2011-06-30": "15.73%", "2011-03-31": "15.11%", "2010-12-31": "11.40%", "2010-09-30": "11.25%", "2010-06-30": "9.76%", "2010-03-31": "8.31%", "2009-12-31": "6.36%", "2009-09-30": "-10.80%", "2009-06-30": "-8.51%", "2009-03-31": "-6.06%", "2008-12-31": "-3.79%", "2008-09-30": "11.35%", "2008-06-30": "11.78%", "2008-03-31": "12.36%", "2007-12-31": "12.77%", "2007-09-30": "11.95%", "2007-06-30": "8.60%", "2007-03-31": "9.09%", "2006-12-31": "9.35%", "2006-09-30": "10.58%", "2006-06-30": "15.18%", "2006-03-31": "14.97%", "2005-12-31": "15.08%"}, "pe ratio": {"current": "38.35", "2021-02-11": "53.66", "2020-09-30": "28.82", "2020-06-30": "28.16", "2020-03-31": "19.33", "2019-12-31": "25.62", "2019-09-30": "22.98", "2019-06-30": "23.72", "2019-03-31": "26.66", "2018-12-31": "20.55", "2018-09-30": "30.97", "2018-06-30": "45.62", "2018-03-31": "64.14", "2017-12-31": "324.38", "2017-09-30": "184.03", "2017-06-30": "0.00", "2017-03-31": "0.00", "2016-12-31": "0.00", "2016-09-30": "0.00", "2016-06-30": "0.00", "2016-03-31": "0.00", "2015-12-31": "0.00", "2015-09-30": "0.00", "2015-06-30": "0.00", "2015-03-31": "0.00", "2014-12-31": "122.87", "2014-09-30": "28.73", "2014-06-30": "28.00", "2014-03-31": "23.14", "2013-12-31": "20.48", "2013-09-30": "18.22", "2013-06-30": "19.22", "2013-03-31": "20.95", "2012-12-31": "16.59", "2012-09-30": "15.89", "2012-06-30": "12.82", "2012-03-31": "15.31", "2011-12-31": "11.15", "2011-09-30": "10.18", "2011-06-30": "15.85", "2011-03-31": "16.02", "2010-12-31": "21.46", "2010-09-30": "21.43", "2010-06-30": "19.52", "2010-03-31": "27.92", "2009-12-31": "35.44", "2009-09-30": "0.00", "2009-06-30": "0.00", "2009-03-31": "0.00", "2008-12-31": "0.00", "2008-09-30": "16.78", "2008-06-30": "19.78", "2008-03-31": "20.44", "2007-12-31": "21.69", "2007-09-30": "25.17", "2007-06-30": "38.74", "2007-03-31": "37.85", "2006-12-31": "34.79"}, "price sales": {"2021-02-11": "5.87", "2020-09-30": "3.15", "2020-06-30": "3.21", "2020-03-31": "2.24", "2019-12-31": "3.11", "2019-09-30": "2.54", "2019-06-30": "2.60", "2019-03-31": "2.65", "2018-12-31": "2.05", "2018-09-30": "2.33", "2018-06-30": "1.94", "2018-03-31": "1.93", "2017-12-31": "1.48", "2017-09-30": "1.57", "2017-06-30": "1.46", "2017-03-31": "1.32", "2016-12-31": "1.24", "2016-09-30": "1.00", "2016-06-30": "0.71", "2016-03-31": "0.98", "2015-12-31": "0.97", "2015-09-30": "1.12", "2015-06-30": "1.97", "2015-03-31": "2.04", "2014-12-31": "2.38", "2014-09-30": "3.12", "2014-06-30": "3.74", "2014-03-31": "3.25", "2013-12-31": "2.66", "2013-09-30": "2.32", "2013-06-30": "2.25", "2013-03-31": "2.47", "2012-12-31": "2.05", "2012-09-30": "1.99", "2012-06-30": "1.84", "2012-03-31": "2.24", "2011-12-31": "1.99", "2011-09-30": "1.77", "2011-06-30": "2.51", "2011-03-31": "2.43", "2010-12-31": "2.45", "2010-09-30": "2.39", "2010-06-30": "1.88", "2010-03-31": "2.30", "2009-12-31": "2.29", "2009-09-30": "1.94", "2009-06-30": "1.72", "2009-03-31": "1.32", "2008-12-31": "1.35", "2008-09-30": "1.89", "2008-06-30": "2.31", "2008-03-31": "2.52", "2007-12-31": "2.77", "2007-09-30": "3.01", "2007-06-30": "3.34", "2007-03-31": "3.44", "2006-12-31": "3.25"}, "price book": {"current": "11.74", "2021-02-11": "12.97", "2020-09-30": "6.97", "2020-06-30": "7.57", "2020-03-31": "5.64", "2019-12-31": "7.50", "2019-09-30": "6.58", "2019-06-30": "7.27", "2019-03-31": "7.71", "2018-12-31": "6.43", "2018-09-30": "7.84", "2018-06-30": "7.17", "2018-03-31": "7.58", "2017-12-31": "6.63", "2017-09-30": "7.10", "2017-06-30": "6.57", "2017-03-31": "6.06", "2016-12-31": "5.73", "2016-09-30": "4.92", "2016-06-30": "3.24", "2016-03-31": "4.19", "2015-12-31": "4.07", "2015-09-30": "4.36", "2015-06-30": "6.08", "2015-03-31": "4.58", "2014-12-31": "3.84", "2014-09-30": "3.36", "2014-06-30": "3.99", "2014-03-31": "3.47", "2013-12-31": "2.84", "2013-09-30": "2.51", "2013-06-30": "2.46", "2013-03-31": "2.71", "2012-12-31": "2.34", "2012-09-30": "2.31", "2012-06-30": "2.16", "2012-03-31": "2.68", "2011-12-31": "2.40", "2011-09-30": "2.17", "2011-06-30": "3.02", "2011-03-31": "2.85", "2010-12-31": "2.90", "2010-09-30": "2.60", "2010-06-30": "2.01", "2010-03-31": "2.37", "2009-12-31": "2.32", "2009-09-30": "2.16", "2009-06-30": "2.00", "2009-03-31": "1.63", "2008-12-31": "1.73", "2008-09-30": "1.98", "2008-06-30": "2.31", "2008-03-31": "2.42", "2007-12-31": "2.55", "2007-09-30": "2.66", "2007-06-30": "2.84", "2007-03-31": "2.93", "2006-12-31": "2.73", "2006-09-30": "2.75", "2006-06-30": "2.63", "2006-03-31": "3.56"}, "price fcf": {"2021-02-11": "", "2020-09-30": "$13.52", "2020-06-30": "$14.41", "2020-03-31": "$12.68", "2019-12-31": "$11.43", "2019-09-30": "$12.59", "2019-06-30": "$12.00", "2019-03-31": "$11.96", "2018-12-31": "$13.28", "2018-09-30": "$12.21", "2018-06-30": "$8.86", "2018-03-31": "$7.82", "2017-12-31": "$7.97", "2017-09-30": "$5.28", "2017-06-30": "$7.55", "2017-03-31": "$6.34", "2016-12-31": "$5.87", "2016-09-30": "$3.36", "2016-06-30": "$2.30", "2016-03-31": "$1.30", "2015-12-31": "$0.00", "2015-09-30": "$2.50", "2015-06-30": "$1.51", "2015-03-31": "$3.34", "2014-12-31": "$4.07", "2014-09-30": "$3.11", "2014-06-30": "$3.79", "2014-03-31": "$3.90", "2013-12-31": "$3.41", "2013-09-30": "$3.25", "2013-06-30": "$3.29", "2013-03-31": "$2.98", "2012-12-31": "$3.10", "2012-09-30": "$2.91", "2012-06-30": "$2.44", "2012-03-31": "$1.66", "2011-12-31": "$0.95", "2011-09-30": "$0.88", "2011-06-30": "$0.96", "2011-03-31": "$1.35", "2010-12-31": "$1.93", "2010-09-30": "$1.99", "2010-06-30": "$1.93", "2010-03-31": "$1.91", "2009-12-31": "$1.36", "2009-09-30": "$1.44", "2009-06-30": "$1.38", "2009-03-31": "$0.98", "2008-12-31": "$1.51", "2008-09-30": "$1.42", "2008-06-30": "$1.55", "2008-03-31": "$2.06", "2007-12-31": "$1.97", "2007-09-30": "$1.96", "2007-06-30": "$1.33", "2007-03-31": "$0.99", "2006-12-31": "$0.97"}, "net worth": {"value": "$22.67B"}, "current ratio": {"current": "0.68", "2020-09-30": "0.68", "2020-06-30": "0.79", "2020-03-31": "0.85", "2019-12-31": "0.85", "2019-09-30": "0.94", "2019-06-30": "0.99", "2019-03-31": "1.00", "2018-12-31": "0.89", "2018-09-30": "1.09", "2018-06-30": "1.09", "2018-03-31": "1.13", "2017-12-31": "1.06", "2017-09-30": "1.22", "2017-06-30": "1.16", "2017-03-31": "1.27", "2016-12-31": "1.29", "2016-09-30": "1.36", "2016-06-30": "1.41", "2016-03-31": "1.44", "2015-12-31": "1.49", "2015-09-30": "1.66", "2015-06-30": "1.67", "2015-03-31": "1.81", "2014-12-31": "1.75", "2014-09-30": "5.82", "2014-06-30": "6.97", "2014-03-31": "7.19", "2013-12-31": "6.33", "2013-09-30": "7.91", "2013-06-30": "7.49", "2013-03-31": "9.14", "2012-12-31": "7.47", "2012-09-30": "5.71", "2012-06-30": "6.17", "2012-03-31": "5.93", "2011-12-31": "5.37", "2011-09-30": "5.72", "2011-06-30": "5.47", "2011-03-31": "4.29", "2010-12-31": "4.34", "2010-09-30": "3.55", "2010-06-30": "4.09", "2010-03-31": "4.58", "2009-12-31": "3.92", "2009-09-30": "4.06", "2009-06-30": "3.97", "2009-03-31": "3.92", "2008-12-31": "3.18", "2008-09-30": "3.25", "2008-06-30": "3.05", "2008-03-31": "2.83", "2007-12-31": "3.45", "2007-09-30": "5.76", "2007-06-30": "5.64", "2007-03-31": "5.40", "2006-12-31": "6.41", "2006-09-30": "6.84", "2006-06-30": "7.13", "2006-03-31": "7.12", "2005-12-31": "14.05", "2005-09-30": "12.99", "2005-06-30": "14.78", "2005-03-31": "11.52"}, "quick ratio": {"2020-09-30": "0.40", "2020-06-30": "0.42", "2020-03-31": "0.49", "2019-12-31": "0.51", "2019-09-30": "0.58", "2019-06-30": "0.59", "2019-03-31": "0.55", "2018-12-31": "0.49", "2018-09-30": "0.64", "2018-06-30": "0.64", "2018-03-31": "0.65", "2017-12-31": "0.61", "2017-09-30": "0.75", "2017-06-30": "0.73", "2017-03-31": "0.86", "2016-12-31": "0.92", "2016-09-30": "0.99", "2016-06-30": "0.99", "2016-03-31": "1.01", "2015-12-31": "1.05", "2015-09-30": "1.20", "2015-06-30": "1.20", "2015-03-31": "1.36", "2014-12-31": "1.34", "2014-09-30": "4.94", "2014-06-30": "5.95", "2014-03-31": "6.12", "2013-12-31": "5.32", "2013-09-30": "6.83", "2013-06-30": "6.42", "2013-03-31": "7.68", "2012-12-31": "6.17", "2012-09-30": "4.39", "2012-06-30": "4.93", "2012-03-31": "4.57", "2011-12-31": "4.14", "2011-09-30": "4.44", "2011-06-30": "4.33", "2011-03-31": "3.34", "2010-12-31": "3.51", "2010-09-30": "2.80", "2010-06-30": "3.31", "2010-03-31": "3.70", "2009-12-31": "3.16", "2009-09-30": "3.20", "2009-06-30": "2.98", "2009-03-31": "2.83", "2008-12-31": "2.37", "2008-09-30": "2.46", "2008-06-30": "2.33", "2008-03-31": "2.26", "2007-12-31": "2.75", "2007-09-30": "4.85", "2007-06-30": "4.61", "2007-03-31": "4.38", "2006-12-31": "5.32", "2006-09-30": "5.52", "2006-06-30": "5.80", "2006-03-31": "5.97", "2005-12-31": "12.83", "2005-09-30": "11.82", "2005-06-30": "13.53", "2005-03-31": "10.53"}, "debt equity ratio": {"current": "0.56", "2020-09-30": "1.72", "2020-06-30": "1.56", "2020-03-31": "1.63", "2019-12-31": "1.56", "2019-09-30": "1.78", "2019-06-30": "2.02", "2019-03-31": "2.12", "2018-12-31": "2.25", "2018-09-30": "2.63", "2018-06-30": "2.98", "2018-03-31": "3.33", "2017-12-31": "4.13", "2017-09-30": "4.56", "2017-06-30": "4.47", "2017-03-31": "4.70", "2016-12-31": "4.85", "2016-09-30": "5.28", "2016-06-30": "4.88", "2016-03-31": "4.73", "2015-12-31": "4.64", "2015-09-30": "4.67", "2015-06-30": "4.48", "2015-03-31": "4.32", "2014-12-31": "4.33", "2014-09-30": "0.19", "2014-06-30": "0.16", "2014-03-31": "0.15", "2013-12-31": "0.17", "2013-09-30": "0.13", "2013-06-30": "0.14", "2013-03-31": "0.11", "2012-12-31": "0.13", "2012-09-30": "0.13", "2012-06-30": "0.13", "2012-03-31": "0.13", "2011-12-31": "0.16", "2011-09-30": "0.14", "2011-06-30": "0.15", "2011-03-31": "0.19", "2010-12-31": "0.20", "2010-09-30": "0.19", "2010-06-30": "0.17", "2010-03-31": "0.15", "2009-12-31": "0.17", "2009-09-30": "0.15", "2009-06-30": "0.16", "2009-03-31": "0.16", "2008-12-31": "0.20", "2008-09-30": "0.17", "2008-06-30": "0.17", "2008-03-31": "0.19", "2007-12-31": "0.15", "2007-09-30": "0.11", "2007-06-30": "0.10", "2007-03-31": "0.10", "2006-12-31": "0.10", "2006-09-30": "0.08", "2006-06-30": "0.07", "2006-03-31": "0.07", "2005-12-31": "0.07", "2005-09-30": "0.08", "2005-06-30": "0.07", "2005-03-31": "0.09"}, "return on equity": {"2020-09-30": "25.97%", "2020-06-30": "27.98%", "2020-03-31": "30.39%", "2019-12-31": "33.18%", "2019-09-30": "32.37%", "2019-06-30": "34.52%", "2019-03-31": "33.57%", "2018-12-31": "36.59%", "2018-09-30": "30.24%", "2018-06-30": "18.48%", "2018-03-31": "13.72%", "2017-12-31": "2.09%", "2017-09-30": "3.73%", "2017-06-30": "-5.21%", "2017-03-31": "-13.07%", "2016-12-31": "-17.03%", "2016-09-30": "-21.81%", "2016-06-30": "-14.58%", "2016-03-31": "-17.57%", "2015-12-31": "-16.70%", "2015-09-30": "-18.62%", "2015-06-30": "-13.58%", "2015-03-31": "-3.25%", "2014-12-31": "3.16%", "2014-09-30": "12.31%", "2014-06-30": "15.28%", "2014-03-31": "16.21%", "2013-12-31": "14.79%", "2013-09-30": "14.54%", "2013-06-30": "13.48%", "2013-03-31": "13.78%", "2012-12-31": "14.86%", "2012-09-30": "15.23%", "2012-06-30": "17.94%", "2012-03-31": "18.58%", "2011-12-31": "23.08%", "2011-09-30": "22.51%", "2011-06-30": "20.06%", "2011-03-31": "18.94%", "2010-12-31": "14.05%", "2010-09-30": "12.76%", "2010-06-30": "10.77%", "2010-03-31": "8.88%", "2009-12-31": "6.68%", "2009-09-30": "-12.52%", "2009-06-30": "-9.75%", "2009-03-31": "-6.97%", "2008-12-31": "-4.33%", "2008-09-30": "12.31%", "2008-06-30": "12.27%", "2008-03-31": "12.18%", "2007-12-31": "12.03%", "2007-09-30": "11.02%", "2007-06-30": "7.67%", "2007-03-31": "7.94%", "2006-12-31": "7.88%", "2006-09-30": "8.59%", "2006-06-30": "12.50%", "2006-03-31": "12.38%", "2005-12-31": "12.60%"}, "return on assets": {"2020-09-30": "9.93%", "2020-06-30": "10.64%", "2020-03-31": "11.10%", "2019-12-31": "11.64%", "2019-09-30": "10.70%", "2019-06-30": "10.68%", "2019-03-31": "9.71%", "2018-12-31": "9.75%", "2018-09-30": "7.21%", "2018-06-30": "3.95%", "2018-03-31": "2.70%", "2017-12-31": "0.38%", "2017-09-30": "0.66%", "2017-06-30": "-0.90%", "2017-03-31": "-2.21%", "2016-12-31": "-2.87%", "2016-09-30": "-3.72%", "2016-06-30": "-2.55%", "2016-03-31": "-3.12%", "2015-12-31": "-3.03%", "2015-09-30": "-3.42%", "2015-06-30": "-3.18%", "2015-03-31": "-1.01%", "2014-12-31": "1.43%", "2014-09-30": "10.54%", "2014-06-30": "13.25%", "2014-03-31": "14.14%", "2013-12-31": "13.01%", "2013-09-30": "12.90%", "2013-06-30": "11.96%", "2013-03-31": "12.24%", "2012-12-31": "13.14%", "2012-09-30": "13.39%", "2012-06-30": "15.73%", "2012-03-31": "16.22%", "2011-12-31": "19.91%", "2011-09-30": "19.22%", "2011-06-30": "16.95%", "2011-03-31": "15.94%", "2010-12-31": "11.93%", "2010-09-30": "10.92%", "2010-06-30": "9.30%", "2010-03-31": "7.69%", "2009-12-31": "5.78%", "2009-09-30": "-10.74%", "2009-06-30": "-8.34%", "2009-03-31": "-5.95%", "2008-12-31": "-3.68%", "2008-09-30": "10.55%", "2008-06-30": "10.64%", "2008-03-31": "10.74%", "2007-12-31": "10.81%", "2007-09-30": "10.01%", "2007-06-30": "7.03%", "2007-03-31": "7.31%", "2006-12-31": "7.30%", "2006-09-30": "8.01%", "2006-06-30": "11.66%", "2006-03-31": "11.55%", "2005-12-31": "11.71%"}, "return on investments": {"2020-09-30": "20.93%", "2020-06-30": "22.15%", "2020-03-31": "22.91%", "2019-12-31": "22.84%", "2019-09-30": "22.83%", "2019-06-30": "21.99%", "2019-03-31": "21.06%", "2018-12-31": "20.56%", "2018-09-30": "18.63%", "2018-06-30": "15.99%", "2018-03-31": "13.55%", "2017-12-31": "10.01%", "2017-09-30": "7.82%", "2017-06-30": "4.27%", "2017-03-31": "3.14%", "2016-12-31": "2.21%", "2016-09-30": "0.40%", "2016-06-30": "1.67%", "2016-03-31": "0.69%", "2015-12-31": "0.92%", "2015-09-30": "0.17%", "2015-06-30": "0.29%", "2015-03-31": "2.68%", "2014-12-31": "8.48%", "2014-09-30": "inf%", "2014-06-30": "inf%", "2014-03-31": "inf%", "2013-12-31": "inf%", "2013-09-30": "inf%", "2013-06-30": "inf%", "2013-03-31": "inf%", "2012-12-31": "inf%", "2012-09-30": "inf%", "2012-06-30": "inf%", "2012-03-31": "inf%", "2011-12-31": "inf%", "2011-09-30": "inf%", "2011-06-30": "inf%", "2011-03-31": "inf%", "2010-12-31": "inf%", "2010-09-30": "inf%", "2010-06-30": "inf%", "2010-03-31": "inf%", "2009-12-31": "inf%", "2009-09-30": "inf%", "2009-06-30": "inf%", "2009-03-31": "inf%", "2008-12-31": "inf%", "2008-09-30": "inf%", "2008-06-30": "inf%", "2008-03-31": "inf%", "2007-12-31": "inf%", "2007-09-30": "inf%", "2007-06-30": "inf%", "2007-03-31": "inf%", "2006-12-31": "inf%", "2006-09-30": "inf%", "2006-06-30": "70.65%", "2006-03-31": "33.81%", "2005-12-31": "23.28%"}, "return on tangible equity": {"2020-09-30": "-39.82%", "2020-06-30": "-44.10%", "2020-03-31": "-43.10%", "2019-12-31": "-42.93%", "2019-09-30": "-36.28%", "2019-06-30": "-33.57%", "2019-03-31": "-28.53%", "2018-12-31": "-26.59%", "2018-09-30": "-18.04%", "2018-06-30": "-9.35%", "2018-03-31": "-6.13%", "2017-12-31": "-0.85%", "2017-09-30": "-1.45%", "2017-06-30": "1.93%", "2017-03-31": "4.68%", "2016-12-31": "6.06%", "2016-09-30": "7.83%", "2016-06-30": "5.41%", "2016-03-31": "6.69%", "2015-12-31": "6.59%", "2015-09-30": "7.53%", "2015-06-30": "8.60%", "2015-03-31": "4.24%", "2014-12-31": "-13200.00%", "2014-09-30": "15.69%", "2014-06-30": "19.16%", "2014-03-31": "19.94%", "2013-12-31": "17.79%", "2013-09-30": "17.06%", "2013-06-30": "15.91%", "2013-03-31": "16.10%", "2012-12-31": "17.21%", "2012-09-30": "17.44%", "2012-06-30": "20.28%", "2012-03-31": "21.04%", "2011-12-31": "26.14%", "2011-09-30": "25.51%", "2011-06-30": "23.82%", "2011-03-31": "23.65%", "2010-12-31": "18.55%", "2010-09-30": "17.85%", "2010-06-30": "15.18%", "2010-03-31": "12.62%", "2009-12-31": "9.58%", "2009-09-30": "-18.03%", "2009-06-30": "-14.84%", "2009-03-31": "-11.09%", "2008-12-31": "-7.13%", "2008-09-30": "20.94%", "2008-06-30": "19.33%", "2008-03-31": "17.82%", "2007-12-31": "16.59%", "2007-09-30": "13.87%", "2007-06-30": "9.27%", "2007-03-31": "9.23%", "2006-12-31": "8.82%", "2006-09-30": "9.57%", "2006-06-30": "13.92%", "2006-03-31": "13.78%", "2005-12-31": "13.99%"}, "dividend yield history": {"last payout": "$0.00", "last yield": "0.00%"}}