{"ticker": "ZEN", "price": {"title": "Zendesk Historical Annual Stock Price Data", "value": 158.0, "historical": {"2020": {"Average Stock Price": "93.3126", "Year Open": "79.9900", "Year High": "143.4900", "Year Low": "54.7400", "Year Close": "143.1200", "Annual % Change": "86.77%"}, "2019": {"Average Stock Price": "78.7744", "Year Open": "57.5900", "Year High": "93.7400", "Year Low": "55.5400", "Year Close": "76.6300", "Annual % Change": "31.28%"}, "2018": {"Average Stock Price": "54.1037", "Year Open": "34.0600", "Year High": "71.9400", "Year Low": "34.0600", "Year Close": "58.3700", "Annual % Change": "72.49%"}, "2017": {"Average Stock Price": "28.5403", "Year Open": "22.1300", "Year High": "35.6500", "Year Low": "22.1300", "Year Close": "33.8400", "Annual % Change": "59.62%"}, "2016": {"Average Stock Price": "24.6486", "Year Open": "26.0600", "Year High": "31.5100", "Year Low": "14.7700", "Year Close": "21.2000", "Annual % Change": "-19.82%"}, "2015": {"Average Stock Price": "22.8319", "Year Open": "24.5700", "Year High": "27.3300", "Year Low": "19.1500", "Year Close": "26.4400", "Annual % Change": "8.49%"}, "2014": {"Average Stock Price": "21.1775", "Year Open": "13.4300", "Year High": "27.7400", "Year Low": "13.4300", "Year Close": "24.3700", "Annual % Change": "0.00%"}}}, "market cap": {"value": "$18.43B"}, "income statement": {"Revenue": {"2019-12-31": "816.41600", "2018-12-31": "598.74600", "2017-12-31": "430.16500", "2016-12-31": "312.84400", "2015-12-31": "208.76800", "2014-12-31": "127.04900", "2013-12-31": "72.04500", "2012-12-31": "38.22800"}, "Cost Of Goods Sold": {"2019-12-31": "234.28200", "2018-12-31": "181.25500", "2017-12-31": "127.42200", "2016-12-31": "93.90000", "2015-12-31": "67.18400", "2014-12-31": "46.04700", "2013-12-31": "24.53100", "2012-12-31": "13.25300"}, "Gross Profit": {"2019-12-31": "582.13400", "2018-12-31": "417.49100", "2017-12-31": "302.74300", "2016-12-31": "218.94400", "2015-12-31": "141.58400", "2014-12-31": "81.00200", "2013-12-31": "47.51400", "2012-12-31": "24.97500"}, "Research And Development Expenses": {"2019-12-31": "207.54800", "2018-12-31": "160.26000", "2017-12-31": "115.29100", "2016-12-31": "91.06700", "2015-12-31": "62.61500", "2014-12-31": "36.40300", "2013-12-31": "15.28800", "2012-12-31": "14.81600"}, "SG&A Expenses": {"2019-12-31": "537.59000", "2018-12-31": "395.15900", "2017-12-31": "293.59800", "2016-12-31": "226.02400", "2015-12-31": "161.95400", "2014-12-31": "110.74400", "2013-12-31": "54.05900", "2012-12-31": "34.30700"}, "Other Operating Income Or Expenses": {"2019-12-31": "", "2018-12-31": "", "2017-12-31": "", "2016-12-31": "", "2015-12-31": "", "2014-12-31": "", "2013-12-31": "", "2012-12-31": ""}, "Operating Expenses": {"2019-12-31": "979.42000", "2018-12-31": "736.67400", "2017-12-31": "536.31100", "2016-12-31": "410.99100", "2015-12-31": "291.75300", "2014-12-31": "193.19400", "2013-12-31": "93.87800", "2012-12-31": "62.37600"}, "Operating Income": {"2019-12-31": "-163.00400", "2018-12-31": "-137.92800", "2017-12-31": "-106.14600", "2016-12-31": "-98.14700", "2015-12-31": "-82.98500", "2014-12-31": "-66.14500", "2013-12-31": "-21.83300", "2012-12-31": "-24.14800"}, "Total Non-Operating Income/Expense": {"2019-12-31": "-5.29900", "2018-12-31": "-5.26300", "2017-12-31": "2.48700", "2016-12-31": "1.52000", "2015-12-31": "-0.72900", "2014-12-31": "-1.53300", "2013-12-31": "-0.51700", "2012-12-31": "-0.09600"}, "Pre-Tax Income": {"2019-12-31": "-168.30300", "2018-12-31": "-143.19100", "2017-12-31": "-103.65900", "2016-12-31": "-96.62700", "2015-12-31": "-83.71400", "2014-12-31": "-67.67800", "2013-12-31": "-22.35000", "2012-12-31": "-24.24400"}, "Income Taxes": {"2019-12-31": "1.35000", "2018-12-31": "-12.10700", "2017-12-31": "-1.51800", "2016-12-31": "0.99300", "2015-12-31": "0.33800", "2014-12-31": "-0.26300", "2013-12-31": "0.22100", "2012-12-31": "0.12100"}, "Income After Taxes": {"2019-12-31": "-169.65300", "2018-12-31": "-131.08400", "2017-12-31": "-102.14100", "2016-12-31": "-97.62000", "2015-12-31": "-84.05200", "2014-12-31": "-67.41500", "2013-12-31": "-22.57100", "2012-12-31": "-24.36500"}, "Other Income": {"2019-12-31": "", "2018-12-31": "", "2017-12-31": "", "2016-12-31": "", "2015-12-31": "", "2014-12-31": "", "2013-12-31": "", "2012-12-31": ""}, "Income From Continuous Operations": {"2019-12-31": "-169.65300", "2018-12-31": "-131.08400", "2017-12-31": "-102.14100", "2016-12-31": "-97.62000", "2015-12-31": "-84.05200", "2014-12-31": "-67.41500", "2013-12-31": "-22.57100", "2012-12-31": "-24.36500"}, "Income From Discontinued Operations": {"2019-12-31": "", "2018-12-31": "", "2017-12-31": "", "2016-12-31": "", "2015-12-31": "", "2014-12-31": "", "2013-12-31": "", "2012-12-31": ""}, "Net Income": {"2019-12-31": "-169.65300", "2018-12-31": "-131.08400", "2017-12-31": "-102.14100", "2016-12-31": "-97.62000", "2015-12-31": "-84.05200", "2014-12-31": "-67.43300", "2013-12-31": "-22.62000", "2012-12-31": "-32.74100"}, "EBITDA": {"2019-12-31": "-66.99800", "2018-12-31": "-61.33800", "2017-12-31": "-59.78100", "2016-12-31": "-60.34800", "2015-12-31": "-63.24100", "2014-12-31": "-54.68900", "2013-12-31": "-16.61100", "2012-12-31": "-21.64200"}, "EBIT": {"2019-12-31": "-163.00400", "2018-12-31": "-137.92800", "2017-12-31": "-106.14600", "2016-12-31": "-98.14700", "2015-12-31": "-82.98500", "2014-12-31": "-66.14500", "2013-12-31": "-21.83300", "2012-12-31": "-24.14800"}, "Basic Shares Outstanding": {"2019-12-31": "110.60600", "2018-12-31": "105.56700", "2017-12-31": "99.91800", "2016-12-31": "93.16100", "2015-12-31": "84.92600", "2014-12-31": "53.57100", "2013-12-31": "21.67400", "2012-12-31": "19.62900"}, "Shares Outstanding": {"2019-12-31": "110.60600", "2018-12-31": "105.56700", "2017-12-31": "99.91800", "2016-12-31": "93.16100", "2015-12-31": "84.92600", "2014-12-31": "53.57100", "2013-12-31": "21.67400", "2012-12-31": "19.62900"}, "Basic EPS": {"2019-12-31": "-1.53000", "2018-12-31": "-1.24000", "2017-12-31": "-1.02000", "2016-12-31": "-1.05000", "2015-12-31": "-0.99000", "2014-12-31": "-1.26000", "2013-12-31": "-1.04000", "2012-12-31": "-1.67000"}, "EPS - Earnings Per Share": {"2019-12-31": "-1.53000", "2018-12-31": "-1.24000", "2017-12-31": "-1.02000", "2016-12-31": "-1.05000", "2015-12-31": "-0.99000", "2014-12-31": "-1.26000", "2013-12-31": "-1.04000", "2012-12-31": "-1.67000"}}, "income statement, quarterly": {"Revenue": {"2020-09-30": "261.92600", "2020-06-30": "246.66400", "2020-03-31": "237.47500", "2019-12-31": "229.87200", "2019-09-30": "210.47700", "2019-06-30": "194.58300", "2019-03-31": "181.48400", "2018-12-31": "172.24490", "2018-09-30": "154.82800", "2018-06-30": "141.88200", "2018-03-31": "129.79100", "2017-12-31": "121.91600", "2017-09-30": "112.26500", "2017-06-30": "102.09600", "2017-03-31": "93.88800", "2016-12-31": "89.46800", "2016-09-30": "80.71700", "2016-06-30": "74.20000", "2016-03-31": "68.45900", "2015-12-31": "62.64600", "2015-09-30": "55.66100", "2015-06-30": "48.22700", "2015-03-31": "42.23400", "2014-12-31": "38.54100", "2014-09-30": "33.91000", "2014-06-30": "29.50600", "2014-03-31": "25.09200", "2013-12-31": "22.50100", "2013-09-30": "19.23700", "2013-06-30": "16.39600", "2013-03-31": "13.91100", "2012-12-31": ""}, "Cost Of Goods Sold": {"2020-09-30": "62.81900", "2020-06-30": "61.51500", "2020-03-31": "59.70200", "2019-12-31": "61.74800", "2019-09-30": "59.21000", "2019-06-30": "57.67000", "2019-03-31": "55.65400", "2018-12-31": "51.04700", "2018-09-30": "46.99200", "2018-06-30": "44.16000", "2018-03-31": "39.05600", "2017-12-31": "34.95900", "2017-09-30": "33.69300", "2017-06-30": "30.66300", "2017-03-31": "28.10700", "2016-12-31": "25.58200", "2016-09-30": "23.86600", "2016-06-30": "22.93600", "2016-03-31": "21.51600", "2015-12-31": "19.69300", "2015-09-30": "17.03900", "2015-06-30": "16.16200", "2015-03-31": "14.29000", "2014-12-31": "13.63700", "2014-09-30": "11.68400", "2014-06-30": "11.73100", "2014-03-31": "8.99500", "2013-12-31": "7.66000", "2013-09-30": "6.32700", "2013-06-30": "5.68100", "2013-03-31": "4.87000", "2012-12-31": ""}, "Gross Profit": {"2020-09-30": "199.10700", "2020-06-30": "185.14900", "2020-03-31": "177.77300", "2019-12-31": "168.12400", "2019-09-30": "151.26700", "2019-06-30": "136.91300", "2019-03-31": "125.83000", "2018-12-31": "121.19800", "2018-09-30": "107.83600", "2018-06-30": "97.72200", "2018-03-31": "90.73500", "2017-12-31": "86.95700", "2017-09-30": "78.57200", "2017-06-30": "71.43300", "2017-03-31": "65.78100", "2016-12-31": "63.88600", "2016-09-30": "56.85100", "2016-06-30": "51.26400", "2016-03-31": "46.94300", "2015-12-31": "42.95300", "2015-09-30": "38.62200", "2015-06-30": "32.06500", "2015-03-31": "27.94400", "2014-12-31": "24.90400", "2014-09-30": "22.22600", "2014-06-30": "17.77500", "2014-03-31": "16.09700", "2013-12-31": "14.84100", "2013-09-30": "12.91000", "2013-06-30": "10.71500", "2013-03-31": "9.04100", "2012-12-31": ""}, "Research And Development Expenses": {"2020-09-30": "64.84200", "2020-06-30": "59.00300", "2020-03-31": "60.42100", "2019-12-31": "55.71900", "2019-09-30": "54.52800", "2019-06-30": "50.51000", "2019-03-31": "46.79100", "2018-12-31": "45.14100", "2018-09-30": "40.41000", "2018-06-30": "37.62400", "2018-03-31": "37.08500", "2017-12-31": "30.77900", "2017-09-30": "29.35800", "2017-06-30": "28.69800", "2017-03-31": "26.45600", "2016-12-31": "24.38300", "2016-09-30": "22.95300", "2016-06-30": "22.13400", "2016-03-31": "21.59700", "2015-12-31": "19.09800", "2015-09-30": "16.03100", "2015-06-30": "14.22700", "2015-03-31": "13.25900", "2014-12-31": "11.17600", "2014-09-30": "9.55000", "2014-06-30": "10.49900", "2014-03-31": "5.17800", "2013-12-31": "4.56000", "2013-09-30": "3.86000", "2013-06-30": "3.52800", "2013-03-31": "3.34900", "2012-12-31": ""}, "SG&A Expenses": {"2020-09-30": "162.59100", "2020-06-30": "157.64400", "2020-03-31": "158.63600", "2019-12-31": "144.70500", "2019-09-30": "132.16700", "2019-06-30": "137.76500", "2019-03-31": "122.95300", "2018-12-31": "112.57200", "2018-09-30": "101.62700", "2018-06-30": "93.69500", "2018-03-31": "87.26500", "2017-12-31": "83.03100", "2017-09-30": "75.78100", "2017-06-30": "70.20000", "2017-03-31": "64.58600", "2016-12-31": "58.45400", "2016-09-30": "60.11100", "2016-06-30": "55.42600", "2016-03-31": "52.03300", "2015-12-31": "48.24800", "2015-09-30": "41.39800", "2015-06-30": "38.77800", "2015-03-31": "33.53000", "2014-12-31": "30.93100", "2014-09-30": "30.48800", "2014-06-30": "28.65400", "2014-03-31": "20.67100", "2013-12-31": "16.10000", "2013-09-30": "13.66100", "2013-06-30": "13.34800", "2013-03-31": "10.95300", "2012-12-31": ""}, "Other Operating Income Or Expenses": {"2020-09-30": "", "2020-06-30": "", "2020-03-31": "", "2019-12-31": "", "2019-09-30": "", "2019-06-30": "", "2019-03-31": "", "2018-12-31": "", "2018-09-30": "", "2018-06-30": "", "2018-03-31": "", "2017-12-31": "", "2017-09-30": "", "2017-06-30": "", "2017-03-31": "", "2016-12-31": "", "2016-09-30": "", "2016-06-30": "", "2016-03-31": "", "2015-12-31": "", "2015-09-30": "", "2015-06-30": "", "2015-03-31": "", "2014-12-31": "", "2014-09-30": "", "2014-06-30": "", "2014-03-31": "", "2013-12-31": "", "2013-09-30": "", "2013-06-30": "", "2013-03-31": "", "2012-12-31": ""}, "Operating Expenses": {"2020-09-30": "290.25200", "2020-06-30": "278.16200", "2020-03-31": "278.75900", "2019-12-31": "262.17200", "2019-09-30": "245.90500", "2019-06-30": "245.94500", "2019-03-31": "225.39800", "2018-12-31": "208.76000", "2018-09-30": "189.02900", "2018-06-30": "175.47900", "2018-03-31": "163.40600", "2017-12-31": "148.76900", "2017-09-30": "138.83200", "2017-06-30": "129.56100", "2017-03-31": "119.14900", "2016-12-31": "108.41900", "2016-09-30": "106.93000", "2016-06-30": "100.49600", "2016-03-31": "95.14600", "2015-12-31": "87.03900", "2015-09-30": "74.46800", "2015-06-30": "69.16700", "2015-03-31": "61.07900", "2014-12-31": "55.74400", "2014-09-30": "51.72200", "2014-06-30": "50.88400", "2014-03-31": "34.84400", "2013-12-31": "28.32000", "2013-09-30": "23.84800", "2013-06-30": "22.55700", "2013-03-31": "19.17200", "2012-12-31": ""}, "Operating Income": {"2020-09-30": "-28.32600", "2020-06-30": "-31.49800", "2020-03-31": "-41.28400", "2019-12-31": "-32.30000", "2019-09-30": "-35.42800", "2019-06-30": "-51.36200", "2019-03-31": "-43.91400", "2018-12-31": "-36.51510", "2018-09-30": "-34.20100", "2018-06-30": "-33.59700", "2018-03-31": "-33.61500", "2017-12-31": "-26.85300", "2017-09-30": "-26.56700", "2017-06-30": "-27.46500", "2017-03-31": "-25.26100", "2016-12-31": "-18.95110", "2016-09-30": "-26.21300", "2016-06-30": "-26.29600", "2016-03-31": "-26.68700", "2015-12-31": "-24.39300", "2015-09-30": "-18.80700", "2015-06-30": "-20.94000", "2015-03-31": "-18.84500", "2014-12-31": "-17.20300", "2014-09-30": "-17.81200", "2014-06-30": "-21.37800", "2014-03-31": "-9.75200", "2013-12-31": "-5.81900", "2013-09-30": "-4.61100", "2013-06-30": "-6.16100", "2013-03-31": "-5.26100", "2012-12-31": ""}, "Total Non-Operating Income/Expense": {"2020-09-30": "-10.40400", "2020-06-30": "-31.87000", "2020-03-31": "0.01700", "2019-12-31": "-3.17900", "2019-09-30": "0.84000", "2019-06-30": "-2.58800", "2019-03-31": "-0.37200", "2018-12-31": "-1.55000", "2018-09-30": "-2.27700", "2018-06-30": "-2.43600", "2018-03-31": "1.00000", "2017-12-31": "1.14200", "2017-09-30": "0.61900", "2017-06-30": "0.50800", "2017-03-31": "0.21800", "2016-12-31": "0.77500", "2016-09-30": "0.68100", "2016-06-30": "0.13400", "2016-03-31": "-0.07000", "2015-12-31": "-0.30100", "2015-09-30": "0.14500", "2015-06-30": "-0.34300", "2015-03-31": "-0.23000", "2014-12-31": "-0.28200", "2014-09-30": "-0.34300", "2014-06-30": "-0.45000", "2014-03-31": "-0.45800", "2013-12-31": "-0.21000", "2013-09-30": "-0.10200", "2013-06-30": "-0.13300", "2013-03-31": "-0.07700", "2012-12-31": ""}, "Pre-Tax Income": {"2020-09-30": "-38.73000", "2020-06-30": "-63.36800", "2020-03-31": "-41.26700", "2019-12-31": "-35.47900", "2019-09-30": "-34.58800", "2019-06-30": "-53.95000", "2019-03-31": "-44.28600", "2018-12-31": "-38.06500", "2018-09-30": "-36.47800", "2018-06-30": "-36.03300", "2018-03-31": "-32.61500", "2017-12-31": "-25.71100", "2017-09-30": "-25.94800", "2017-06-30": "-26.95700", "2017-03-31": "-25.04300", "2016-12-31": "-18.17600", "2016-09-30": "-25.53200", "2016-06-30": "-26.16200", "2016-03-31": "-26.75700", "2015-12-31": "-24.69400", "2015-09-30": "-18.66200", "2015-06-30": "-21.28300", "2015-03-31": "-19.07500", "2014-12-31": "-17.48500", "2014-09-30": "-18.15500", "2014-06-30": "-21.82800", "2014-03-31": "-10.21000", "2013-12-31": "-6.02000", "2013-09-30": "-4.71300", "2013-06-30": "-6.29400", "2013-03-31": "-5.33800", "2012-12-31": ""}, "Income Taxes": {"2020-09-30": "1.97300", "2020-06-30": "1.28800", "2020-03-31": "1.51600", "2019-12-31": "0.68900", "2019-09-30": "-0.36400", "2019-06-30": "0.59100", "2019-03-31": "0.43400", "2018-12-31": "-4.81600", "2018-09-30": "-2.33400", "2018-06-30": "-1.66700", "2018-03-31": "-3.29000", "2017-12-31": "-0.73300", "2017-09-30": "-0.13300", "2017-06-30": "-0.69000", "2017-03-31": "0.03800", "2016-12-31": "0.19300", "2016-09-30": "0.29400", "2016-06-30": "0.09200", "2016-03-31": "0.41400", "2015-12-31": "-0.21600", "2015-09-30": "0.26200", "2015-06-30": "0.19900", "2015-03-31": "0.09300", "2014-12-31": "0.00900", "2014-09-30": "-0.23600", "2014-06-30": "-0.08500", "2014-03-31": "0.04900", "2013-12-31": "0.11000", "2013-09-30": "0.04200", "2013-06-30": "0.05800", "2013-03-31": "0.02000", "2012-12-31": ""}, "Income After Taxes": {"2020-09-30": "-40.70300", "2020-06-30": "-64.65600", "2020-03-31": "-42.78300", "2019-12-31": "-36.16800", "2019-09-30": "-34.22400", "2019-06-30": "-54.54100", "2019-03-31": "-44.72000", "2018-12-31": "-33.24900", "2018-09-30": "-34.14400", "2018-06-30": "-34.36600", "2018-03-31": "-29.32500", "2017-12-31": "-24.97800", "2017-09-30": "-25.81500", "2017-06-30": "-26.26700", "2017-03-31": "-25.08100", "2016-12-31": "-18.36900", "2016-09-30": "-25.82600", "2016-06-30": "-26.25400", "2016-03-31": "-27.17100", "2015-12-31": "-24.47800", "2015-09-30": "-18.92400", "2015-06-30": "-21.48200", "2015-03-31": "-19.16800", "2014-12-31": "-17.49400", "2014-09-30": "-17.91900", "2014-06-30": "-21.74300", "2014-03-31": "-10.25900", "2013-12-31": "-6.13000", "2013-09-30": "-4.75500", "2013-06-30": "-6.35200", "2013-03-31": "-5.35800", "2012-12-31": ""}, "Other Income": {"2020-09-30": "", "2020-06-30": "", "2020-03-31": "", "2019-12-31": "", "2019-09-30": "", "2019-06-30": "", "2019-03-31": "", "2018-12-31": "", "2018-09-30": "", "2018-06-30": "", "2018-03-31": "", "2017-12-31": "", "2017-09-30": "", "2017-06-30": "", "2017-03-31": "", "2016-12-31": "", "2016-09-30": "", "2016-06-30": "", "2016-03-31": "", "2015-12-31": "", "2015-09-30": "", "2015-06-30": "", "2015-03-31": "", "2014-12-31": "", "2014-09-30": "", "2014-06-30": "", "2014-03-31": "", "2013-12-31": "0.00000", "2013-09-30": "", "2013-06-30": "", "2013-03-31": "", "2012-12-31": ""}, "Income From Continuous Operations": {"2020-09-30": "-40.70300", "2020-06-30": "-64.65600", "2020-03-31": "-42.78300", "2019-12-31": "-36.16800", "2019-09-30": "-34.22400", "2019-06-30": "-54.54100", "2019-03-31": "-44.72000", "2018-12-31": "-33.24900", "2018-09-30": "-34.14400", "2018-06-30": "-34.36600", "2018-03-31": "-29.32500", "2017-12-31": "-24.97800", "2017-09-30": "-25.81500", "2017-06-30": "-26.26700", "2017-03-31": "-25.08100", "2016-12-31": "-18.36900", "2016-09-30": "-25.82600", "2016-06-30": "-26.25400", "2016-03-31": "-27.17100", "2015-12-31": "-24.47800", "2015-09-30": "-18.92400", "2015-06-30": "-21.48200", "2015-03-31": "-19.16800", "2014-12-31": "-17.49400", "2014-09-30": "-17.91900", "2014-06-30": "-21.74300", "2014-03-31": "-10.25900", "2013-12-31": "-6.10600", "2013-09-30": "-4.75500", "2013-06-30": "-6.35200", "2013-03-31": "-5.35800", "2012-12-31": ""}, "Income From Discontinued Operations": {"2020-09-30": "", "2020-06-30": "", "2020-03-31": "", "2019-12-31": "", "2019-09-30": "", "2019-06-30": "", "2019-03-31": "", "2018-12-31": "", "2018-09-30": "", "2018-06-30": "", "2018-03-31": "", "2017-12-31": "", "2017-09-30": "", "2017-06-30": "", "2017-03-31": "", "2016-12-31": "", "2016-09-30": "", "2016-06-30": "", "2016-03-31": "", "2015-12-31": "", "2015-09-30": "", "2015-06-30": "", "2015-03-31": "", "2014-12-31": "", "2014-09-30": "", "2014-06-30": "", "2014-03-31": "", "2013-12-31": "0.00000", "2013-09-30": "", "2013-06-30": "", "2013-03-31": "", "2012-12-31": ""}, "Net Income": {"2020-09-30": "-40.70300", "2020-06-30": "-64.65600", "2020-03-31": "-42.78300", "2019-12-31": "-36.16800", "2019-09-30": "-34.22400", "2019-06-30": "-54.54100", "2019-03-31": "-44.72000", "2018-12-31": "-33.24900", "2018-09-30": "-34.14400", "2018-06-30": "-34.36600", "2018-03-31": "-29.32500", "2017-12-31": "-24.97800", "2017-09-30": "-25.81500", "2017-06-30": "-26.26700", "2017-03-31": "-25.08100", "2016-12-31": "-18.36900", "2016-09-30": "-25.82600", "2016-06-30": "-26.25400", "2016-03-31": "-27.17100", "2015-12-31": "-24.47800", "2015-09-30": "-18.92400", "2015-06-30": "-21.48200", "2015-03-31": "-19.16800", "2014-12-31": "-17.49400", "2014-09-30": "-17.91900", "2014-06-30": "-21.74900", "2014-03-31": "-10.27100", "2013-12-31": "-6.10600", "2013-09-30": "-4.76700", "2013-06-30": "-6.36400", "2013-03-31": "-5.37000", "2012-12-31": ""}, "EBITDA": {"2020-09-30": "6.14100", "2020-06-30": "-2.49700", "2020-03-31": "-13.53000", "2019-12-31": "-5.90000", "2019-09-30": "-10.52800", "2019-06-30": "-28.49400", "2019-03-31": "-22.07600", "2018-12-31": "-14.90710", "2018-09-30": "-14.06200", "2018-06-30": "-13.84900", "2018-03-31": "-18.52000", "2017-12-31": "-15.08300", "2017-09-30": "-14.70200", "2017-06-30": "-15.83700", "2017-03-31": "-14.15900", "2016-12-31": "-1.15210", "2016-09-30": "-19.36000", "2016-06-30": "-19.67500", "2016-03-31": "-20.16100", "2015-12-31": "-18.32100", "2015-09-30": "-13.93900", "2015-06-30": "-16.35900", "2015-03-31": "-14.62200", "2014-12-31": "-13.42000", "2014-09-30": "-14.64300", "2014-06-30": "-18.68200", "2014-03-31": "-7.94400", "2013-12-31": "-4.19000", "2013-09-30": "-3.18500", "2013-06-30": "-4.95200", "2013-03-31": "-4.30500", "2012-12-31": ""}, "EBIT": {"2020-09-30": "-28.32600", "2020-06-30": "-31.49800", "2020-03-31": "-41.28400", "2019-12-31": "-32.30000", "2019-09-30": "-35.42800", "2019-06-30": "-51.36200", "2019-03-31": "-43.91400", "2018-12-31": "-36.51510", "2018-09-30": "-34.20100", "2018-06-30": "-33.59700", "2018-03-31": "-33.61500", "2017-12-31": "-26.85300", "2017-09-30": "-26.56700", "2017-06-30": "-27.46500", "2017-03-31": "-25.26100", "2016-12-31": "-18.95100", "2016-09-30": "-26.21300", "2016-06-30": "-26.29600", "2016-03-31": "-26.68700", "2015-12-31": "-24.39300", "2015-09-30": "-18.80700", "2015-06-30": "-20.94000", "2015-03-31": "-18.84500", "2014-12-31": "-17.20300", "2014-09-30": "-17.81200", "2014-06-30": "-21.37800", "2014-03-31": "-9.75200", "2013-12-31": "-5.81900", "2013-09-30": "-4.61100", "2013-06-30": "-6.16100", "2013-03-31": "-5.26100", "2012-12-31": ""}, "Basic Shares Outstanding": {"2020-09-30": "115.80900", "2020-06-30": "114.60000", "2020-03-31": "113.53800", "2019-12-31": "110.60600", "2019-09-30": "111.26100", "2019-06-30": "109.98600", "2019-03-31": "108.63000", "2018-12-31": "105.56700", "2018-09-30": "106.14300", "2018-06-30": "105.00000", "2018-03-31": "103.69200", "2017-12-31": "99.91800", "2017-09-30": "100.65900", "2017-06-30": "99.50600", "2017-03-31": "97.47500", "2016-12-31": "93.16100", "2016-09-30": "94.08500", "2016-06-30": "92.17400", "2016-03-31": "90.51900", "2015-12-31": "84.92600", "2015-09-30": "87.77700", "2015-06-30": "86.39000", "2015-03-31": "76.33800", "2014-12-31": "53.57100", "2014-09-30": "71.73200", "2014-06-30": "45.76000", "2014-03-31": "22.76200", "2013-12-31": "22.23400", "2013-09-30": "22.02400", "2013-06-30": "21.56800", "2013-03-31": "20.85300", "2012-12-31": ""}, "Shares Outstanding": {"2020-09-30": "115.80900", "2020-06-30": "114.60000", "2020-03-31": "113.53800", "2019-12-31": "110.60600", "2019-09-30": "111.26100", "2019-06-30": "109.98600", "2019-03-31": "108.63000", "2018-12-31": "105.56700", "2018-09-30": "106.14300", "2018-06-30": "105.00000", "2018-03-31": "103.69200", "2017-12-31": "99.91800", "2017-09-30": "100.65900", "2017-06-30": "99.50600", "2017-03-31": "97.47500", "2016-12-31": "93.16100", "2016-09-30": "94.08500", "2016-06-30": "92.17400", "2016-03-31": "90.51900", "2015-12-31": "84.92600", "2015-09-30": "87.77700", "2015-06-30": "86.39000", "2015-03-31": "76.33800", "2014-12-31": "53.57100", "2014-09-30": "71.73200", "2014-06-30": "45.76000", "2014-03-31": "22.76200", "2013-12-31": "22.23400", "2013-09-30": "22.02400", "2013-06-30": "21.56800", "2013-03-31": "20.85300", "2012-12-31": ""}, "Basic EPS": {"2020-09-30": "-0.35000", "2020-06-30": "-0.56000", "2020-03-31": "-0.38000", "2019-12-31": "-0.31000", "2019-09-30": "-0.31000", "2019-06-30": "-0.50000", "2019-03-31": "-0.41000", "2018-12-31": "-0.31000", "2018-09-30": "-0.32000", "2018-06-30": "-0.33000", "2018-03-31": "-0.28000", "2017-12-31": "-0.24000", "2017-09-30": "-0.26000", "2017-06-30": "-0.26000", "2017-03-31": "-0.26000", "2016-12-31": "-0.20000", "2016-09-30": "-0.27000", "2016-06-30": "-0.28000", "2016-03-31": "-0.30000", "2015-12-31": "-0.27000", "2015-09-30": "-0.22000", "2015-06-30": "-0.25000", "2015-03-31": "-0.25000", "2014-12-31": "-0.08000", "2014-09-30": "-0.25000", "2014-06-30": "-0.48000", "2014-03-31": "-0.45000", "2013-12-31": "-0.28000", "2013-09-30": "-0.22000", "2013-06-30": "-0.30000", "2013-03-31": "-0.26000", "2012-12-31": ""}, "EPS - Earnings Per Share": {"2020-09-30": "-0.35000", "2020-06-30": "-0.56000", "2020-03-31": "-0.38000", "2019-12-31": "-0.31000", "2019-09-30": "-0.31000", "2019-06-30": "-0.50000", "2019-03-31": "-0.41000", "2018-12-31": "-0.31000", "2018-09-30": "-0.32000", "2018-06-30": "-0.33000", "2018-03-31": "-0.28000", "2017-12-31": "-0.24000", "2017-09-30": "-0.26000", "2017-06-30": "-0.26000", "2017-03-31": "-0.26000", "2016-12-31": "-0.20000", "2016-09-30": "-0.27000", "2016-06-30": "-0.28000", "2016-03-31": "-0.30000", "2015-12-31": "-0.27000", "2015-09-30": "-0.22000", "2015-06-30": "-0.25000", "2015-03-31": "-0.25000", "2014-12-31": "-0.08000", "2014-09-30": "-0.25000", "2014-06-30": "-0.48000", "2014-03-31": "-0.45000", "2013-12-31": "-0.28000", "2013-09-30": "-0.22000", "2013-06-30": "-0.30000", "2013-03-31": "-0.26000", "2012-12-31": "0.00000"}}, "balance sheet": {"Cash On Hand": {"2019-12-31": "483.54900", "2018-12-31": "426.73100", "2017-12-31": "246.94600", "2016-12-31": "224.86700", "2015-12-31": "245.64000", "2014-12-31": "122.46900", "2013-12-31": "63.61400", "2012-12-31": "48.68800"}, "Receivables": {"2019-12-31": "127.80800", "2018-12-31": "85.28000", "2017-12-31": "57.09600", "2016-12-31": "37.34300", "2015-12-31": "26.16800", "2014-12-31": "11.52300", "2013-12-31": "7.23700", "2012-12-31": "3.75200"}, "Inventory": {"2019-12-31": "", "2018-12-31": "", "2017-12-31": "", "2016-12-31": "", "2015-12-31": "", "2014-12-31": "", "2013-12-31": "", "2012-12-31": ""}, "Pre-Paid Expenses": {"2019-12-31": "45.84700", "2018-12-31": "35.87300", "2017-12-31": "24.16500", "2016-12-31": "17.60800", "2015-12-31": "11.42300", "2014-12-31": "5.01300", "2013-12-31": "3.00800", "2012-12-31": "2.22100"}, "Other Current Assets": {"2019-12-31": "", "2018-12-31": "", "2017-12-31": "", "2016-12-31": "", "2015-12-31": "", "2014-12-31": "", "2013-12-31": "", "2012-12-31": ""}, "Total Current Assets": {"2019-12-31": "692.82300", "2018-12-31": "572.59600", "2017-12-31": "343.97800", "2016-12-31": "279.81800", "2015-12-31": "283.23100", "2014-12-31": "139.00500", "2013-12-31": "73.85900", "2012-12-31": "54.66100"}, "Property, Plant, And Equipment": {"2019-12-31": "102.09000", "2018-12-31": "75.65400", "2017-12-31": "59.15700", "2016-12-31": "62.73100", "2015-12-31": "56.54000", "2014-12-31": "41.89500", "2013-12-31": "15.43100", "2012-12-31": "8.47200"}, "Long-Term Investments": {"2019-12-31": "361.94800", "2018-12-31": "393.67100", "2017-12-31": "97.44700", "2016-12-31": "75.16800", "2015-12-31": "22.33600", "2014-12-31": "9.20500", "2013-12-31": "2.22500", "2012-12-31": ""}, "Goodwill And Intangible Assets": {"2019-12-31": "206.88300", "2018-12-31": "146.32700", "2017-12-31": "67.03400", "2016-12-31": "53.29600", "2015-12-31": "57.05000", "2014-12-31": "14.15200", "2013-12-31": "", "2012-12-31": ""}, "Other Long-Term Assets": {"2019-12-31": "25.63200", "2018-12-31": "22.71700", "2017-12-31": "8.35900", "2016-12-31": "4.27200", "2015-12-31": "3.52900", "2014-12-31": "1.53100", "2013-12-31": "1.22100", "2012-12-31": "0.92500"}, "Total Long-Term Assets": {"2019-12-31": "821.76610", "2018-12-31": "665.28300", "2017-12-31": "247.39200", "2016-12-31": "195.46700", "2015-12-31": "139.45500", "2014-12-31": "66.78300", "2013-12-31": "18.87700", "2012-12-31": "9.39700"}, "Total Assets": {"2019-12-31": "1514.58900", "2018-12-31": "1237.87900", "2017-12-31": "591.37000", "2016-12-31": "475.28500", "2015-12-31": "422.68600", "2014-12-31": "205.78800", "2013-12-31": "92.73600", "2012-12-31": "64.05800"}, "Total Current Liabilities": {"2019-12-31": "478.68100", "2018-12-31": "342.76300", "2017-12-31": "229.34700", "2016-12-31": "167.21800", "2015-12-31": "117.39900", "2014-12-31": "78.14900", "2013-12-31": "42.15300", "2012-12-31": "21.13700"}, "Long Term Debt": {"2019-12-31": "483.46400", "2018-12-31": "458.17600", "2017-12-31": "", "2016-12-31": "", "2015-12-31": "", "2014-12-31": "3.91100", "2013-12-31": "23.39500", "2012-12-31": "0.37400"}, "Other Non-Current Liabilities": {"2019-12-31": "7.66200", "2018-12-31": "17.30000", "2017-12-31": "6.62600", "2016-12-31": "7.38200", "2015-12-31": "10.59200", "2014-12-31": "9.19900", "2013-12-31": "1.52000", "2012-12-31": "0.83100"}, "Total Long Term Liabilities": {"2019-12-31": "577.92400", "2018-12-31": "478.19500", "2017-12-31": "7.83900", "2016-12-31": "8.63900", "2015-12-31": "11.99700", "2014-12-31": "13.93300", "2013-12-31": "25.49000", "2012-12-31": "1.80600"}, "Total Liabilities": {"2019-12-31": "1056.60500", "2018-12-31": "820.95800", "2017-12-31": "237.18600", "2016-12-31": "175.85700", "2015-12-31": "129.39600", "2014-12-31": "92.08200", "2013-12-31": "67.64300", "2012-12-31": "22.94300"}, "Common Stock Net": {"2019-12-31": "1.13000", "2018-12-31": "1.08000", "2017-12-31": "1.03100", "2016-12-31": "0.97100", "2015-12-31": "0.90500", "2014-12-31": "0.75500", "2013-12-31": "0.22900", "2012-12-31": "0.21200"}, "Retained Earnings (Accumulated Deficit)": {"2019-12-31": "-698.78100", "2018-12-31": "-529.12800", "2017-12-31": "-398.04300", "2016-12-31": "-319.72000", "2015-12-31": "-215.92100", "2014-12-31": "-131.86900", "2013-12-31": "-64.45400", "2012-12-31": "-41.88300"}, "Comprehensive Income": {"2019-12-31": "0.59100", "2018-12-31": "-5.72400", "2017-12-31": "-2.37200", "2016-12-31": "-5.19700", "2015-12-31": "-2.22500", "2014-12-31": "-0.52800", "2013-12-31": "0.01000", "2012-12-31": ""}, "Other Share Holders Equity": {"2019-12-31": "", "2018-12-31": "", "2017-12-31": "", "2016-12-31": "", "2015-12-31": "", "2014-12-31": "", "2013-12-31": "", "2012-12-31": ""}, "Share Holder Equity": {"2019-12-31": "457.98400", "2018-12-31": "416.92100", "2017-12-31": "354.18400", "2016-12-31": "299.42800", "2015-12-31": "293.29000", "2014-12-31": "113.70600", "2013-12-31": "25.09300", "2012-12-31": "41.11500"}, "Total Liabilities And Share Holders Equity": {"2019-12-31": "1514.58900", "2018-12-31": "1237.87900", "2017-12-31": "591.37000", "2016-12-31": "475.28500", "2015-12-31": "422.68600", "2014-12-31": "205.78800", "2013-12-31": "92.73600", "2012-12-31": "64.05800"}}, "balance sheet, quarterly": {"Cash On Hand": {"2020-09-30": "943.00000", "2020-06-30": "997.28600", "2020-03-31": "468.09500", "2019-12-31": "483.54900", "2019-09-30": "434.73800", "2019-06-30": "427.14800", "2019-03-31": "444.35900", "2018-12-31": "426.73100", "2018-09-30": "450.75600", "2018-06-30": "684.25500", "2018-03-31": "737.98000", "2017-12-31": "246.94600", "2017-09-30": "226.56200", "2017-06-30": "240.26400", "2017-03-31": "247.69800", "2016-12-31": "224.86700", "2016-09-30": "211.34700", "2016-06-30": "224.16600", "2016-03-31": "254.32200", "2015-12-31": "245.64000", "2015-09-30": "280.63300", "2015-06-30": "286.34100", "2015-03-31": "309.07700", "2014-12-31": "122.46900", "2014-09-30": "110.29400", "2014-06-30": "129.48400", "2014-03-31": "61.48700", "2013-12-31": "63.61400", "2013-09-30": "", "2013-06-30": "", "2013-03-31": "", "2012-12-31": "48.68000"}, "Receivables": {"2020-09-30": "151.16000", "2020-06-30": "143.01700", "2020-03-31": "101.02700", "2019-12-31": "127.80800", "2019-09-30": "101.44000", "2019-06-30": "105.80600", "2019-03-31": "90.46500", "2018-12-31": "85.28000", "2018-09-30": "82.93500", "2018-06-30": "69.41900", "2018-03-31": "52.73800", "2017-12-31": "57.09600", "2017-09-30": "51.46500", "2017-06-30": "41.31100", "2017-03-31": "39.10500", "2016-12-31": "37.34300", "2016-09-30": "37.64500", "2016-06-30": "28.66600", "2016-03-31": "24.09400", "2015-12-31": "26.16800", "2015-09-30": "24.12100", "2015-06-30": "14.60000", "2015-03-31": "12.00100", "2014-12-31": "11.52300", "2014-09-30": "12.85800", "2014-06-30": "9.65500", "2014-03-31": "9.01200", "2013-12-31": "7.23700", "2013-09-30": "", "2013-06-30": "", "2013-03-31": "", "2012-12-31": "3.75000"}, "Inventory": {"2020-09-30": "", "2020-06-30": "", "2020-03-31": "", "2019-12-31": "", "2019-09-30": "", "2019-06-30": "", "2019-03-31": "", "2018-12-31": "", "2018-09-30": "", "2018-06-30": "", "2018-03-31": "", "2017-12-31": "", "2017-09-30": "", "2017-06-30": "", "2017-03-31": "", "2016-12-31": "", "2016-09-30": "", "2016-06-30": "", "2016-03-31": "", "2015-12-31": "", "2015-09-30": "", "2015-06-30": "", "2015-03-31": "", "2014-12-31": "", "2014-09-30": "", "2014-06-30": "", "2014-03-31": "", "2013-12-31": "", "2013-09-30": "", "2013-06-30": "", "2013-03-31": "", "2012-12-31": ""}, "Pre-Paid Expenses": {"2020-09-30": "50.04700", "2020-06-30": "50.21000", "2020-03-31": "45.78500", "2019-12-31": "45.84700", "2019-09-30": "48.12400", "2019-06-30": "45.69700", "2019-03-31": "38.62900", "2018-12-31": "35.87300", "2018-09-30": "34.28700", "2018-06-30": "31.17000", "2018-03-31": "29.41200", "2017-12-31": "24.16500", "2017-09-30": "24.31800", "2017-06-30": "21.14100", "2017-03-31": "17.98200", "2016-12-31": "17.60800", "2016-09-30": "19.43700", "2016-06-30": "19.64500", "2016-03-31": "11.98400", "2015-12-31": "11.42300", "2015-09-30": "9.90400", "2015-06-30": "8.73100", "2015-03-31": "6.04700", "2014-12-31": "5.01300", "2014-09-30": "5.25500", "2014-06-30": "5.80600", "2014-03-31": "4.94600", "2013-12-31": "3.00800", "2013-09-30": "", "2013-06-30": "", "2013-03-31": "", "2012-12-31": ""}, "Other Current Assets": {"2020-09-30": "", "2020-06-30": "", "2020-03-31": "", "2019-12-31": "", "2019-09-30": "", "2019-06-30": "", "2019-03-31": "", "2018-12-31": "", "2018-09-30": "", "2018-06-30": "", "2018-03-31": "", "2017-12-31": "", "2017-09-30": "", "2017-06-30": "", "2017-03-31": "", "2016-12-31": "", "2016-09-30": "", "2016-06-30": "", "2016-03-31": "", "2015-12-31": "", "2015-09-30": "", "2015-06-30": "", "2015-03-31": "", "2014-12-31": "", "2014-09-30": "", "2014-06-30": "", "2014-03-31": "", "2013-12-31": "", "2013-09-30": "", "2013-06-30": "", "2013-03-31": "", "2012-12-31": "2.22000"}, "Total Current Assets": {"2020-09-30": "1188.92900", "2020-06-30": "1231.45200", "2020-03-31": "653.12200", "2019-12-31": "692.82300", "2019-09-30": "616.70800", "2019-06-30": "608.91000", "2019-03-31": "600.33500", "2018-12-31": "572.59600", "2018-09-30": "589.16100", "2018-06-30": "804.17900", "2018-03-31": "837.14000", "2017-12-31": "343.97800", "2017-09-30": "302.34500", "2017-06-30": "302.71600", "2017-03-31": "304.78500", "2016-12-31": "279.81800", "2016-09-30": "268.42900", "2016-06-30": "272.47700", "2016-03-31": "290.40000", "2015-12-31": "283.23100", "2015-09-30": "314.65800", "2015-06-30": "309.67200", "2015-03-31": "327.12500", "2014-12-31": "139.00500", "2014-09-30": "128.40700", "2014-06-30": "144.94500", "2014-03-31": "75.44500", "2013-12-31": "73.85900", "2013-09-30": "", "2013-06-30": "", "2013-03-31": "", "2012-12-31": "54.66000"}, "Property, Plant, And Equipment": {"2020-09-30": "102.09800", "2020-06-30": "102.60100", "2020-03-31": "103.01700", "2019-12-31": "102.09000", "2019-09-30": "94.85100", "2019-06-30": "87.52000", "2019-03-31": "75.61900", "2018-12-31": "75.65400", "2018-09-30": "72.33500", "2018-06-30": "69.42600", "2018-03-31": "61.00000", "2017-12-31": "59.15700", "2017-09-30": "59.60000", "2017-06-30": "61.75300", "2017-03-31": "60.84200", "2016-12-31": "62.73100", "2016-09-30": "57.50700", "2016-06-30": "55.73400", "2016-03-31": "55.54300", "2015-12-31": "56.54000", "2015-09-30": "52.74700", "2015-06-30": "45.62100", "2015-03-31": "43.35100", "2014-12-31": "41.89500", "2014-09-30": "40.86400", "2014-06-30": "38.16000", "2014-03-31": "22.25700", "2013-12-31": "15.43100", "2013-09-30": "", "2013-06-30": "", "2013-03-31": "", "2012-12-31": "12.16000"}, "Long-Term Investments": {"2020-09-30": "407.14100", "2020-06-30": "303.86100", "2020-03-31": "369.09100", "2019-12-31": "361.94800", "2019-09-30": "384.52700", "2019-06-30": "371.24500", "2019-03-31": "401.07900", "2018-12-31": "393.67100", "2018-09-30": "360.35000", "2018-06-30": "188.77000", "2018-03-31": "121.75400", "2017-12-31": "97.44700", "2017-09-30": "90.26300", "2017-06-30": "68.50200", "2017-03-31": "68.32000", "2016-12-31": "75.16800", "2016-09-30": "71.13900", "2016-06-30": "51.62500", "2016-03-31": "18.38700", "2015-12-31": "22.33600", "2015-09-30": "22.51300", "2015-06-30": "22.82000", "2015-03-31": "7.50100", "2014-12-31": "9.20500", "2014-09-30": "18.00700", "2014-06-30": "2.76400", "2014-03-31": "", "2013-12-31": "2.22500", "2013-09-30": "", "2013-06-30": "", "2013-03-31": "", "2012-12-31": ""}, "Goodwill And Intangible Assets": {"2020-09-30": "199.60700", "2020-06-30": "201.80400", "2020-03-31": "204.09300", "2019-12-31": "206.88300", "2019-09-30": "209.51600", "2019-06-30": "212.43600", "2019-03-31": "144.06900", "2018-12-31": "146.32700", "2018-09-30": "148.88600", "2018-06-30": "65.64700", "2018-03-31": "66.31600", "2017-12-31": "67.03400", "2017-09-30": "67.77900", "2017-06-30": "68.76200", "2017-03-31": "52.69900", "2016-12-31": "53.29600", "2016-09-30": "54.84800", "2016-06-30": "55.94800", "2016-03-31": "56.74600", "2015-12-31": "57.05000", "2015-09-30": "11.88800", "2015-06-30": "13.02800", "2015-03-31": "13.25500", "2014-12-31": "14.15200", "2014-09-30": "15.15800", "2014-06-30": "15.96100", "2014-03-31": "16.08800", "2013-12-31": "", "2013-09-30": "0.00000", "2013-06-30": "0.00000", "2013-03-31": "0.00000", "2012-12-31": "0.00000"}, "Other Long-Term Assets": {"2020-09-30": "24.73100", "2020-06-30": "24.58500", "2020-03-31": "26.64000", "2019-12-31": "25.63200", "2019-09-30": "26.24200", "2019-06-30": "24.37900", "2019-03-31": "23.82900", "2018-12-31": "22.71700", "2018-09-30": "11.15700", "2018-06-30": "10.81300", "2018-03-31": "9.46200", "2017-12-31": "8.35900", "2017-09-30": "9.35000", "2017-06-30": "7.90900", "2017-03-31": "4.38200", "2016-12-31": "4.27200", "2016-09-30": "4.50400", "2016-06-30": "4.15700", "2016-03-31": "4.60600", "2015-12-31": "3.52900", "2015-09-30": "2.45000", "2015-06-30": "2.28200", "2015-03-31": "1.91100", "2014-12-31": "1.53100", "2014-09-30": "1.54500", "2014-06-30": "1.48200", "2014-03-31": "3.37200", "2013-12-31": "1.22100", "2013-09-30": "", "2013-06-30": "", "2013-03-31": "", "2012-12-31": "0.92000"}, "Total Long-Term Assets": {"2020-09-30": "865.30990", "2020-06-30": "764.56600", "2020-03-31": "835.66800", "2019-12-31": "821.76610", "2019-09-30": "842.75000", "2019-06-30": "830.08700", "2019-03-31": "772.34300", "2018-12-31": "665.28300", "2018-09-30": "614.90300", "2018-06-30": "354.90600", "2018-03-31": "275.38300", "2017-12-31": "247.39200", "2017-09-30": "226.99200", "2017-06-30": "206.92600", "2017-03-31": "186.24300", "2016-12-31": "195.46700", "2016-09-30": "187.99800", "2016-06-30": "167.46400", "2016-03-31": "135.28200", "2015-12-31": "139.45500", "2015-09-30": "89.59800", "2015-06-30": "83.75100", "2015-03-31": "66.01800", "2014-12-31": "66.78300", "2014-09-30": "75.57400", "2014-06-30": "58.36700", "2014-03-31": "41.71700", "2013-12-31": "18.87700", "2013-09-30": "", "2013-06-30": "", "2013-03-31": "", "2012-12-31": "13.08000"}, "Total Assets": {"2020-09-30": "2054.23900", "2020-06-30": "1996.01800", "2020-03-31": "1488.79000", "2019-12-31": "1514.58900", "2019-09-30": "1459.45800", "2019-06-30": "1438.99700", "2019-03-31": "1372.67800", "2018-12-31": "1237.87900", "2018-09-30": "1204.06400", "2018-06-30": "1159.08500", "2018-03-31": "1112.52300", "2017-12-31": "591.37000", "2017-09-30": "529.33700", "2017-06-30": "509.64200", "2017-03-31": "491.02800", "2016-12-31": "475.28500", "2016-09-30": "456.42700", "2016-06-30": "439.94100", "2016-03-31": "425.68200", "2015-12-31": "422.68600", "2015-09-30": "404.25600", "2015-06-30": "393.42300", "2015-03-31": "393.14300", "2014-12-31": "205.78800", "2014-09-30": "203.98100", "2014-06-30": "203.31200", "2014-03-31": "117.16200", "2013-12-31": "92.73600", "2013-09-30": "0.00000", "2013-06-30": "0.00000", "2013-03-31": "0.00000", "2012-12-31": "64.05000"}, "Total Current Liabilities": {"2020-09-30": "610.81700", "2020-06-30": "451.45500", "2020-03-31": "453.50700", "2019-12-31": "478.68100", "2019-09-30": "449.96400", "2019-06-30": "907.41700", "2019-03-31": "389.70200", "2018-12-31": "342.76300", "2018-09-30": "330.06300", "2018-06-30": "293.77800", "2018-03-31": "261.29700", "2017-12-31": "229.34700", "2017-09-30": "213.28800", "2017-06-30": "191.42300", "2017-03-31": "176.13100", "2016-12-31": "167.21800", "2016-09-30": "146.43300", "2016-06-30": "134.66800", "2016-03-31": "123.86700", "2015-12-31": "117.39900", "2015-09-30": "101.00200", "2015-06-30": "85.89000", "2015-03-31": "81.99200", "2014-12-31": "78.14900", "2014-09-30": "73.92300", "2014-06-30": "67.89900", "2014-03-31": "58.21800", "2013-12-31": "42.15300", "2013-09-30": "", "2013-06-30": "", "2013-03-31": "", "2012-12-31": "21.13000"}, "Long Term Debt": {"2020-09-30": "925.00700", "2020-06-30": "1043.36500", "2020-03-31": "490.01400", "2019-12-31": "483.46400", "2019-09-30": "477.00700", "2019-06-30": "", "2019-03-31": "464.36400", "2018-12-31": "458.17600", "2018-09-30": "452.07500", "2018-06-30": "446.06000", "2018-03-31": "439.95300", "2017-12-31": "", "2017-09-30": "", "2017-06-30": "", "2017-03-31": "", "2016-12-31": "", "2016-09-30": "", "2016-06-30": "", "2016-03-31": "", "2015-12-31": "", "2015-09-30": "", "2015-06-30": "", "2015-03-31": "3.13900", "2014-12-31": "3.91100", "2014-09-30": "4.67800", "2014-06-30": "5.01500", "2014-03-31": "25.94600", "2013-12-31": "23.39500", "2013-09-30": "", "2013-06-30": "", "2013-03-31": "", "2012-12-31": "0.37000"}, "Other Non-Current Liabilities": {"2020-09-30": "4.90400", "2020-06-30": "5.46000", "2020-03-31": "6.85000", "2019-12-31": "7.66200", "2019-09-30": "4.71000", "2019-06-30": "5.94600", "2019-03-31": "2.85900", "2018-12-31": "17.30000", "2018-09-30": "14.59800", "2018-06-30": "12.87700", "2018-03-31": "9.28600", "2017-12-31": "6.62600", "2017-09-30": "8.15200", "2017-06-30": "8.47700", "2017-03-31": "7.51100", "2016-12-31": "7.38200", "2016-09-30": "9.92200", "2016-06-30": "11.24000", "2016-03-31": "10.53000", "2015-12-31": "10.59200", "2015-09-30": "8.96600", "2015-06-30": "9.98800", "2015-03-31": "9.11400", "2014-12-31": "9.19900", "2014-09-30": "9.53900", "2014-06-30": "8.19300", "2014-03-31": "4.14100", "2013-12-31": "1.52000", "2013-09-30": "", "2013-06-30": "", "2013-03-31": "", "2012-12-31": "0.83000"}, "Total Long Term Liabilities": {"2020-09-30": "1013.30300", "2020-06-30": "1134.25400", "2020-03-31": "585.34000", "2019-12-31": "577.92400", "2019-09-30": "572.30500", "2019-06-30": "104.60300", "2019-03-31": "564.03100", "2018-12-31": "478.19500", "2018-09-30": "469.22400", "2018-06-30": "460.44100", "2018-03-31": "450.57300", "2017-12-31": "7.83900", "2017-09-30": "9.87900", "2017-06-30": "10.25000", "2017-03-31": "9.50000", "2016-12-31": "8.63900", "2016-09-30": "11.46000", "2016-06-30": "12.55600", "2016-03-31": "11.96400", "2015-12-31": "11.99700", "2015-09-30": "10.62300", "2015-06-30": "10.70300", "2015-03-31": "12.88200", "2014-12-31": "13.93300", "2014-09-30": "15.43600", "2014-06-30": "13.67000", "2014-03-31": "30.49400", "2013-12-31": "25.49000", "2013-09-30": "", "2013-06-30": "", "2013-03-31": "", "2012-12-31": "1.80000"}, "Total Liabilities": {"2020-09-30": "1624.12000", "2020-06-30": "1585.70900", "2020-03-31": "1038.84700", "2019-12-31": "1056.60500", "2019-09-30": "1022.26900", "2019-06-30": "1012.02000", "2019-03-31": "953.73300", "2018-12-31": "820.95800", "2018-09-30": "799.28700", "2018-06-30": "754.21900", "2018-03-31": "711.87000", "2017-12-31": "237.18600", "2017-09-30": "223.16700", "2017-06-30": "201.67300", "2017-03-31": "185.63100", "2016-12-31": "175.85700", "2016-09-30": "157.89300", "2016-06-30": "147.22400", "2016-03-31": "135.83100", "2015-12-31": "129.39600", "2015-09-30": "111.62500", "2015-06-30": "96.59300", "2015-03-31": "94.87400", "2014-12-31": "92.08200", "2014-09-30": "89.35900", "2014-06-30": "81.56900", "2014-03-31": "88.71200", "2013-12-31": "67.64300", "2013-09-30": "0.00000", "2013-06-30": "0.00000", "2013-03-31": "0.00000", "2012-12-31": "22.94000"}, "Common Stock Net": {"2020-09-30": "1.16400", "2020-06-30": "1.15100", "2020-03-31": "1.13900", "2019-12-31": "1.13000", "2019-09-30": "1.11900", "2019-06-30": "1.10600", "2019-03-31": "1.09200", "2018-12-31": "1.08000", "2018-09-30": "1.06600", "2018-06-30": "1.05600", "2018-03-31": "1.04200", "2017-12-31": "1.03100", "2017-09-30": "1.01000", "2017-06-30": "1.00700", "2017-03-31": "0.99100", "2016-12-31": "0.97100", "2016-09-30": "0.95300", "2016-06-30": "0.93700", "2016-03-31": "0.91700", "2015-12-31": "0.90500", "2015-09-30": "0.88700", "2015-06-30": "0.88000", "2015-03-31": "0.85900", "2014-12-31": "0.75500", "2014-09-30": "0.72100", "2014-06-30": "0.71500", "2014-03-31": "0.24300", "2013-12-31": "0.22900", "2013-09-30": "0.00000", "2013-06-30": "0.00000", "2013-03-31": "0.00000", "2012-12-31": "0.21000"}, "Retained Earnings (Accumulated Deficit)": {"2020-09-30": "-846.84700", "2020-06-30": "-806.14500", "2020-03-31": "-741.56500", "2019-12-31": "-698.78100", "2019-09-30": "-662.61300", "2019-06-30": "-628.38900", "2019-03-31": "-573.84800", "2018-12-31": "-529.12800", "2018-09-30": "-495.87800", "2018-06-30": "-461.73400", "2018-03-31": "-427.36800", "2017-12-31": "-398.04300", "2017-09-30": "-403.93600", "2017-06-30": "-376.24800", "2017-03-31": "-346.94200", "2016-12-31": "-319.72000", "2016-09-30": "-295.17200", "2016-06-30": "-269.34500", "2016-03-31": "-243.09200", "2015-12-31": "-215.92100", "2015-09-30": "-191.44300", "2015-06-30": "-172.51900", "2015-03-31": "-151.03700", "2014-12-31": "-131.86900", "2014-09-30": "-114.37600", "2014-06-30": "-96.45700", "2014-03-31": "-74.71300", "2013-12-31": "-64.45400", "2013-09-30": "", "2013-06-30": "", "2013-03-31": "", "2012-12-31": "-41.88000"}, "Comprehensive Income": {"2020-09-30": "2.56000", "2020-06-30": "2.83400", "2020-03-31": "-10.15200", "2019-12-31": "0.59100", "2019-09-30": "-1.04700", "2019-06-30": "0.77200", "2019-03-31": "-2.33000", "2018-12-31": "-5.72400", "2018-09-30": "-5.79700", "2018-06-30": "-5.79900", "2018-03-31": "-3.76200", "2017-12-31": "-2.37200", "2017-09-30": "-2.20500", "2017-06-30": "-2.47400", "2017-03-31": "-3.79200", "2016-12-31": "-5.19700", "2016-09-30": "-1.73000", "2016-06-30": "-1.82300", "2016-03-31": "1.24700", "2015-12-31": "-2.22500", "2015-09-30": "-1.57800", "2015-06-30": "-0.73400", "2015-03-31": "-0.92800", "2014-12-31": "-0.52800", "2014-09-30": "-0.03900", "2014-06-30": "0.32200", "2014-03-31": "0.20600", "2013-12-31": "0.01000", "2013-09-30": "", "2013-06-30": "", "2013-03-31": "", "2012-12-31": ""}, "Other Share Holders Equity": {"2020-09-30": "", "2020-06-30": "", "2020-03-31": "", "2019-12-31": "", "2019-09-30": "", "2019-06-30": "", "2019-03-31": "", "2018-12-31": "", "2018-09-30": "", "2018-06-30": "", "2018-03-31": "", "2017-12-31": "", "2017-09-30": "", "2017-06-30": "", "2017-03-31": "", "2016-12-31": "", "2016-09-30": "", "2016-06-30": "", "2016-03-31": "", "2015-12-31": "", "2015-09-30": "", "2015-06-30": "", "2015-03-31": "", "2014-12-31": "", "2014-09-30": "", "2014-06-30": "", "2014-03-31": "", "2013-12-31": "", "2013-09-30": "0.00000", "2013-06-30": "0.00000", "2013-03-31": "0.00000", "2012-12-31": "0.00000"}, "Share Holder Equity": {"2020-09-30": "430.11900", "2020-06-30": "410.30900", "2020-03-31": "449.94300", "2019-12-31": "457.98400", "2019-09-30": "437.18900", "2019-06-30": "426.97700", "2019-03-31": "418.94500", "2018-12-31": "416.92100", "2018-09-30": "404.77700", "2018-06-30": "404.86600", "2018-03-31": "400.65300", "2017-12-31": "354.18400", "2017-09-30": "306.17000", "2017-06-30": "307.96900", "2017-03-31": "305.39700", "2016-12-31": "299.42800", "2016-09-30": "298.53400", "2016-06-30": "292.71700", "2016-03-31": "289.85100", "2015-12-31": "293.29000", "2015-09-30": "292.63100", "2015-06-30": "296.83000", "2015-03-31": "298.26900", "2014-12-31": "113.70600", "2014-09-30": "114.62200", "2014-06-30": "121.74300", "2014-03-31": "28.45000", "2013-12-31": "25.09300", "2013-09-30": "0.00000", "2013-06-30": "0.00000", "2013-03-31": "0.00000", "2012-12-31": "41.11000"}, "Total Liabilities And Share Holders Equity": {"2020-09-30": "2054.23900", "2020-06-30": "1996.01800", "2020-03-31": "1488.79000", "2019-12-31": "1514.58900", "2019-09-30": "1459.45800", "2019-06-30": "1438.99700", "2019-03-31": "1372.67800", "2018-12-31": "1237.87900", "2018-09-30": "1204.06400", "2018-06-30": "1159.08500", "2018-03-31": "1112.52300", "2017-12-31": "591.37000", "2017-09-30": "529.33700", "2017-06-30": "509.64200", "2017-03-31": "491.02800", "2016-12-31": "475.28500", "2016-09-30": "456.42700", "2016-06-30": "439.94100", "2016-03-31": "425.68200", "2015-12-31": "422.68600", "2015-09-30": "404.25600", "2015-06-30": "393.42300", "2015-03-31": "393.14300", "2014-12-31": "205.78800", "2014-09-30": "203.98100", "2014-06-30": "203.31200", "2014-03-31": "117.16200", "2013-12-31": "92.73600", "2013-09-30": "0.00000", "2013-06-30": "0.00000", "2013-03-31": "0.00000", "2012-12-31": "64.05000"}}, "cash flow statement": {"Net Income/Loss": {"2019-12-31": "-169.65300", "2018-12-31": "-131.08400", "2017-12-31": "-102.14100", "2016-12-31": "-97.62000", "2015-12-31": "-84.05200", "2014-12-31": "-67.41500", "2013-12-31": "-22.57100", "2012-12-31": "-24.36500"}, "Total Depreciation And Amortization - Cash Flow": {"2019-12-31": "96.00600", "2018-12-31": "76.59000", "2017-12-31": "46.36500", "2016-12-31": "37.79900", "2015-12-31": "19.74400", "2014-12-31": "11.45600", "2013-12-31": "5.22200", "2012-12-31": "2.50600"}, "Other Non-Cash Items": {"2019-12-31": "157.47000", "2018-12-31": "108.54700", "2017-12-31": "85.15600", "2016-12-31": "76.19800", "2015-12-31": "53.56400", "2014-12-31": "32.14200", "2013-12-31": "5.03300", "2012-12-31": "9.76300"}, "Total Non-Cash Items": {"2019-12-31": "253.47600", "2018-12-31": "185.13700", "2017-12-31": "131.52100", "2016-12-31": "113.99700", "2015-12-31": "73.30800", "2014-12-31": "43.59800", "2013-12-31": "10.25500", "2012-12-31": "12.26900"}, "Change In Accounts Receivable": {"2019-12-31": "-50.06100", "2018-12-31": "-30.00700", "2017-12-31": "-21.20100", "2016-12-31": "-11.80800", "2015-12-31": "-14.98900", "2014-12-31": "-3.84600", "2013-12-31": "-3.59400", "2012-12-31": "-1.40400"}, "Change In Inventories": {"2019-12-31": "", "2018-12-31": "", "2017-12-31": "", "2016-12-31": "", "2015-12-31": "", "2014-12-31": "", "2013-12-31": "", "2012-12-31": ""}, "Change In Accounts Payable": {"2019-12-31": "22.12800", "2018-12-31": "7.53400", "2017-12-31": "1.83900", "2016-12-31": "-3.48600", "2015-12-31": "2.01700", "2014-12-31": "0.94700", "2013-12-31": "2.40900", "2012-12-31": "0.70400"}, "Change In Assets/Liabilities": {"2019-12-31": "18.83000", "2018-12-31": "28.17000", "2017-12-31": "17.89200", "2016-12-31": "12.16100", "2015-12-31": "25.13900", "2014-12-31": "22.68800", "2013-12-31": "13.73900", "2012-12-31": "5.71600"}, "Total Change In Assets/Liabilities": {"2019-12-31": "5.43800", "2018-12-31": "24.56700", "2017-12-31": "12.84800", "2016-12-31": "8.18300", "2015-12-31": "16.07700", "2014-12-31": "25.90700", "2013-12-31": "16.32100", "2012-12-31": "7.00000"}, "Cash Flow From Operating Activities": {"2019-12-31": "89.26100", "2018-12-31": "78.62000", "2017-12-31": "42.22800", "2016-12-31": "24.56000", "2015-12-31": "5.33300", "2014-12-31": "2.09000", "2013-12-31": "4.00500", "2012-12-31": "-5.09600"}, "Net Change In Property, Plant, And Equipment": {"2019-12-31": "-39.14000", "2018-12-31": "-35.32300", "2017-12-31": "-16.39600", "2016-12-31": "-20.64700", "2015-12-31": "-22.98900", "2014-12-31": "-21.66500", "2013-12-31": "-7.11600", "2012-12-31": "-3.58200"}, "Net Change In Intangible Assets": {"2019-12-31": "-7.84100", "2018-12-31": "-7.00500", "2017-12-31": "-7.52100", "2016-12-31": "-6.31000", "2015-12-31": "-4.70500", "2014-12-31": "-8.01300", "2013-12-31": "-4.66100", "2012-12-31": "-3.50500"}, "Net Acquisitions/Divestitures": {"2019-12-31": "-70.91900", "2018-12-31": "-79.36300", "2017-12-31": "-16.47000", "2016-12-31": "", "2015-12-31": "-43.85800", "2014-12-31": "-1.89600", "2013-12-31": "", "2012-12-31": ""}, "Net Change In Short-term Investments": {"2019-12-31": "", "2018-12-31": "", "2017-12-31": "", "2016-12-31": "", "2015-12-31": "", "2014-12-31": "", "2013-12-31": "", "2012-12-31": ""}, "Net Change In Long-Term Investments": {"2019-12-31": "51.14800", "2018-12-31": "-467.98500", "2017-12-31": "-29.48400", "2016-12-31": "-155.40700", "2015-12-31": "-1.16900", "2014-12-31": "-39.87600", "2013-12-31": "-12.40900", "2012-12-31": ""}, "Net Change In Investments - Total": {"2019-12-31": "51.14800", "2018-12-31": "-467.98500", "2017-12-31": "-29.48400", "2016-12-31": "-155.40700", "2015-12-31": "-1.16900", "2014-12-31": "-39.87600", "2013-12-31": "-12.40900", "2012-12-31": ""}, "Investing Activities - Other": {"2019-12-31": "", "2018-12-31": "", "2017-12-31": "", "2016-12-31": "", "2015-12-31": "", "2014-12-31": "0.15300", "2013-12-31": "", "2012-12-31": "-0.03200"}, "Cash Flow From Investing Activities": {"2019-12-31": "-66.75200", "2018-12-31": "-589.67600", "2017-12-31": "-69.87100", "2016-12-31": "-182.36400", "2015-12-31": "-72.72100", "2014-12-31": "-71.29700", "2013-12-31": "-24.18600", "2012-12-31": "-7.11900"}, "Net Long-Term Debt": {"2019-12-31": "", "2018-12-31": "497.49900", "2017-12-31": "", "2016-12-31": "", "2015-12-31": "-6.96200", "2014-12-31": "-17.17200", "2013-12-31": "23.42300", "2012-12-31": "-0.30500"}, "Net Current Debt": {"2019-12-31": "", "2018-12-31": "", "2017-12-31": "", "2016-12-31": "", "2015-12-31": "", "2014-12-31": "", "2013-12-31": "", "2012-12-31": ""}, "Debt Issuance/Retirement Net - Total": {"2019-12-31": "", "2018-12-31": "497.49900", "2017-12-31": "", "2016-12-31": "", "2015-12-31": "-6.96200", "2014-12-31": "-17.17200", "2013-12-31": "23.42300", "2012-12-31": "-0.30500"}, "Net Common Equity Issued/Repurchased": {"2019-12-31": "57.98500", "2018-12-31": "37.59000", "2017-12-31": "46.13000", "2016-12-31": "36.41600", "2015-12-31": "210.22900", "2014-12-31": "114.72300", "2013-12-31": "1.79300", "2012-12-31": "2.12500"}, "Net Total Equity Issued/Repurchased": {"2019-12-31": "57.98500", "2018-12-31": "37.59000", "2017-12-31": "46.13000", "2016-12-31": "36.41600", "2015-12-31": "210.22900", "2014-12-31": "114.72300", "2013-12-31": "1.79300", "2012-12-31": "47.01000"}, "Total Common And Preferred Stock Dividends Paid": {"2019-12-31": "", "2018-12-31": "", "2017-12-31": "", "2016-12-31": "", "2015-12-31": "", "2014-12-31": "", "2013-12-31": "", "2012-12-31": ""}, "Financial Activities - Other": {"2019-12-31": "-9.57400", "2018-12-31": "-6.02600", "2017-12-31": "-2.98900", "2016-12-31": "-0.78900", "2015-12-31": "-0.16000", "2014-12-31": "-1.78300", "2013-12-31": "", "2012-12-31": ""}, "Cash Flow From Financial Activities": {"2019-12-31": "48.41100", "2018-12-31": "529.06300", "2017-12-31": "43.14100", "2016-12-31": "35.62700", "2015-12-31": "203.10700", "2014-12-31": "95.76800", "2013-12-31": "25.21600", "2012-12-31": "46.70500"}, "Net Cash Flow": {"2019-12-31": "71.02100", "2018-12-31": "17.98800", "2017-12-31": "15.82600", "2016-12-31": "-122.51100", "2015-12-31": "135.96100", "2014-12-31": "26.54000", "2013-12-31": "5.03700", "2012-12-31": "34.45000"}, "Stock-Based Compensation": {"2019-12-31": "156.73000", "2018-12-31": "119.48300", "2017-12-31": "84.55300", "2016-12-31": "73.42900", "2015-12-31": "52.55600", "2014-12-31": "32.13900", "2013-12-31": "4.85400", "2012-12-31": "9.64000"}, "Common Stock Dividends Paid": {"2019-12-31": "", "2018-12-31": "", "2017-12-31": "", "2016-12-31": "", "2015-12-31": "", "2014-12-31": "", "2013-12-31": "", "2012-12-31": ""}}, "cash flow statement, quarterly": {"Net Income/Loss": {"2020-09-30": -40.702, "2020-06-30": -64.657, "2020-03-31": "-42.78300", "2019-12-31": -36.168, "2019-09-30": -34.224, "2019-06-30": -54.541, "2019-03-31": "-44.72000", "2018-12-31": -33.249, "2018-09-30": -34.144, "2018-06-30": -34.366, "2018-03-31": "-29.32500", "2017-12-31": -24.978, "2017-09-30": -25.815, "2017-06-30": -26.267, "2017-03-31": "-25.08100", "2016-12-31": -18.37, "2016-09-30": -25.825, "2016-06-30": -26.254, "2016-03-31": "-27.17100", "2015-12-31": -24.477, "2015-09-30": -18.925, "2015-06-30": -21.482, "2015-03-31": "-19.16800", "2014-12-31": -17.493, "2014-09-30": -17.919, "2014-06-30": -21.744, "2014-03-31": "-10.25900", "2013-12-31": -6.105, "2013-09-30": -4.755, "2013-06-30": -6.352, "2013-03-31": "-5.35800", "2012-12-31": -24.36}, "Total Depreciation And Amortization - Cash Flow": {"2020-09-30": 34.467, "2020-06-30": 29.001, "2020-03-31": "27.75400", "2019-12-31": 26.4, "2019-09-30": 24.9, "2019-06-30": 22.868, "2019-03-31": "21.83800", "2018-12-31": 21.608, "2018-09-30": 20.139, "2018-06-30": 19.748, "2018-03-31": "15.09500", "2017-12-31": 11.77, "2017-09-30": 11.865, "2017-06-30": 11.628, "2017-03-31": "11.10200", "2016-12-31": 17.799, "2016-09-30": 6.853, "2016-06-30": 6.621, "2016-03-31": "6.52600", "2015-12-31": 6.072, "2015-09-30": 4.868, "2015-06-30": 4.581, "2015-03-31": "4.22300", "2014-12-31": 3.783, "2014-09-30": 3.169, "2014-06-30": 2.696, "2014-03-31": "1.80800", "2013-12-31": 1.629, "2013-09-30": 1.426, "2013-06-30": 1.209, "2013-03-31": "0.95600", "2012-12-31": 2.5}, "Other Non-Cash Items": {"2020-09-30": 47.246, "2020-06-30": 34.116, "2020-03-31": "44.14300", "2019-12-31": 37.454, "2019-09-30": 38.762, "2019-06-30": 44.203, "2019-03-31": "37.05100", "2018-12-31": 19.101, "2018-09-30": 32.012, "2018-06-30": 30.196, "2018-03-31": "27.23800", "2017-12-31": 22.35, "2017-09-30": 22.398, "2017-06-30": 20.607, "2017-03-31": "19.80100", "2016-12-31": 18.775, "2016-09-30": 20.483, "2016-06-30": 18.842, "2016-03-31": "18.09800", "2015-12-31": 16.106, "2015-09-30": 13.621, "2015-06-30": 13.436, "2015-03-31": "10.40100", "2014-12-31": 8.186, "2014-09-30": 10.971, "2014-06-30": 11.025, "2014-03-31": "1.96000", "2013-12-31": 1.145, "2013-09-30": 0.998, "2013-06-30": 2.475, "2013-03-31": "0.41500", "2012-12-31": 0}, "Total Non-Cash Items": {"2020-09-30": 81.713, "2020-06-30": 63.117, "2020-03-31": "71.89700", "2019-12-31": 63.854, "2019-09-30": 63.662, "2019-06-30": 67.071, "2019-03-31": "58.88900", "2018-12-31": 40.709, "2018-09-30": 52.151, "2018-06-30": 49.944, "2018-03-31": "42.33300", "2017-12-31": 34.12, "2017-09-30": 34.263, "2017-06-30": 32.235, "2017-03-31": "30.90300", "2016-12-31": 36.574, "2016-09-30": 27.336, "2016-06-30": 25.463, "2016-03-31": "24.62400", "2015-12-31": 22.178, "2015-09-30": 18.489, "2015-06-30": 18.017, "2015-03-31": "14.62400", "2014-12-31": 11.969, "2014-09-30": 14.14, "2014-06-30": 13.721, "2014-03-31": "3.76800", "2013-12-31": -2.259, "2013-09-30": 2.424, "2013-06-30": 3.684, "2013-03-31": "1.37100", "2012-12-31": 2.5}, "Change In Accounts Receivable": {"2020-09-30": -12.392, "2020-06-30": -46.666, "2020-03-31": "26.02300", "2019-12-31": -30.229, "2019-09-30": 3.035, "2019-06-30": -15.901, "2019-03-31": "-6.96600", "2018-12-31": -3.286, "2018-09-30": -12.825, "2018-06-30": -17.587, "2018-03-31": "3.69100", "2017-12-31": -6.162, "2017-09-30": -10.42, "2017-06-30": -2.303, "2017-03-31": "-2.31600", "2016-12-31": -0.026, "2016-09-30": -9.355, "2016-06-30": -4.325, "2016-03-31": "1.89800", "2015-12-31": -1.907, "2015-09-30": -9.692, "2015-06-30": -2.755, "2015-03-31": "-0.63500", "2014-12-31": 1.258, "2014-09-30": -3.247, "2014-06-30": -0.682, "2014-03-31": "-1.17500", "2013-12-31": -0.472, "2013-09-30": -2.09, "2013-06-30": -0.191, "2013-03-31": "-0.84100", "2012-12-31": 0}, "Change In Inventories": {"2020-09-30": 0, "2020-06-30": 0, "2020-03-31": "", "2019-12-31": 0, "2019-09-30": 0, "2019-06-30": 0, "2019-03-31": "", "2018-12-31": 0, "2018-09-30": 0, "2018-06-30": 0, "2018-03-31": "", "2017-12-31": 0, "2017-09-30": 0, "2017-06-30": 0, "2017-03-31": "", "2016-12-31": 0, "2016-09-30": 0, "2016-06-30": 0, "2016-03-31": "", "2015-12-31": 0, "2015-09-30": 0, "2015-06-30": 0, "2015-03-31": "", "2014-12-31": 0, "2014-09-30": 0, "2014-06-30": 0, "2014-03-31": "", "2013-12-31": 0, "2013-09-30": 0, "2013-06-30": 0, "2013-03-31": "", "2012-12-31": 0}, "Change In Accounts Payable": {"2020-09-30": -3.193, "2020-06-30": -12.692, "2020-03-31": "-10.32300", "2019-12-31": -0.463, "2019-09-30": 1.258, "2019-06-30": 5.678, "2019-03-31": "15.65500", "2018-12-31": -13.073, "2018-09-30": 10.341, "2018-06-30": 9.214, "2018-03-31": "1.05200", "2017-12-31": -5.398, "2017-09-30": 3.428, "2017-06-30": 1.851, "2017-03-31": "1.95800", "2016-12-31": -1.266, "2016-09-30": -1.641, "2016-06-30": 1.272, "2016-03-31": "-1.85100", "2015-12-31": 3.936, "2015-09-30": -0.856, "2015-06-30": -0.051, "2015-03-31": "-1.01200", "2014-12-31": 0.356, "2014-09-30": 1.126, "2014-06-30": 0.242, "2014-03-31": "-0.77700", "2013-12-31": 1.454, "2013-09-30": 0.551, "2013-06-30": 0.332, "2013-03-31": "0.07200", "2012-12-31": 0}, "Change In Assets/Liabilities": {"2020-09-30": -7.092, "2020-06-30": -4.78, "2020-03-31": "-37.22000", "2019-12-31": 24.545, "2019-09-30": -12.664, "2019-06-30": 8.721, "2019-03-31": "-1.77200", "2018-12-31": 22.527, "2018-09-30": 6.357, "2018-06-30": 10.81, "2018-03-31": "-11.52400", "2017-12-31": 13.752, "2017-09-30": 3.125, "2017-06-30": -0.875, "2017-03-31": "1.89000", "2016-12-31": -4.205, "2016-09-30": 8.363, "2016-06-30": 1.155, "2016-03-31": "6.84800", "2015-12-31": 6.55, "2015-09-30": 9.911, "2015-06-30": 6.168, "2015-03-31": "2.51000", "2014-12-31": 6.037, "2014-09-30": 9.131, "2014-06-30": 3.514, "2014-03-31": "4.00600", "2013-12-31": 4.438, "2013-09-30": 3.831, "2013-06-30": 2.32, "2013-03-31": "3.15000", "2012-12-31": 0}, "Total Change In Assets/Liabilities": {"2020-09-30": -7.62, "2020-06-30": -49.171, "2020-03-31": "-31.72300", "2019-12-31": 4.525, "2019-09-30": -9.215, "2019-06-30": 5.328, "2019-03-31": "4.80000", "2018-12-31": 15.478, "2018-09-30": -2.263, "2018-06-30": 8.118, "2018-03-31": "3.23400", "2017-12-31": 8.164, "2017-09-30": -1.103, "2017-06-30": 4.327, "2017-03-31": "1.46000", "2016-12-31": 2.362, "2016-09-30": -2.077, "2016-06-30": 0.762, "2016-03-31": "7.13600", "2015-12-31": 12.583, "2015-09-30": 0.258, "2015-06-30": 3.887, "2015-03-31": "-0.65100", "2014-12-31": 7.632, "2014-09-30": 8.849, "2014-06-30": 4.53, "2014-03-31": "4.89600", "2013-12-31": 6.411, "2013-09-30": 3.416, "2013-06-30": 2.775, "2013-03-31": "3.71800", "2012-12-31": 7}, "Cash Flow From Operating Activities": {"2020-09-30": 33.391, "2020-06-30": -50.711, "2020-03-31": "-2.60900", "2019-12-31": 32.211, "2019-09-30": 20.223, "2019-06-30": 17.858, "2019-03-31": "18.96900", "2018-12-31": 22.938, "2018-09-30": 15.744, "2018-06-30": 23.696, "2018-03-31": "16.24200", "2017-12-31": 17.306, "2017-09-30": 7.345, "2017-06-30": 10.295, "2017-03-31": "7.28200", "2016-12-31": 20.566, "2016-09-30": -0.566, "2016-06-30": -0.029, "2016-03-31": "4.58900", "2015-12-31": 10.284, "2015-09-30": -0.178, "2015-06-30": 0.422, "2015-03-31": "-5.19500", "2014-12-31": 2.108, "2014-09-30": 5.07, "2014-06-30": -3.493, "2014-03-31": "-1.59500", "2013-12-31": 3.077, "2013-09-30": 1.085, "2013-06-30": 0.107, "2013-03-31": "-0.26900", "2012-12-31": -5.09}, "Net Change In Property, Plant, And Equipment": {"2020-09-30": -3.929, "2020-06-30": -5.622, "2020-03-31": "-9.93800", "2019-12-31": -13.512, "2019-09-30": -11.474, "2019-06-30": -4.896, "2019-03-31": "-9.25800", "2018-12-31": -8.191, "2018-09-30": -7.096, "2018-06-30": -13.228, "2018-03-31": "-6.80800", "2017-12-31": -3.062, "2017-09-30": -4.058, "2017-06-30": -4.485, "2017-03-31": "-4.79100", "2016-12-31": -8.153, "2016-09-30": -4.084, "2016-06-30": -5.161, "2016-03-31": "-3.24900", "2015-12-31": -8.758, "2015-09-30": -6.825, "2015-06-30": -4.05, "2015-03-31": "-3.35600", "2014-12-31": -2.544, "2014-09-30": -6.024, "2014-06-30": -9.517, "2014-03-31": "-3.58000", "2013-12-31": -1.46, "2013-09-30": -1.671, "2013-06-30": -1.07, "2013-03-31": "-2.90900", "2012-12-31": -3.58}, "Net Change In Intangible Assets": {"2020-09-30": -4.618, "2020-06-30": -3.225, "2020-03-31": "-3.05800", "2019-12-31": -2.834, "2019-09-30": -2.041, "2019-06-30": -1.753, "2019-03-31": "-1.21300", "2018-12-31": -1.455, "2018-09-30": -1.389, "2018-06-30": -1.817, "2018-03-31": "-2.34400", "2017-12-31": -2.284, "2017-09-30": -1.922, "2017-06-30": -1.463, "2017-03-31": "-1.85200", "2016-12-31": -1.997, "2016-09-30": -1.54, "2016-06-30": -1.422, "2016-03-31": "-1.35100", "2015-12-31": -1.157, "2015-09-30": -1.165, "2015-06-30": -1.066, "2015-03-31": "-1.31700", "2014-12-31": -1.745, "2014-09-30": -2.353, "2014-06-30": -2.114, "2014-03-31": "-1.80100", "2013-12-31": -1.105, "2013-09-30": -1.212, "2013-06-30": -1.284, "2013-03-31": "-1.06000", "2012-12-31": 0}, "Net Acquisitions/Divestitures": {"2020-09-30": 0, "2020-06-30": 0, "2020-03-31": "", "2019-12-31": -0.125, "2019-09-30": 0, "2019-06-30": -70.794, "2019-03-31": "", "2018-12-31": 0, "2018-09-30": -79.363, "2018-06-30": 0, "2018-03-31": "", "2017-12-31": 0, "2017-09-30": 0, "2017-06-30": -16.47, "2017-03-31": "", "2016-12-31": 0, "2016-09-30": 0, "2016-06-30": 0, "2016-03-31": "", "2015-12-31": -42.759, "2015-09-30": -0.551, "2015-06-30": 0, "2015-03-31": "-0.54800", "2014-12-31": 0, "2014-09-30": 0, "2014-06-30": -0.112, "2014-03-31": "-1.78400", "2013-12-31": 0, "2013-09-30": 0, "2013-06-30": 0, "2013-03-31": "", "2012-12-31": 0}, "Net Change In Short-term Investments": {"2020-09-30": 0, "2020-06-30": 0, "2020-03-31": "", "2019-12-31": 0, "2019-09-30": 0, "2019-06-30": 0, "2019-03-31": "", "2018-12-31": 0, "2018-09-30": 0, "2018-06-30": 0, "2018-03-31": "", "2017-12-31": 0, "2017-09-30": 0, "2017-06-30": 0, "2017-03-31": "", "2016-12-31": 0, "2016-09-30": 0, "2016-06-30": 0, "2016-03-31": "", "2015-12-31": 0, "2015-09-30": 0, "2015-06-30": 0, "2015-03-31": "", "2014-12-31": 0, "2014-09-30": 0, "2014-06-30": 0, "2014-03-31": "", "2013-12-31": 0, "2013-09-30": 0, "2013-06-30": 0, "2013-03-31": "", "2012-12-31": 0}, "Net Change In Long-Term Investments": {"2020-09-30": -366.053, "2020-06-30": 45.66, "2020-03-31": "6.08500", "2019-12-31": -20.449, "2019-09-30": -0.488, "2019-06-30": 78.9, "2019-03-31": "-6.81500", "2018-12-31": -49.153, "2018-09-30": -273.249, "2018-06-30": -129.507, "2018-03-31": "-16.07600", "2017-12-31": -11.309, "2017-09-30": -18.279, "2017-06-30": 0.606, "2017-03-31": "-0.50200", "2016-12-31": -1.982, "2016-09-30": -47.361, "2016-06-30": -102.924, "2016-03-31": "-3.14000", "2015-12-31": -4.253, "2015-09-30": 5.594, "2015-06-30": -1.37, "2015-03-31": "-1.14000", "2014-12-31": -3.82, "2014-09-30": -35.842, "2014-06-30": -1.614, "2014-03-31": "1.40000", "2013-12-31": 0, "2013-09-30": 0, "2013-06-30": -0.66, "2013-03-31": "-11.74900", "2012-12-31": 0}, "Net Change In Investments - Total": {"2020-09-30": -366.053, "2020-06-30": 45.66, "2020-03-31": "6.08500", "2019-12-31": -20.449, "2019-09-30": -0.488, "2019-06-30": 78.9, "2019-03-31": "-6.81500", "2018-12-31": -49.153, "2018-09-30": -273.249, "2018-06-30": -129.507, "2018-03-31": "-16.07600", "2017-12-31": -11.309, "2017-09-30": -18.279, "2017-06-30": 0.606, "2017-03-31": "-0.50200", "2016-12-31": -1.982, "2016-09-30": -47.361, "2016-06-30": -102.924, "2016-03-31": "-3.14000", "2015-12-31": -4.253, "2015-09-30": 5.594, "2015-06-30": -1.37, "2015-03-31": "-1.14000", "2014-12-31": -3.82, "2014-09-30": -35.842, "2014-06-30": -1.614, "2014-03-31": "1.40000", "2013-12-31": 0.009, "2013-09-30": 0, "2013-06-30": -0.66, "2013-03-31": "-11.74900", "2012-12-31": 0}, "Investing Activities - Other": {"2020-09-30": 0, "2020-06-30": 0, "2020-03-31": "", "2019-12-31": 0, "2019-09-30": 0, "2019-06-30": 0, "2019-03-31": "", "2018-12-31": 0, "2018-09-30": 0, "2018-06-30": 0, "2018-03-31": "", "2017-12-31": 0, "2017-09-30": 0, "2017-06-30": 0, "2017-03-31": "", "2016-12-31": 0, "2016-09-30": 0, "2016-06-30": 0, "2016-03-31": "", "2015-12-31": 0, "2015-09-30": 0, "2015-06-30": 0, "2015-03-31": "", "2014-12-31": 0.153, "2014-09-30": 0, "2014-06-30": 0, "2014-03-31": "", "2013-12-31": -4.66, "2013-09-30": 0, "2013-06-30": 0, "2013-03-31": "", "2012-12-31": -3.53}, "Cash Flow From Investing Activities": {"2020-09-30": -374.6, "2020-06-30": 36.813, "2020-03-31": "-6.91100", "2019-12-31": -36.92, "2019-09-30": -14.003, "2019-06-30": 1.457, "2019-03-31": "-17.28600", "2018-12-31": -58.799, "2018-09-30": -361.097, "2018-06-30": -144.552, "2018-03-31": "-25.22800", "2017-12-31": -16.655, "2017-09-30": -24.259, "2017-06-30": -21.812, "2017-03-31": "-7.14500", "2016-12-31": -12.132, "2016-09-30": -52.985, "2016-06-30": -109.507, "2016-03-31": "-7.74000", "2015-12-31": -56.927, "2015-09-30": -2.947, "2015-06-30": -6.486, "2015-03-31": "-6.36100", "2014-12-31": -7.956, "2014-09-30": -44.219, "2014-06-30": -13.357, "2014-03-31": "-5.76500", "2013-12-31": -2.565, "2013-09-30": -2.883, "2013-06-30": -3.014, "2013-03-31": "-15.71800", "2012-12-31": -7.11}, "Net Long-Term Debt": {"2020-09-30": 129.34, "2020-06-30": 420.677, "2020-03-31": "", "2019-12-31": 0, "2019-09-30": 0, "2019-06-30": 0, "2019-03-31": "", "2018-12-31": 0, "2018-09-30": -0.054, "2018-06-30": -0.57, "2018-03-31": "498.12300", "2017-12-31": 0, "2017-09-30": 0, "2017-06-30": 0, "2017-03-31": "", "2016-12-31": 0.323, "2016-09-30": 0, "2016-06-30": -0.323, "2016-03-31": "", "2015-12-31": 0, "2015-09-30": 0, "2015-06-30": -6.199, "2015-03-31": "-0.76300", "2014-12-31": -0.841, "2014-09-30": -0.092, "2014-06-30": -18.328, "2014-03-31": "2.08900", "2013-12-31": 22.674, "2013-09-30": 0.915, "2013-06-30": -0.084, "2013-03-31": "-0.08200", "2012-12-31": 0}, "Net Current Debt": {"2020-09-30": 0, "2020-06-30": 0, "2020-03-31": "", "2019-12-31": 0, "2019-09-30": 0, "2019-06-30": 0, "2019-03-31": "", "2018-12-31": 0, "2018-09-30": 0, "2018-06-30": 0, "2018-03-31": "", "2017-12-31": 0, "2017-09-30": 0, "2017-06-30": 0, "2017-03-31": "", "2016-12-31": 0, "2016-09-30": 0, "2016-06-30": 0, "2016-03-31": "", "2015-12-31": 0, "2015-09-30": 0, "2015-06-30": 0, "2015-03-31": "", "2014-12-31": 0, "2014-09-30": 0, "2014-06-30": 0, "2014-03-31": "", "2013-12-31": 0, "2013-09-30": 0, "2013-06-30": 0, "2013-03-31": "", "2012-12-31": 0}, "Debt Issuance/Retirement Net - Total": {"2020-09-30": 129.34, "2020-06-30": 420.677, "2020-03-31": "", "2019-12-31": 0, "2019-09-30": 0, "2019-06-30": 0, "2019-03-31": "", "2018-12-31": 0, "2018-09-30": -0.054, "2018-06-30": -0.57, "2018-03-31": "498.12300", "2017-12-31": 0, "2017-09-30": 0, "2017-06-30": 0, "2017-03-31": "", "2016-12-31": 0.323, "2016-09-30": 0, "2016-06-30": -0.323, "2016-03-31": "", "2015-12-31": 0, "2015-09-30": 0, "2015-06-30": -6.199, "2015-03-31": "-0.76300", "2014-12-31": -0.841, "2014-09-30": -0.092, "2014-06-30": -18.328, "2014-03-31": "2.08900", "2013-12-31": 22.671, "2013-09-30": 0.915, "2013-06-30": -0.084, "2013-03-31": "-0.08200", "2012-12-31": -0.3}, "Net Common Equity Issued/Repurchased": {"2020-09-30": -104.465, "2020-06-30": 96.943, "2020-03-31": "14.11600", "2019-12-31": 12.951, "2019-09-30": 16.514, "2019-06-30": 11.668, "2019-03-31": "16.85200", "2018-12-31": 8.337, "2018-09-30": 9.557, "2018-06-30": 8.407, "2018-03-31": "11.28900", "2017-12-31": 16.6, "2017-09-30": 7.216, "2017-06-30": 6.781, "2017-03-31": "15.53300", "2016-12-31": 7.826, "2016-09-30": 13.531, "2016-06-30": 10, "2016-03-31": "5.05900", "2015-12-31": 7.103, "2015-09-30": 3.092, "2015-06-30": 3.834, "2015-03-31": "196.20000", "2014-12-31": 6.522, "2014-09-30": 0.452, "2014-06-30": 105.356, "2014-03-31": "2.39300", "2013-12-31": 1.165, "2013-09-30": 0.395, "2013-06-30": 0.165, "2013-03-31": "0.06800", "2012-12-31": 0}, "Net Total Equity Issued/Repurchased": {"2020-09-30": -104.465, "2020-06-30": 96.943, "2020-03-31": "14.11600", "2019-12-31": 12.951, "2019-09-30": 16.514, "2019-06-30": 11.668, "2019-03-31": "16.85200", "2018-12-31": 8.337, "2018-09-30": 9.557, "2018-06-30": 8.407, "2018-03-31": "11.28900", "2017-12-31": 16.6, "2017-09-30": 7.216, "2017-06-30": 6.781, "2017-03-31": "15.53300", "2016-12-31": 7.826, "2016-09-30": 13.531, "2016-06-30": 10, "2016-03-31": "5.05900", "2015-12-31": 7.103, "2015-09-30": 3.092, "2015-06-30": 3.834, "2015-03-31": "196.20000", "2014-12-31": 6.522, "2014-09-30": 0.452, "2014-06-30": 105.356, "2014-03-31": "2.39300", "2013-12-31": 1.162, "2013-09-30": 0.395, "2013-06-30": 0.165, "2013-03-31": "0.06800", "2012-12-31": 47.01}, "Total Common And Preferred Stock Dividends Paid": {"2020-09-30": 0, "2020-06-30": 0, "2020-03-31": "", "2019-12-31": 0, "2019-09-30": 0, "2019-06-30": 0, "2019-03-31": "", "2018-12-31": 0, "2018-09-30": 0, "2018-06-30": 0, "2018-03-31": "", "2017-12-31": 0, "2017-09-30": 0, "2017-06-30": 0, "2017-03-31": "", "2016-12-31": 0, "2016-09-30": 0, "2016-06-30": 0, "2016-03-31": "", "2015-12-31": 0, "2015-09-30": 0, "2015-06-30": 0, "2015-03-31": "", "2014-12-31": 0, "2014-09-30": 0, "2014-06-30": 0, "2014-03-31": "", "2013-12-31": 0, "2013-09-30": 0, "2013-06-30": 0, "2013-03-31": "", "2012-12-31": 0}, "Financial Activities - Other": {"2020-09-30": -1.989, "2020-06-30": -2.241, "2020-03-31": "-1.89700", "2019-12-31": -2.172, "2019-09-30": -2.323, "2019-06-30": -2.663, "2019-03-31": "-2.41600", "2018-12-31": -2.219, "2018-09-30": 0.055, "2018-06-30": -3.128, "2018-03-31": "-0.73400", "2017-12-31": -0.574, "2017-09-30": -0.652, "2017-06-30": -1.609, "2017-03-31": "-0.15400", "2016-12-31": -0.296, "2016-09-30": -0.148, "2016-06-30": -0.156, "2016-03-31": "-0.18900", "2015-12-31": 0.197, "2015-09-30": -0.249, "2015-06-30": -0.026, "2015-03-31": "-0.08200", "2014-12-31": -0.033, "2014-09-30": -0.781, "2014-06-30": -0.969, "2014-03-31": "", "2013-12-31": 0, "2013-09-30": 0, "2013-06-30": 0, "2013-03-31": "", "2012-12-31": 0}, "Cash Flow From Financial Activities": {"2020-09-30": 22.886, "2020-06-30": 515.379, "2020-03-31": "12.21900", "2019-12-31": 10.779, "2019-09-30": 14.191, "2019-06-30": 9.005, "2019-03-31": "14.43600", "2018-12-31": 6.118, "2018-09-30": 9.558, "2018-06-30": 4.709, "2018-03-31": "508.67800", "2017-12-31": 16.026, "2017-09-30": 6.564, "2017-06-30": 5.172, "2017-03-31": "15.37900", "2016-12-31": 7.853, "2016-09-30": 13.383, "2016-06-30": 9.521, "2016-03-31": "4.87000", "2015-12-31": 7.3, "2015-09-30": 2.843, "2015-06-30": -2.391, "2015-03-31": "195.35500", "2014-12-31": 5.648, "2014-09-30": -0.421, "2014-06-30": 86.059, "2014-03-31": "4.48200", "2013-12-31": 23.833, "2013-09-30": 1.31, "2013-06-30": 0.081, "2013-03-31": "-0.01400", "2012-12-31": 46.7}, "Net Cash Flow": {"2020-09-30": -318.117, "2020-06-30": 501.496, "2020-03-31": "2.71500", "2019-12-31": 6.086, "2019-09-30": 20.43, "2019-06-30": 28.353, "2019-03-31": "16.15200", "2018-12-31": -29.707, "2018-09-30": -335.814, "2018-06-30": -116.148, "2018-03-31": "499.65700", "2017-12-31": 16.717, "2017-09-30": -10.341, "2017-06-30": -6.264, "2017-03-31": "15.71400", "2016-12-31": 16.126, "2016-09-30": -40.447, "2016-06-30": -99.755, "2016-03-31": "1.56500", "2015-12-31": -39.16, "2015-09-30": -0.283, "2015-06-30": -8.553, "2015-03-31": "183.95700", "2014-12-31": -0.171, "2014-09-30": -39.618, "2014-06-30": 69.199, "2014-03-31": "-2.87000", "2013-12-31": 24.352, "2013-09-30": -0.512, "2013-06-30": -2.816, "2013-03-31": "-15.99400", "2012-12-31": 34.45}, "Stock-Based Compensation": {"2020-09-30": 46.263, "2020-06-30": 43.712, "2020-03-31": "42.08200", "2019-12-31": 37.672, "2019-09-30": 38.65, "2019-06-30": 43.751, "2019-03-31": "36.65700", "2018-12-31": 32.902, "2018-09-30": 31.446, "2018-06-30": 28.147, "2018-03-31": "26.98800", "2017-12-31": 22.128, "2017-09-30": 22.376, "2017-06-30": 20.945, "2017-03-31": "19.10400", "2016-12-31": 17.092, "2016-09-30": 19.996, "2016-06-30": 18.646, "2016-03-31": "17.69500", "2015-12-31": 15.499, "2015-09-30": 13.443, "2015-06-30": 13.385, "2015-03-31": "10.22900", "2014-12-31": 8.514, "2014-09-30": 10.818, "2014-06-30": 10.983, "2014-03-31": "1.82400", "2013-12-31": 1.11, "2013-09-30": 0.875, "2013-06-30": 2.466, "2013-03-31": "0.40300", "2012-12-31": 0}, "Common Stock Dividends Paid": {"2020-09-30": 0, "2020-06-30": 0, "2020-03-31": "", "2019-12-31": 0, "2019-09-30": 0, "2019-06-30": 0, "2019-03-31": "", "2018-12-31": 0, "2018-09-30": 0, "2018-06-30": 0, "2018-03-31": "", "2017-12-31": 0, "2017-09-30": 0, "2017-06-30": 0, "2017-03-31": "", "2016-12-31": 0, "2016-09-30": 0, "2016-06-30": 0, "2016-03-31": "", "2015-12-31": 0, "2015-09-30": 0, "2015-06-30": 0, "2015-03-31": "", "2014-12-31": 0, "2014-09-30": 0, "2014-06-30": 0, "2014-03-31": "", "2013-12-31": 0, "2013-09-30": 0, "2013-06-30": 0, "2013-03-31": "", "2012-12-31": 0}}, "financial ratios": {"Current Ratio": {"2019-12-31": "1.44740", "2018-12-31": "1.67050", "2017-12-31": "1.49980", "2016-12-31": "1.67340", "2015-12-31": "2.41260", "2014-12-31": "1.77870", "2013-12-31": "1.75220", "2012-12-31": "2.58600"}, "Long-term Debt / Capital": {"2019-12-31": "0.51350", "2018-12-31": "0.52360", "2017-12-31": "", "2016-12-31": "", "2015-12-31": "", "2014-12-31": "0.03330", "2013-12-31": "0.48250", "2012-12-31": "0.00900"}, "Debt/Equity Ratio": {"2019-12-31": "1.05560", "2018-12-31": "1.09900", "2017-12-31": "", "2016-12-31": "", "2015-12-31": "", "2014-12-31": "0.06120", "2013-12-31": "0.96140", "2012-12-31": "0.01730"}, "Gross Margin": {"2019-12-31": "71.30360", "2018-12-31": "69.72760", "2017-12-31": "70.37830", "2016-12-31": "69.98510", "2015-12-31": "67.81880", "2014-12-31": "63.75650", "2013-12-31": "65.95050", "2012-12-31": "65.33170"}, "Operating Margin": {"2019-12-31": "-19.96580", "2018-12-31": "-23.03620", "2017-12-31": "-24.67560", "2016-12-31": "-31.37250", "2015-12-31": "-39.74990", "2014-12-31": "-52.06260", "2013-12-31": "-30.30470", "2012-12-31": "-63.16840"}, "EBIT Margin": {"2019-12-31": "-19.96580", "2018-12-31": "-23.03620", "2017-12-31": "-24.67560", "2016-12-31": "-31.37250", "2015-12-31": "-39.74990", "2014-12-31": "-52.06260", "2013-12-31": "-30.30470", "2012-12-31": "-63.16840"}, "EBITDA Margin": {"2019-12-31": "-8.20640", "2018-12-31": "-10.24440", "2017-12-31": "-13.89720", "2016-12-31": "-19.29010", "2015-12-31": "-30.29250", "2014-12-31": "-43.04560", "2013-12-31": "-23.05640", "2012-12-31": "-56.61300"}, "Pre-Tax Profit Margin": {"2019-12-31": "-20.61490", "2018-12-31": "-23.91520", "2017-12-31": "-24.09750", "2016-12-31": "-30.88660", "2015-12-31": "-40.09910", "2014-12-31": "-53.26920", "2013-12-31": "-31.02230", "2012-12-31": "-63.41950"}, "Net Profit Margin": {"2019-12-31": "-20.78020", "2018-12-31": "-21.89310", "2017-12-31": "-23.74460", "2016-12-31": "-31.20410", "2015-12-31": "-40.26100", "2014-12-31": "-53.07640", "2013-12-31": "-31.39710", "2012-12-31": "-85.64660"}, "Asset Turnover": {"2019-12-31": "0.53900", "2018-12-31": "0.48370", "2017-12-31": "0.72740", "2016-12-31": "0.65820", "2015-12-31": "0.49390", "2014-12-31": "0.61740", "2013-12-31": "0.77690", "2012-12-31": "0.59680"}, "Inventory Turnover Ratio": {"2019-12-31": "", "2018-12-31": "", "2017-12-31": "", "2016-12-31": "", "2015-12-31": "", "2014-12-31": "", "2013-12-31": "", "2012-12-31": ""}, "Receiveable Turnover": {"2019-12-31": "6.38780", "2018-12-31": "7.02090", "2017-12-31": "7.53410", "2016-12-31": "8.37760", "2015-12-31": "7.97800", "2014-12-31": "11.02570", "2013-12-31": "9.95510", "2012-12-31": "10.18870"}, "Days Sales In Receivables": {"2019-12-31": "57.13990", "2018-12-31": "51.98730", "2017-12-31": "48.44660", "2016-12-31": "43.56870", "2015-12-31": "45.75090", "2014-12-31": "33.10450", "2013-12-31": "36.66470", "2012-12-31": "35.82400"}, "ROE - Return On Equity": {"2019-12-31": "-37.04340", "2018-12-31": "-31.44100", "2017-12-31": "-28.83840", "2016-12-31": "-32.60220", "2015-12-31": "-28.65830", "2014-12-31": "-59.28890", "2013-12-31": "48.77470", "2012-12-31": "80.66550"}, "Return On Tangible Equity": {"2019-12-31": "-67.56360", "2018-12-31": "-48.44310", "2017-12-31": "-35.57060", "2016-12-31": "-39.66160", "2015-12-31": "-35.57910", "2014-12-31": "-67.71700", "2013-12-31": "-89.94940", "2012-12-31": "-59.26060"}, "ROA - Return On Assets": {"2019-12-31": "-11.20130", "2018-12-31": "-10.58940", "2017-12-31": "-17.27190", "2016-12-31": "-20.53930", "2015-12-31": "-19.88520", "2014-12-31": "-32.75940", "2013-12-31": "-24.33900", "2012-12-31": "-38.03580"}, "ROI - Return On Investment": {"2019-12-31": "-18.02040", "2018-12-31": "-14.97940", "2017-12-31": "-28.83840", "2016-12-31": "-32.60220", "2015-12-31": "-28.65830", "2014-12-31": "-57.31740", "2013-12-31": "-46.54970", "2012-12-31": "-58.72640"}, "Book Value Per Share": {"2019-12-31": "4.04940", "2018-12-31": "3.86040", "2017-12-31": "3.43530", "2016-12-31": "3.09650", "2015-12-31": "3.24800", "2014-12-31": "1.50600", "2013-12-31": "1.08160", "2012-12-31": "1.81100"}, "Operating Cash Flow Per Share": {"2019-12-31": 0.0623, "2018-12-31": 0.3221, "2017-12-31": 0.159, "2016-12-31": 0.2008, "2015-12-31": 0.0238, "2014-12-31": -0.1458, "2013-12-31": 0.4444, "2012-12-31": -0.2596}, "Free Cash Flow Per Share": {"2019-12-31": 0.043, "2018-12-31": 0.1516, "2017-12-31": 0.2165, "2016-12-31": 0.2499, "2015-12-31": 0.1575, "2014-12-31": -0.2219, "2013-12-31": 0.2986, "2012-12-31": -0.4421}}, "financial ratios, quarterly": {"Current Ratio": {"2020-09-30": "1.94650", "2020-06-30": "2.72770", "2020-03-31": "1.44020", "2019-12-31": "1.44740", "2019-09-30": "1.37060", "2019-06-30": "0.67100", "2019-03-31": "1.54050", "2018-12-31": "1.67050", "2018-09-30": "1.78500", "2018-06-30": "2.73740", "2018-03-31": "3.20380", "2017-12-31": "1.49980", "2017-09-30": "1.41750", "2017-06-30": "1.58140", "2017-03-31": "1.73040", "2016-12-31": "1.67340", "2016-09-30": "1.83310", "2016-06-30": "2.02330", "2016-03-31": "2.34450", "2015-12-31": "2.41260", "2015-09-30": "3.11540", "2015-06-30": "3.60540", "2015-03-31": "3.98970", "2014-12-31": "1.77870", "2014-09-30": "1.73700", "2014-06-30": "2.13470", "2014-03-31": "1.29590", "2013-12-31": "1.75220", "2013-09-30": "", "2013-06-30": "", "2013-03-31": "", "2012-12-31": ""}, "Long-term Debt / Capital": {"2020-09-30": "0.68260", "2020-06-30": "0.71770", "2020-03-31": "0.52130", "2019-12-31": "0.51350", "2019-09-30": "0.52180", "2019-06-30": "", "2019-03-31": "0.52570", "2018-12-31": "0.52360", "2018-09-30": "0.52760", "2018-06-30": "0.52420", "2018-03-31": "0.52340", "2017-12-31": "", "2017-09-30": "", "2017-06-30": "", "2017-03-31": "", "2016-12-31": "", "2016-09-30": "", "2016-06-30": "", "2016-03-31": "", "2015-12-31": "", "2015-09-30": "", "2015-06-30": "", "2015-03-31": "0.01040", "2014-12-31": "0.03330", "2014-09-30": "0.03920", "2014-06-30": "0.03960", "2014-03-31": "0.47700", "2013-12-31": "0.48250", "2013-09-30": "", "2013-06-30": "", "2013-03-31": "", "2012-12-31": ""}, "Debt/Equity Ratio": {"2020-09-30": "2.45430", "2020-06-30": "2.54290", "2020-03-31": "1.08910", "2019-12-31": "1.05560", "2019-09-30": "1.09110", "2019-06-30": "1.10230", "2019-03-31": "1.10840", "2018-12-31": "1.09900", "2018-09-30": "1.11690", "2018-06-30": "1.10170", "2018-03-31": "1.09810", "2017-12-31": "", "2017-09-30": "", "2017-06-30": "", "2017-03-31": "", "2016-12-31": "", "2016-09-30": "", "2016-06-30": "", "2016-03-31": "", "2015-12-31": "", "2015-09-30": "", "2015-06-30": "", "2015-03-31": "0.02080", "2014-12-31": "0.06120", "2014-09-30": "0.06810", "2014-06-30": "0.06480", "2014-03-31": "0.98370", "2013-12-31": "0.96140", "2013-09-30": "", "2013-06-30": "", "2013-03-31": "", "2012-12-31": ""}, "Gross Margin": {"2020-09-30": "76.01650", "2020-06-30": "75.06120", "2020-03-31": "74.85970", "2019-12-31": "73.13810", "2019-09-30": "71.86870", "2019-06-30": "70.36230", "2019-03-31": "69.33390", "2018-12-31": "70.36380", "2018-09-30": "69.64890", "2018-06-30": "68.87550", "2018-03-31": "69.90860", "2017-12-31": "71.32540", "2017-09-30": "69.98800", "2017-06-30": "69.96650", "2017-03-31": "70.06330", "2016-12-31": "71.40660", "2016-09-30": "70.43250", "2016-06-30": "69.08900", "2016-03-31": "68.57100", "2015-12-31": "68.56460", "2015-09-30": "69.38790", "2015-06-30": "66.48770", "2015-03-31": "66.16470", "2014-12-31": "64.61690", "2014-09-30": "65.54410", "2014-06-30": "60.24200", "2014-03-31": "64.15190", "2013-12-31": "65.99710", "2013-09-30": "67.11030", "2013-06-30": "65.35130", "2013-03-31": "64.99170", "2012-12-31": ""}, "Operating Margin": {"2020-09-30": "-10.81450", "2020-06-30": "-12.76960", "2020-03-31": "-17.38460", "2019-12-31": "-14.05130", "2019-09-30": "-16.83220", "2019-06-30": "-26.39590", "2019-03-31": "-24.19720", "2018-12-31": "-21.19950", "2018-09-30": "-22.08970", "2018-06-30": "-23.67950", "2018-03-31": "-25.89930", "2017-12-31": "-22.02580", "2017-09-30": "-23.66460", "2017-06-30": "-26.90120", "2017-03-31": "-26.90550", "2016-12-31": "-21.18190", "2016-09-30": "-32.47520", "2016-06-30": "-35.43940", "2016-03-31": "-38.98250", "2015-12-31": "-38.93780", "2015-09-30": "-33.78850", "2015-06-30": "-43.41970", "2015-03-31": "-44.62040", "2014-12-31": "-44.63550", "2014-09-30": "-52.52730", "2014-06-30": "-72.45310", "2014-03-31": "-38.86500", "2013-12-31": "-25.86110", "2013-09-30": "-23.96940", "2013-06-30": "-37.57620", "2013-03-31": "-37.81900", "2012-12-31": ""}, "EBIT Margin": {"2020-09-30": "-10.81450", "2020-06-30": "-12.76960", "2020-03-31": "-17.38460", "2019-12-31": "-14.05130", "2019-09-30": "-16.83220", "2019-06-30": "-26.39590", "2019-03-31": "-24.19720", "2018-12-31": "-21.19950", "2018-09-30": "-22.08970", "2018-06-30": "-23.67950", "2018-03-31": "-25.89930", "2017-12-31": "-22.02580", "2017-09-30": "-23.66460", "2017-06-30": "-26.90120", "2017-03-31": "-26.90550", "2016-12-31": "-21.18190", "2016-09-30": "-32.47520", "2016-06-30": "-35.43940", "2016-03-31": "-38.98250", "2015-12-31": "-38.93780", "2015-09-30": "-33.78850", "2015-06-30": "-43.41970", "2015-03-31": "-44.62040", "2014-12-31": "-44.63560", "2014-09-30": "-52.52730", "2014-06-30": "-72.45310", "2014-03-31": "-38.86500", "2013-12-31": "-25.86110", "2013-09-30": "-23.96940", "2013-06-30": "-37.57620", "2013-03-31": "-37.81900", "2012-12-31": ""}, "EBITDA Margin": {"2020-09-30": "", "2020-06-30": "", "2020-03-31": "", "2019-12-31": "", "2019-09-30": "", "2019-06-30": "", "2019-03-31": "", "2018-12-31": "", "2018-09-30": "", "2018-06-30": "", "2018-03-31": "", "2017-12-31": "", "2017-09-30": "", "2017-06-30": "", "2017-03-31": "", "2016-12-31": "", "2016-09-30": "", "2016-06-30": "", "2016-03-31": "", "2015-12-31": "", "2015-09-30": "", "2015-06-30": "", "2015-03-31": "", "2014-12-31": "", "2014-09-30": "", "2014-06-30": "", "2014-03-31": "", "2013-12-31": "", "2013-09-30": "", "2013-06-30": "", "2013-03-31": "", "2012-12-31": ""}, "Pre-Tax Profit Margin": {"2020-09-30": "-14.78660", "2020-06-30": "-25.69000", "2020-03-31": "-17.37740", "2019-12-31": "-15.43420", "2019-09-30": "-16.43320", "2019-06-30": "-27.72600", "2019-03-31": "-24.40220", "2018-12-31": "-22.09930", "2018-09-30": "-23.56030", "2018-06-30": "-25.39650", "2018-03-31": "-25.12890", "2017-12-31": "-21.08910", "2017-09-30": "-23.11320", "2017-06-30": "-26.40360", "2017-03-31": "-26.67330", "2016-12-31": "-20.31570", "2016-09-30": "-31.63150", "2016-06-30": "-35.25880", "2016-03-31": "-39.08470", "2015-12-31": "-39.41830", "2015-09-30": "-33.52800", "2015-06-30": "-44.13090", "2015-03-31": "-45.16500", "2014-12-31": "-45.36730", "2014-09-30": "-53.53880", "2014-06-30": "-73.97820", "2014-03-31": "-40.69030", "2013-12-31": "-26.75440", "2013-09-30": "-24.49970", "2013-06-30": "-38.38740", "2013-03-31": "-38.37250", "2012-12-31": ""}, "Net Profit Margin": {"2020-09-30": "-15.53990", "2020-06-30": "-26.21220", "2020-03-31": "-18.01580", "2019-12-31": "-15.73400", "2019-09-30": "-16.26020", "2019-06-30": "-28.02970", "2019-03-31": "-24.64130", "2018-12-31": "-19.30330", "2018-09-30": "-22.05290", "2018-06-30": "-24.22150", "2018-03-31": "-22.59400", "2017-12-31": "-20.48790", "2017-09-30": "-22.99470", "2017-06-30": "-25.72780", "2017-03-31": "-26.71370", "2016-12-31": "-20.53140", "2016-09-30": "-31.99570", "2016-06-30": "-35.38280", "2016-03-31": "-39.68950", "2015-12-31": "-39.07350", "2015-09-30": "-33.99870", "2015-06-30": "-44.54350", "2015-03-31": "-45.38520", "2014-12-31": "-45.39060", "2014-09-30": "-52.84280", "2014-06-30": "-73.71040", "2014-03-31": "-40.93340", "2013-12-31": "-27.13660", "2013-09-30": "-24.78040", "2013-06-30": "-38.81440", "2013-03-31": "-38.60250", "2012-12-31": ""}, "Asset Turnover": {"2020-09-30": "0.12750", "2020-06-30": "0.12360", "2020-03-31": "0.15950", "2019-12-31": "0.15180", "2019-09-30": "0.14420", "2019-06-30": "0.13520", "2019-03-31": "0.13220", "2018-12-31": "0.13910", "2018-09-30": "0.12860", "2018-06-30": "0.12240", "2018-03-31": "0.11670", "2017-12-31": "0.20620", "2017-09-30": "0.21210", "2017-06-30": "0.20030", "2017-03-31": "0.19120", "2016-12-31": "0.18820", "2016-09-30": "0.17680", "2016-06-30": "0.16870", "2016-03-31": "0.16080", "2015-12-31": "0.14820", "2015-09-30": "0.13770", "2015-06-30": "0.12260", "2015-03-31": "0.10740", "2014-12-31": "0.18730", "2014-09-30": "0.16620", "2014-06-30": "0.14510", "2014-03-31": "0.21420", "2013-12-31": "0.24260", "2013-09-30": "", "2013-06-30": "", "2013-03-31": "", "2012-12-31": ""}, "Inventory Turnover Ratio": {"2020-09-30": "", "2020-06-30": "", "2020-03-31": "", "2019-12-31": "", "2019-09-30": "", "2019-06-30": "", "2019-03-31": "", "2018-12-31": "", "2018-09-30": "", "2018-06-30": "", "2018-03-31": "", "2017-12-31": "", "2017-09-30": "", "2017-06-30": "", "2017-03-31": "", "2016-12-31": "", "2016-09-30": "", "2016-06-30": "", "2016-03-31": "", "2015-12-31": "", "2015-09-30": "", "2015-06-30": "", "2015-03-31": "", "2014-12-31": "", "2014-09-30": "", "2014-06-30": "", "2014-03-31": "", "2013-12-31": "", "2013-09-30": "", "2013-06-30": "", "2013-03-31": "", "2012-12-31": ""}, "Receiveable Turnover": {"2020-09-30": "1.73280", "2020-06-30": "1.72470", "2020-03-31": "2.35060", "2019-12-31": "1.79860", "2019-09-30": "2.07490", "2019-06-30": "1.83910", "2019-03-31": "2.00610", "2018-12-31": "2.01980", "2018-09-30": "1.86690", "2018-06-30": "2.04390", "2018-03-31": "2.46110", "2017-12-31": "2.13530", "2017-09-30": "2.18140", "2017-06-30": "2.47140", "2017-03-31": "2.40090", "2016-12-31": "2.39580", "2016-09-30": "2.14420", "2016-06-30": "2.58840", "2016-03-31": "2.84130", "2015-12-31": "2.39400", "2015-09-30": "2.30760", "2015-06-30": "3.30320", "2015-03-31": "3.51920", "2014-12-31": "3.34470", "2014-09-30": "2.63730", "2014-06-30": "3.05600", "2014-03-31": "2.78430", "2013-12-31": "3.10920", "2013-09-30": "", "2013-06-30": "", "2013-03-31": "", "2012-12-31": ""}, "Days Sales In Receivables": {"2020-09-30": "51.93990", "2020-06-30": "52.18240", "2020-03-31": "38.28790", "2019-12-31": "50.03970", "2019-09-30": "43.37580", "2019-06-30": "48.93820", "2019-03-31": "44.86260", "2018-12-31": "44.55980", "2018-09-30": "48.20930", "2018-06-30": "44.03460", "2018-03-31": "36.56970", "2017-12-31": "42.14900", "2017-09-30": "41.25820", "2017-06-30": "36.41660", "2017-03-31": "37.48560", "2016-12-31": "37.56510", "2016-09-30": "41.97440", "2016-06-30": "34.77010", "2016-03-31": "31.67530", "2015-12-31": "37.59410", "2015-09-30": "39.00200", "2015-06-30": "27.24620", "2015-03-31": "25.57390", "2014-12-31": "26.90820", "2014-09-30": "34.12620", "2014-06-30": "29.44990", "2014-03-31": "32.32430", "2013-12-31": "28.94670", "2013-09-30": "", "2013-06-30": "", "2013-03-31": "", "2012-12-31": ""}, "ROE - Return On Equity": {"2020-09-30": "-9.46320", "2020-06-30": "-15.75790", "2020-03-31": "-9.50850", "2019-12-31": "-7.89720", "2019-09-30": "-7.82820", "2019-06-30": "-12.77380", "2019-03-31": "-10.67440", "2018-12-31": "-7.97490", "2018-09-30": "-8.43530", "2018-06-30": "-8.48820", "2018-03-31": "-7.31930", "2017-12-31": "-7.05230", "2017-09-30": "-8.43160", "2017-06-30": "-8.52910", "2017-03-31": "-8.21260", "2016-12-31": "-6.13470", "2016-09-30": "-8.65090", "2016-06-30": "-8.96910", "2016-03-31": "-9.37410", "2015-12-31": "-8.34600", "2015-09-30": "-6.46680", "2015-06-30": "-7.23710", "2015-03-31": "-6.42640", "2014-12-31": "-15.38530", "2014-09-30": "-15.63310", "2014-06-30": "-17.85980", "2014-03-31": "23.89650", "2013-12-31": "13.19470", "2013-09-30": "", "2013-06-30": "", "2013-03-31": "", "2012-12-31": ""}, "Return On Tangible Equity": {"2020-09-30": "-17.65770", "2020-06-30": "-31.00930", "2020-03-31": "-17.40210", "2019-12-31": "-14.40380", "2019-09-30": "-15.03210", "2019-06-30": "-25.42220", "2019-03-31": "-16.26920", "2018-12-31": "-12.28740", "2018-09-30": "-13.34320", "2018-06-30": "-10.13090", "2018-03-31": "-8.77110", "2017-12-31": "-8.69860", "2017-09-30": "-10.82890", "2017-06-30": "-10.98090", "2017-03-31": "-9.92530", "2016-12-31": "-7.46310", "2016-09-30": "-10.59810", "2016-06-30": "-11.08840", "2016-03-31": "-11.65610", "2015-12-31": "-10.36150", "2015-09-30": "-6.74070", "2015-06-30": "-7.56940", "2015-03-31": "-6.72530", "2014-12-31": "-17.57240", "2014-09-30": "-18.01560", "2014-06-30": "-20.55450", "2014-03-31": "-82.98820", "2013-12-31": "-24.33350", "2013-09-30": "", "2013-06-30": "", "2013-03-31": "", "2012-12-31": ""}, "ROA - Return On Assets": {"2020-09-30": "-1.98140", "2020-06-30": "-3.23920", "2020-03-31": "-2.87370", "2019-12-31": "-2.38800", "2019-09-30": "-2.34500", "2019-06-30": "-3.79020", "2019-03-31": "-3.25790", "2018-12-31": "-2.68600", "2018-09-30": "-2.83570", "2018-06-30": "-2.96490", "2018-03-31": "-2.63590", "2017-12-31": "-4.22380", "2017-09-30": "-4.87690", "2017-06-30": "-5.15400", "2017-03-31": "-5.10790", "2016-12-31": "-3.86480", "2016-09-30": "-5.65830", "2016-06-30": "-5.96760", "2016-03-31": "-6.38290", "2015-12-31": "-5.79110", "2015-09-30": "-4.68120", "2015-06-30": "-5.46030", "2015-03-31": "-4.87560", "2014-12-31": "-8.50100", "2014-09-30": "-8.78460", "2014-06-30": "-10.69440", "2014-03-31": "-8.75630", "2013-12-31": "-6.58430", "2013-09-30": "", "2013-06-30": "", "2013-03-31": "", "2012-12-31": ""}, "ROI - Return On Investment": {"2020-09-30": "-3.00360", "2020-06-30": "-4.44780", "2020-03-31": "-4.55160", "2019-12-31": "-3.84170", "2019-09-30": "-3.74360", "2019-06-30": "-12.77380", "2019-03-31": "-5.06280", "2018-12-31": "-3.79950", "2018-09-30": "-3.98480", "2018-06-30": "-4.03870", "2018-03-31": "-3.48860", "2017-12-31": "-7.05230", "2017-09-30": "-8.43160", "2017-06-30": "-8.52910", "2017-03-31": "-8.21260", "2016-12-31": "-6.13470", "2016-09-30": "-8.65090", "2016-06-30": "-8.96910", "2016-03-31": "-9.37410", "2015-12-31": "-8.34600", "2015-09-30": "-6.46680", "2015-06-30": "-7.23710", "2015-03-31": "-6.35950", "2014-12-31": "-14.87370", "2014-09-30": "-15.02010", "2014-06-30": "-17.15320", "2014-03-31": "-18.85980", "2013-12-31": "-12.59280", "2013-09-30": "", "2013-06-30": "", "2013-03-31": "", "2012-12-31": ""}, "Book Value Per Share": {"2020-09-30": "3.69520", "2020-06-30": "3.56170", "2020-03-31": "3.94690", "2019-12-31": "4.04940", "2019-09-30": "3.90700", "2019-06-30": "3.85710", "2019-03-31": "3.83300", "2018-12-31": "3.86040", "2018-09-30": "3.79720", "2018-06-30": "3.83030", "2018-03-31": "3.84140", "2017-12-31": "3.43530", "2017-09-30": "3.02840", "2017-06-30": "3.07350", "2017-03-31": "3.09420", "2016-12-31": "3.09650", "2016-09-30": "3.14580", "2016-06-30": "3.13400", "2016-03-31": "3.16780", "2015-12-31": "3.24800", "2015-09-30": "3.30660", "2015-06-30": "3.38080", "2015-03-31": "3.47230", "2014-12-31": "1.50600", "2014-09-30": "1.57450", "2014-06-30": "1.68390", "2014-03-31": "1.14940", "2013-12-31": "1.08160", "2013-09-30": "", "2013-06-30": "", "2013-03-31": "", "2012-12-31": ""}, "Operating Cash Flow Per Share": {"2020-09-30": 0.2932, "2020-06-30": -0.4423, "2020-03-31": "-0.02300", "2019-12-31": 0.2942, "2019-09-30": 0.178, "2019-06-30": 0.1602, "2019-03-31": "0.17460", "2018-12-31": 0.2201, "2018-09-30": 0.1442, "2018-06-30": 0.2238, "2018-03-31": "0.15660", "2017-12-31": 0.175, "2017-09-30": 0.071, "2017-06-30": 0.1019, "2017-03-31": "0.07470", "2016-12-31": 0.2211, "2016-09-30": -0.007, "2016-06-30": -0.0012, "2016-03-31": "0.05070", "2015-12-31": 0.1192, "2015-09-30": -0.0012, "2015-06-30": 0.0129, "2015-03-31": "-0.06810", "2014-12-31": 0.0393, "2014-09-30": 0.1109, "2014-06-30": -0.0411, "2014-03-31": "-0.07010", "2013-12-31": 0.138, "2013-09-30": 0.0494, "2013-06-30": 0.0054, "2013-03-31": "-0.01290", "2012-12-31": 0}, "Free Cash Flow Per Share": {"2020-09-30": 0.2606, "2020-06-30": -0.4905, "2020-03-31": "-0.11050", "2019-12-31": 0.1707, "2019-09-30": 0.0763, "2019-06-30": 0.1167, "2019-03-31": "0.08940", "2018-12-31": 0.1411, "2018-09-30": 0.0795, "2018-06-30": 0.0985, "2018-03-31": "0.09100", "2017-12-31": 0.1434, "2017-09-30": 0.0317, "2017-06-30": 0.0578, "2017-03-31": "0.02560", "2016-12-31": 0.1323, "2016-09-30": -0.0485, "2016-06-30": -0.0566, "2016-03-31": "0.01480", "2015-12-31": 0.0106, "2015-09-30": -0.0775, "2015-06-30": -0.029, "2015-03-31": "-0.11200", "2014-12-31": -0.0986, "2014-09-30": 0.1306, "2014-06-30": -0.17, "2014-03-31": "-0.22740", "2013-12-31": 0.0747, "2013-09-30": -0.0226, "2013-06-30": -0.0396, "2013-03-31": "-0.15240", "2012-12-31": 0}}, "revenue": {"Zendesk Annual Revenue (Millions of US $)": {"2019": "$816", "2018": "$599", "2017": "$430", "2016": "$313", "2015": "$209", "2014": "$127", "2013": "$72", "2012": "$38"}, "Zendesk Quarterly Revenue (Millions of US $)": {"2020-09-30": "$262", "2020-06-30": "$247", "2020-03-31": "$237", "2019-12-31": "$230", "2019-09-30": "$210", "2019-06-30": "$195", "2019-03-31": "$181", "2018-12-31": "$172", "2018-09-30": "$155", "2018-06-30": "$142", "2018-03-31": "$130", "2017-12-31": "$122", "2017-09-30": "$112", "2017-06-30": "$102", "2017-03-31": "$94", "2016-12-31": "$89", "2016-09-30": "$81", "2016-06-30": "$74", "2016-03-31": "$68", "2015-12-31": "$63", "2015-09-30": "$56", "2015-06-30": "$48", "2015-03-31": "$42", "2014-12-31": "$39", "2014-09-30": "$34", "2014-06-30": "$30", "2014-03-31": "$25", "2013-12-31": "$23", "2013-09-30": "$19", "2013-06-30": "$16", "2013-03-31": "$14", "2012-12-31": ""}}, "gross-profit": {"Zendesk Annual Gross Profit (Millions of US $)": {"2019": "$582", "2018": "$417", "2017": "$303", "2016": "$219", "2015": "$142", "2014": "$81", "2013": "$48", "2012": "$25"}, "Zendesk Quarterly Gross Profit (Millions of US $)": {"2020-09-30": "$199", "2020-06-30": "$185", "2020-03-31": "$178", "2019-12-31": "$168", "2019-09-30": "$151", "2019-06-30": "$137", "2019-03-31": "$126", "2018-12-31": "$121", "2018-09-30": "$108", "2018-06-30": "$98", "2018-03-31": "$91", "2017-12-31": "$87", "2017-09-30": "$79", "2017-06-30": "$71", "2017-03-31": "$66", "2016-12-31": "$64", "2016-09-30": "$57", "2016-06-30": "$51", "2016-03-31": "$47", "2015-12-31": "$43", "2015-09-30": "$39", "2015-06-30": "$32", "2015-03-31": "$28", "2014-12-31": "$25", "2014-09-30": "$22", "2014-06-30": "$18", "2014-03-31": "$16", "2013-12-31": "$15", "2013-09-30": "$13", "2013-06-30": "$11", "2013-03-31": "$9", "2012-12-31": ""}}, "operating-income": {"Zendesk Annual Operating Income (Millions of US $)": {"2019": "$-163", "2018": "$-138", "2017": "$-106", "2016": "$-98", "2015": "$-83", "2014": "$-66", "2013": "$-22", "2012": "$-24"}, "Zendesk Quarterly Operating Income (Millions of US $)": {"2020-09-30": "$-28", "2020-06-30": "$-31", "2020-03-31": "$-41", "2019-12-31": "$-32", "2019-09-30": "$-35", "2019-06-30": "$-51", "2019-03-31": "$-44", "2018-12-31": "$-37", "2018-09-30": "$-34", "2018-06-30": "$-34", "2018-03-31": "$-34", "2017-12-31": "$-27", "2017-09-30": "$-27", "2017-06-30": "$-27", "2017-03-31": "$-25", "2016-12-31": "$-19", "2016-09-30": "$-26", "2016-06-30": "$-26", "2016-03-31": "$-27", "2015-12-31": "$-24", "2015-09-30": "$-19", "2015-06-30": "$-21", "2015-03-31": "$-19", "2014-12-31": "$-17", "2014-09-30": "$-18", "2014-06-30": "$-21", "2014-03-31": "$-10", "2013-12-31": "$-6", "2013-09-30": "$-5", "2013-06-30": "$-6", "2013-03-31": "$-5", "2012-12-31": ""}}, "ebitda": {"Zendesk Annual EBITDA (Millions of US $)": {"2019": "$-67", "2018": "$-61", "2017": "$-60", "2016": "$-60", "2015": "$-63", "2014": "$-55", "2013": "$-17", "2012": "$-22"}, "Zendesk Quarterly EBITDA (Millions of US $)": {"2020-09-30": "$6", "2020-06-30": "$-2", "2020-03-31": "$-14", "2019-12-31": "$-6", "2019-09-30": "$-11", "2019-06-30": "$-28", "2019-03-31": "$-22", "2018-12-31": "$-15", "2018-09-30": "$-14", "2018-06-30": "$-14", "2018-03-31": "$-19", "2017-12-31": "$-15", "2017-09-30": "$-15", "2017-06-30": "$-16", "2017-03-31": "$-14", "2016-12-31": "$-1", "2016-09-30": "$-19", "2016-06-30": "$-20", "2016-03-31": "$-20", "2015-12-31": "$-18", "2015-09-30": "$-14", "2015-06-30": "$-16", "2015-03-31": "$-15", "2014-12-31": "$-13", "2014-09-30": "$-15", "2014-06-30": "$-19", "2014-03-31": "$-8", "2013-12-31": "$-4", "2013-09-30": "$-3", "2013-06-30": "$-5", "2013-03-31": "$-4", "2012-12-31": ""}}, "net-income": {"Zendesk Annual Net Income (Millions of US $)": {"2019": "$-170", "2018": "$-131", "2017": "$-102", "2016": "$-98", "2015": "$-84", "2014": "$-67", "2013": "$-23", "2012": "$-33"}, "Zendesk Quarterly Net Income (Millions of US $)": {"2020-09-30": "$-41", "2020-06-30": "$-65", "2020-03-31": "$-43", "2019-12-31": "$-36", "2019-09-30": "$-34", "2019-06-30": "$-55", "2019-03-31": "$-45", "2018-12-31": "$-33", "2018-09-30": "$-34", "2018-06-30": "$-34", "2018-03-31": "$-29", "2017-12-31": "$-25", "2017-09-30": "$-26", "2017-06-30": "$-26", "2017-03-31": "$-25", "2016-12-31": "$-18", "2016-09-30": "$-26", "2016-06-30": "$-26", "2016-03-31": "$-27", "2015-12-31": "$-24", "2015-09-30": "$-19", "2015-06-30": "$-21", "2015-03-31": "$-19", "2014-12-31": "$-17", "2014-09-30": "$-18", "2014-06-30": "$-22", "2014-03-31": "$-10", "2013-12-31": "$-6", "2013-09-30": "$-5", "2013-06-30": "$-6", "2013-03-31": "$-5", "2012-12-31": ""}}, "eps-earnings-per-share-diluted": {"Zendesk Annual EPS": {"2019": "$-1.53", "2018": "$-1.24", "2017": "$-1.02", "2016": "$-1.05", "2015": "$-0.99", "2014": "$-1.26", "2013": "$-1.04", "2012": "$-1.67"}, "Zendesk Quarterly EPS": {"2020-09-30": "$-0.35", "2020-06-30": "$-0.56", "2020-03-31": "$-0.38", "2019-12-31": "$-0.31", "2019-09-30": "$-0.31", "2019-06-30": "$-0.50", "2019-03-31": "$-0.41", "2018-12-31": "$-0.31", "2018-09-30": "$-0.32", "2018-06-30": "$-0.33", "2018-03-31": "$-0.28", "2017-12-31": "$-0.24", "2017-09-30": "$-0.26", "2017-06-30": "$-0.26", "2017-03-31": "$-0.26", "2016-12-31": "$-0.20", "2016-09-30": "$-0.27", "2016-06-30": "$-0.28", "2016-03-31": "$-0.30", "2015-12-31": "$-0.27", "2015-09-30": "$-0.22", "2015-06-30": "$-0.25", "2015-03-31": "$-0.25", "2014-12-31": "$-0.08", "2014-09-30": "$-0.25", "2014-06-30": "$-0.48", "2014-03-31": "$-0.45", "2013-12-31": "$-0.28", "2013-09-30": "$-0.22", "2013-06-30": "$-0.30", "2013-03-31": "$-0.26", "2012-12-31": "$0.00"}}, "shares-outstanding": {"Zendesk Annual Shares Outstanding (Millions of Shares)": {"2019": "111", "2018": "106", "2017": "100", "2016": "93", "2015": "85", "2014": "54", "2013": "22", "2012": "20"}, "Zendesk Quarterly Shares Outstanding (Millions of Shares)": {"2020-09-30": "116", "2020-06-30": "115", "2020-03-31": "114", "2019-12-31": "111", "2019-09-30": "111", "2019-06-30": "110", "2019-03-31": "109", "2018-12-31": "106", "2018-09-30": "106", "2018-06-30": "105", "2018-03-31": "104", "2017-12-31": "100", "2017-09-30": "101", "2017-06-30": "100", "2017-03-31": "97", "2016-12-31": "93", "2016-09-30": "94", "2016-06-30": "92", "2016-03-31": "91", "2015-12-31": "85", "2015-09-30": "88", "2015-06-30": "86", "2015-03-31": "76", "2014-12-31": "54", "2014-09-30": "72", "2014-06-30": "46", "2014-03-31": "23", "2013-12-31": "22", "2013-09-30": "22", "2013-06-30": "22", "2013-03-31": "21", "2012-12-31": ""}}, "total-assets": {"Zendesk Annual Total Assets (Millions of US $)": {"2019": "$1,515", "2018": "$1,238", "2017": "$591", "2016": "$475", "2015": "$423", "2014": "$206", "2013": "$93", "2012": "$64"}, "Zendesk Quarterly Total Assets (Millions of US $)": {"2020-09-30": "$2,054", "2020-06-30": "$1,996", "2020-03-31": "$1,489", "2019-12-31": "$1,515", "2019-09-30": "$1,459", "2019-06-30": "$1,439", "2019-03-31": "$1,373", "2018-12-31": "$1,238", "2018-09-30": "$1,204", "2018-06-30": "$1,159", "2018-03-31": "$1,113", "2017-12-31": "$591", "2017-09-30": "$529", "2017-06-30": "$510", "2017-03-31": "$491", "2016-12-31": "$475", "2016-09-30": "$456", "2016-06-30": "$440", "2016-03-31": "$426", "2015-12-31": "$423", "2015-09-30": "$404", "2015-06-30": "$393", "2015-03-31": "$393", "2014-12-31": "$206", "2014-09-30": "$204", "2014-06-30": "$203", "2014-03-31": "$117", "2013-12-31": "$93", "2013-09-30": "$0", "2013-06-30": "$0", "2013-03-31": "$0", "2012-12-31": "$64"}}, "cash-on-hand": {"Zendesk Annual Cash on Hand (Millions of US $)": {"2019": "$484", "2018": "$427", "2017": "$247", "2016": "$225", "2015": "$246", "2014": "$122", "2013": "$64", "2012": "$49"}, "Zendesk Quarterly Cash on Hand (Millions of US $)": {"2020-09-30": "$943", "2020-06-30": "$997", "2020-03-31": "$468", "2019-12-31": "$484", "2019-09-30": "$435", "2019-06-30": "$427", "2019-03-31": "$444", "2018-12-31": "$427", "2018-09-30": "$451", "2018-06-30": "$684", "2018-03-31": "$738", "2017-12-31": "$247", "2017-09-30": "$227", "2017-06-30": "$240", "2017-03-31": "$248", "2016-12-31": "$225", "2016-09-30": "$211", "2016-06-30": "$224", "2016-03-31": "$254", "2015-12-31": "$246", "2015-09-30": "$281", "2015-06-30": "$286", "2015-03-31": "$309", "2014-12-31": "$122", "2014-09-30": "$110", "2014-06-30": "$129", "2014-03-31": "$61", "2013-12-31": "$64", "2013-09-30": "", "2013-06-30": "", "2013-03-31": "", "2012-12-31": "$49"}}, "long-term-debt": {"Zendesk Annual Long Term Debt (Millions of US $)": {"2019": "$483", "2018": "$458", "2017": "$", "2016": "$", "2015": "$", "2014": "$4", "2013": "$23", "2012": "$0"}, "Zendesk Quarterly Long Term Debt (Millions of US $)": {"2020-09-30": "$925", "2020-06-30": "$1,043", "2020-03-31": "$490", "2019-12-31": "$483", "2019-09-30": "$477", "2019-06-30": "", "2019-03-31": "$464", "2018-12-31": "$458", "2018-09-30": "$452", "2018-06-30": "$446", "2018-03-31": "$440", "2017-12-31": "", "2017-09-30": "", "2017-06-30": "", "2017-03-31": "", "2016-12-31": "", "2016-09-30": "", "2016-06-30": "", "2016-03-31": "", "2015-12-31": "", "2015-09-30": "", "2015-06-30": "", "2015-03-31": "$3", "2014-12-31": "$4", "2014-09-30": "$5", "2014-06-30": "$5", "2014-03-31": "$26", "2013-12-31": "$23", "2013-09-30": "", "2013-06-30": "", "2013-03-31": "", "2012-12-31": "$0"}}, "total-liabilities": {"Zendesk Annual Total Liabilities (Millions of US $)": {"2019": "$1,057", "2018": "$821", "2017": "$237", "2016": "$176", "2015": "$129", "2014": "$92", "2013": "$68", "2012": "$23"}, "Zendesk Quarterly Total Liabilities (Millions of US $)": {"2020-09-30": "$1,624", "2020-06-30": "$1,586", "2020-03-31": "$1,039", "2019-12-31": "$1,057", "2019-09-30": "$1,022", "2019-06-30": "$1,012", "2019-03-31": "$954", "2018-12-31": "$821", "2018-09-30": "$799", "2018-06-30": "$754", "2018-03-31": "$712", "2017-12-31": "$237", "2017-09-30": "$223", "2017-06-30": "$202", "2017-03-31": "$186", "2016-12-31": "$176", "2016-09-30": "$158", "2016-06-30": "$147", "2016-03-31": "$136", "2015-12-31": "$129", "2015-09-30": "$112", "2015-06-30": "$97", "2015-03-31": "$95", "2014-12-31": "$92", "2014-09-30": "$89", "2014-06-30": "$82", "2014-03-31": "$89", "2013-12-31": "$68", "2013-09-30": "$0", "2013-06-30": "$0", "2013-03-31": "$0", "2012-12-31": "$23"}}, "total-share-holder-equity": {"Zendesk Annual Share Holder Equity (Millions of US $)": {"2019": "$458", "2018": "$417", "2017": "$354", "2016": "$299", "2015": "$293", "2014": "$114", "2013": "$25", "2012": "$41"}, "Zendesk Quarterly Share Holder Equity (Millions of US $)": {"2020-09-30": "$430", "2020-06-30": "$410", "2020-03-31": "$450", "2019-12-31": "$458", "2019-09-30": "$437", "2019-06-30": "$427", "2019-03-31": "$419", "2018-12-31": "$417", "2018-09-30": "$405", "2018-06-30": "$405", "2018-03-31": "$401", "2017-12-31": "$354", "2017-09-30": "$306", "2017-06-30": "$308", "2017-03-31": "$305", "2016-12-31": "$299", "2016-09-30": "$299", "2016-06-30": "$293", "2016-03-31": "$290", "2015-12-31": "$293", "2015-09-30": "$293", "2015-06-30": "$297", "2015-03-31": "$298", "2014-12-31": "$114", "2014-09-30": "$115", "2014-06-30": "$122", "2014-03-31": "$28", "2013-12-31": "$25", "2013-09-30": "$0", "2013-06-30": "$0", "2013-03-31": "$0", "2012-12-31": "$41"}}, "profit-margins": {"current": "-21.19%"}, "gross margin": {"2020-09-30": "74.80%", "2020-06-30": "73.81%", "2020-03-31": "72.71%", "2019-12-31": "71.32%", "2019-09-30": "70.58%", "2019-06-30": "69.99%", "2019-03-31": "69.69%", "2018-12-31": "69.78%", "2018-09-30": "69.95%", "2018-06-30": "70.16%", "2018-03-31": "70.39%", "2017-12-31": "70.47%", "2017-09-30": "70.53%", "2017-06-30": "70.49%", "2017-03-31": "70.41%", "2016-12-31": "70.19%", "2016-09-30": "69.23%", "2016-06-30": "68.97%", "2016-03-31": "68.51%", "2015-12-31": "67.94%", "2015-09-30": "67.03%", "2015-06-30": "65.64%", "2015-03-31": "64.14%", "2014-12-31": "63.28%", "2014-09-30": "63.39%", "2014-06-30": "63.92%", "2014-03-31": "66.27%", "2013-12-31": "66.67%"}, "operating margin": {"2020-09-30": "-13.52%", "2020-06-30": "-15.04%", "2020-03-31": "-18.23%", "2019-12-31": "-19.85%", "2019-09-30": "-22.03%", "2019-06-30": "-23.61%", "2019-03-31": "-22.92%", "2018-12-31": "-23.21%", "2018-09-30": "-23.50%", "2018-06-30": "-24.11%", "2018-03-31": "-24.68%", "2017-12-31": "-24.65%", "2017-09-30": "-24.69%", "2017-06-30": "-26.50%", "2017-03-31": "-28.40%", "2016-12-31": "-31.41%", "2016-09-30": "-36.01%", "2016-06-30": "-36.78%", "2016-03-31": "-38.72%", "2015-12-31": "-39.71%", "2015-09-30": "-41.08%", "2015-06-30": "-46.01%", "2015-03-31": "-51.72%", "2014-12-31": "-51.56%", "2014-09-30": "-49.11%", "2014-06-30": "-43.30%", "2014-03-31": "-32.53%", "2013-12-31": "-30.56%"}, "ebitda margin": {"2020-09-30": "-1.64%", "2020-06-30": "-3.57%", "2020-03-31": "-6.77%", "2019-12-31": "-8.21%", "2019-09-30": "-10.03%", "2019-06-30": "-11.24%", "2019-03-31": "-10.00%", "2018-12-31": "-10.35%", "2018-09-30": "-11.29%", "2018-06-30": "-12.45%", "2018-03-31": "-13.95%", "2017-12-31": "-13.95%", "2017-09-30": "-11.59%", "2017-06-30": "-13.66%", "2017-03-31": "-15.98%", "2016-12-31": "-19.23%", "2016-09-30": "-26.92%", "2016-06-30": "-27.59%", "2016-03-31": "-28.94%", "2015-12-31": "-30.14%", "2015-09-30": "-31.35%", "2015-06-30": "-36.20%", "2015-03-31": "-42.76%", "2014-12-31": "-42.97%", "2014-09-30": "-41.07%", "2014-06-30": "-35.05%", "2014-03-31": "-24.10%", "2013-12-31": "-22.22%"}, "pre tax profit margin": {"2020-09-30": "-18.24%", "2020-06-30": "-18.83%", "2020-03-31": "-18.92%", "2019-12-31": "-20.59%", "2019-09-30": "-22.56%", "2019-06-30": "-24.47%", "2019-03-31": "-23.69%", "2018-12-31": "-23.87%", "2018-09-30": "-23.86%", "2018-06-30": "-23.91%", "2018-03-31": "-24.03%", "2017-12-31": "-24.19%", "2017-09-30": "-24.18%", "2017-06-30": "-26.23%", "2017-03-31": "-28.11%", "2016-12-31": "-31.09%", "2016-09-30": "-36.36%", "2016-06-30": "-37.16%", "2016-03-31": "-39.15%", "2015-12-31": "-40.19%", "2015-09-30": "-41.08%", "2015-06-30": "-46.01%", "2015-03-31": "-52.41%", "2014-12-31": "-52.34%", "2014-09-30": "-50.00%", "2014-06-30": "-44.33%", "2014-03-31": "-32.53%", "2013-12-31": "-30.56%"}, "net profit margin": {"2020-09-30": "-18.95%", "2020-06-30": "-19.26%", "2020-03-31": "-19.27%", "2019-12-31": "-20.83%", "2019-09-30": "-22.03%", "2019-06-30": "-23.76%", "2019-03-31": "-22.46%", "2018-12-31": "-21.70%", "2018-09-30": "-22.22%", "2018-06-30": "-22.53%", "2018-03-31": "-22.75%", "2017-12-31": "-23.72%", "2017-09-30": "-23.93%", "2017-06-30": "-25.96%", "2017-03-31": "-28.11%", "2016-12-31": "-31.09%", "2016-09-30": "-36.01%", "2016-06-30": "-36.78%", "2016-03-31": "-38.72%", "2015-12-31": "-39.71%", "2015-09-30": "-41.08%", "2015-06-30": "-46.01%", "2015-03-31": "-52.41%", "2014-12-31": "-52.34%", "2014-09-30": "-50.00%", "2014-06-30": "-44.33%", "2014-03-31": "-32.53%", "2013-12-31": "-30.56%"}, "pe ratio": {"current": "0.00", "2021-02-05": "0.00", "2020-09-30": "0.00", "2020-06-30": "0.00", "2020-03-31": "0.00", "2019-12-31": "0.00", "2019-09-30": "0.00", "2019-06-30": "0.00", "2019-03-31": "0.00", "2018-12-31": "0.00", "2018-09-30": "0.00", "2018-06-30": "0.00", "2018-03-31": "0.00", "2017-12-31": "0.00", "2017-09-30": "0.00", "2017-06-30": "0.00", "2017-03-31": "0.00", "2016-12-31": "0.00", "2016-09-30": "0.00", "2016-06-30": "0.00", "2016-03-31": "0.00", "2015-12-31": "0.00", "2015-09-30": "0.00", "2015-06-30": "0.00", "2015-03-31": "0.00"}, "price sales": {"2021-02-05": "18.41", "2020-09-30": "11.99", "2020-06-30": "10.78", "2020-03-31": "8.17", "2019-12-31": "10.34", "2019-09-30": "10.47", "2019-06-30": "13.63", "2019-03-31": "13.91", "2018-12-31": "10.25", "2018-09-30": "13.44", "2018-06-30": "11.03", "2018-03-31": "10.38", "2017-12-31": "7.82", "2017-09-30": "7.16", "2017-06-30": "7.30", "2017-03-31": "7.82", "2016-12-31": "6.27", "2016-09-30": "9.73", "2016-06-30": "8.99", "2016-03-31": "7.79", "2015-12-31": "10.65", "2015-09-30": "8.00", "2015-06-30": "9.64", "2015-03-31": "9.49"}, "price book": {"current": "42.86", "2021-02-05": "42.76", "2020-09-30": "27.85", "2020-06-30": "24.86", "2020-03-31": "16.22", "2019-12-31": "18.92", "2019-09-30": "18.65", "2019-06-30": "23.08", "2019-03-31": "22.18", "2018-12-31": "15.12", "2018-09-30": "18.70", "2018-06-30": "14.23", "2018-03-31": "12.46", "2017-12-31": "9.85", "2017-09-30": "9.61", "2017-06-30": "9.04", "2017-03-31": "9.06", "2016-12-31": "6.85", "2016-09-30": "9.76", "2016-06-30": "8.42", "2016-03-31": "6.61", "2015-12-31": "8.14", "2015-09-30": "5.96", "2015-06-30": "6.57", "2015-03-31": "6.53", "2014-12-31": "16.18", "2014-09-30": "13.71", "2014-06-30": "10.32"}, "price fcf": {"2021-02-05": "", "2020-09-30": "$-0.17", "2020-06-30": "$-0.35", "2020-03-31": "$0.25", "2019-12-31": "$0.45", "2019-09-30": "$0.42", "2019-06-30": "$0.43", "2019-03-31": "$0.41", "2018-12-31": "$0.41", "2018-09-30": "$0.41", "2018-06-30": "$0.36", "2018-03-31": "$0.32", "2017-12-31": "$0.26", "2017-09-30": "$0.25", "2017-06-30": "$0.17", "2017-03-31": "$0.05", "2016-12-31": "$0.04", "2016-09-30": "$-0.08", "2016-06-30": "$-0.11", "2016-03-31": "$-0.08", "2015-12-31": "$-0.21", "2015-09-30": "$-0.32", "2015-06-30": "$-0.11", "2015-03-31": "$-0.48"}, "net worth": {"value": "$18.43B"}, "current ratio": {"current": "1.95", "2020-09-30": "1.95", "2020-06-30": "2.73", "2020-03-31": "1.44", "2019-12-31": "1.45", "2019-09-30": "1.37", "2019-06-30": "0.67", "2019-03-31": "1.54", "2018-12-31": "1.67", "2018-09-30": "1.79", "2018-06-30": "2.74", "2018-03-31": "3.20", "2017-12-31": "1.50", "2017-09-30": "1.42", "2017-06-30": "1.58", "2017-03-31": "1.73", "2016-12-31": "1.67", "2016-09-30": "1.83", "2016-06-30": "2.02", "2016-03-31": "2.34", "2015-12-31": "2.41", "2015-09-30": "3.12", "2015-06-30": "3.61", "2015-03-31": "3.99", "2014-12-31": "1.78", "2014-09-30": "1.74", "2014-06-30": "2.14", "2014-03-31": "1.30", "2013-12-31": "1.75", "2013-09-30": "0.00", "2013-06-30": "0.00", "2013-03-31": "0.00", "2012-12-31": "2.59"}, "quick ratio": {"2020-09-30": "0.00", "2020-06-30": "0.00", "2020-03-31": "0.00", "2019-12-31": "0.00", "2019-09-30": "0.00", "2019-06-30": "0.00", "2019-03-31": "0.00", "2018-12-31": "0.00", "2018-09-30": "0.00", "2018-06-30": "0.00", "2018-03-31": "0.00", "2017-12-31": "0.00", "2017-09-30": "0.00", "2017-06-30": "0.00", "2017-03-31": "0.00", "2016-12-31": "0.00", "2016-09-30": "0.00", "2016-06-30": "0.00", "2016-03-31": "0.00", "2015-12-31": "0.00", "2015-09-30": "0.00", "2015-06-30": "0.00", "2015-03-31": "0.00", "2014-12-31": "0.00", "2014-09-30": "0.00", "2014-06-30": "0.00", "2014-03-31": "0.00", "2013-12-31": "0.00", "2013-09-30": "0.00", "2013-06-30": "0.00", "2013-03-31": "0.00", "2012-12-31": "0.00"}, "debt equity ratio": {"current": "2.15", "2020-09-30": "3.78", "2020-06-30": "3.87", "2020-03-31": "2.31", "2019-12-31": "2.31", "2019-09-30": "2.34", "2019-06-30": "2.37", "2019-03-31": "2.28", "2018-12-31": "1.97", "2018-09-30": "1.98", "2018-06-30": "1.86", "2018-03-31": "1.78", "2017-12-31": "0.67", "2017-09-30": "0.73", "2017-06-30": "0.66", "2017-03-31": "0.61", "2016-12-31": "0.59", "2016-09-30": "0.53", "2016-06-30": "0.50", "2016-03-31": "0.47", "2015-12-31": "0.44", "2015-09-30": "0.38", "2015-06-30": "0.33", "2015-03-31": "0.32", "2014-12-31": "0.81", "2014-09-30": "0.78", "2014-06-30": "0.67", "2014-03-31": "3.12", "2013-12-31": "2.70", "2013-09-30": "0.00", "2013-06-30": "0.00", "2013-03-31": "0.00", "2012-12-31": "0.56"}, "return on equity": {"2020-09-30": "-42.33%", "2020-06-30": "-40.57%", "2020-03-31": "-37.92%", "2019-12-31": "-39.06%", "2019-09-30": "-39.29%", "2019-06-30": "-40.05%", "2019-03-31": "-35.48%", "2018-12-31": "-31.94%", "2018-09-30": "-31.18%", "2018-06-30": "-31.11%", "2018-03-31": "-30.97%", "2017-12-31": "-32.05%", "2017-09-30": "-31.20%", "2017-06-30": "-31.38%", "2017-03-31": "-31.77%", "2016-12-31": "-32.85%", "2016-09-30": "-35.06%", "2016-06-30": "-32.85%", "2016-03-31": "-31.03%", "2015-12-31": "-28.11%", "2015-09-30": "-30.34%", "2015-06-30": "-36.41%", "2015-03-31": "-46.84%", "2014-12-31": "-70.71%", "2014-09-30": "-77.24%", "2014-06-30": "-98.29%", "2014-03-31": "-203.77%", "2013-12-31": "-352.00%"}, "return on assets": {"2020-09-30": "-10.49%", "2020-06-30": "-11.02%", "2020-03-31": "-11.39%", "2019-12-31": "-11.75%", "2019-09-30": "-12.13%", "2019-06-30": "-12.71%", "2019-03-31": "-11.74%", "2018-12-31": "-11.03%", "2018-09-30": "-12.00%", "2018-06-30": "-13.44%", "2018-03-31": "-15.46%", "2017-12-31": "-19.24%", "2017-09-30": "-18.95%", "2017-06-30": "-19.67%", "2017-03-31": "-20.41%", "2016-12-31": "-21.59%", "2016-09-30": "-23.61%", "2016-06-30": "-22.68%", "2016-03-31": "-22.11%", "2015-12-31": "-20.58%", "2015-09-30": "-21.78%", "2015-06-30": "-25.08%", "2015-03-31": "-30.22%", "2014-12-31": "-36.71%", "2014-09-30": "-36.30%", "2014-06-30": "-41.65%", "2014-03-31": "-51.43%", "2013-12-31": "-94.62%"}, "return on investments": {"2020-09-30": "-11.26%", "2020-06-30": "-13.09%", "2020-03-31": "-22.75%", "2019-12-31": "-23.67%", "2019-09-30": "-25.00%", "2019-06-30": "-25.39%", "2019-03-31": "-17.20%", "2018-12-31": "-16.24%", "2018-09-30": "-20.24%", "2018-06-30": "-28.84%", "2018-03-31": "-54.70%", "2017-12-31": "inf%", "2017-09-30": "inf%", "2017-06-30": "inf%", "2017-03-31": "inf%", "2016-12-31": "inf%", "2016-09-30": "inf%", "2016-06-30": "inf%", "2016-03-31": "inf%", "2015-12-31": "-110.30%", "2015-09-30": "-72.55%", "2015-06-30": "-55.76%", "2015-03-31": "-45.11%", "2014-12-31": "-63.16%", "2014-09-30": "-63.22%", "2014-06-30": "-73.36%", "2014-03-31": "-105.88%", "2013-12-31": "-183.33%"}, "return on tangible equity": {"2020-09-30": "-78.98%", "2020-06-30": "-76.23%", "2020-03-31": "-71.49%", "2019-12-31": "-70.18%", "2019-09-30": "-67.54%", "2019-06-30": "-65.68%", "2019-03-31": "-51.18%", "2018-12-31": "-43.33%", "2018-09-30": "-40.13%", "2018-06-30": "-38.06%", "2018-03-31": "-38.62%", "2017-12-31": "-40.12%", "2017-09-30": "-38.93%", "2017-06-30": "-38.70%", "2017-03-31": "-38.78%", "2016-12-31": "-40.42%", "2016-09-30": "-43.37%", "2016-06-30": "-38.91%", "2016-03-31": "-35.20%", "2015-12-31": "-30.57%", "2015-09-30": "-32.00%", "2015-06-30": "-39.06%", "2015-03-31": "-51.53%", "2014-12-31": "-84.54%", "2014-09-30": "-92.56%", "2014-06-30": "-120.28%", "2014-03-31": "-291.89%", "2013-12-31": "-352.00%"}, "dividend yield history": {"last payout": "$0.00", "last yield": "0.00%"}}