{"ticker": "ZBH", "price": {"title": "Zimmer Biomet Holdings Historical Annual Stock Price Data", "value": 159.89, "historical": {"2020": {"Average Stock Price": "133.4781", "Year Open": "149.2000", "Year High": "160.4000", "Year Low": "80.6300", "Year Close": "154.0900", "Annual % Change": "2.95%"}, "2019": {"Average Stock Price": "128.3916", "Year Open": "102.2800", "Year High": "151.2400", "Year Low": "100.4300", "Year Close": "149.6800", "Annual % Change": "44.31%"}, "2018": {"Average Stock Price": "117.4657", "Year Open": "124.0600", "Year High": "131.4700", "Year Low": "97.2300", "Year Close": "103.7200", "Annual % Change": "-14.05%"}, "2017": {"Average Stock Price": "118.5633", "Year Open": "103.3300", "Year High": "132.6100", "Year Low": "103.3300", "Year Close": "120.6700", "Annual % Change": "16.93%"}, "2016": {"Average Stock Price": "113.6426", "Year Open": "101.8100", "Year High": "133.0900", "Year Low": "91.6800", "Year Close": "103.2000", "Annual % Change": "0.59%"}, "2015": {"Average Stock Price": "108.7565", "Year Open": "112.5900", "Year High": "121.7600", "Year Low": "92.4100", "Year Close": "102.5900", "Annual % Change": "-9.55%"}, "2014": {"Average Stock Price": "101.4075", "Year Open": "92.2400", "Year High": "115.0500", "Year Low": "90.8700", "Year Close": "113.4200", "Annual % Change": "21.71%"}, "2013": {"Average Stock Price": "80.3514", "Year Open": "67.7000", "Year High": "93.4300", "Year Low": "67.7000", "Year Close": "93.1900", "Annual % Change": "39.80%"}, "2012": {"Average Stock Price": "62.7499", "Year Open": "53.9400", "Year High": "68.8000", "Year Low": "53.2100", "Year Close": "66.6600", "Annual % Change": "24.78%"}, "2011": {"Average Stock Price": "58.0975", "Year Open": "54.9700", "Year High": "69.6900", "Year Low": "47.4100", "Year Close": "53.4200", "Annual % Change": "-0.48%"}, "2010": {"Average Stock Price": "54.9519", "Year Open": "60.0200", "Year High": "63.7100", "Year Low": "46.9700", "Year Close": "53.6800", "Annual % Change": "-9.19%"}, "2009": {"Average Stock Price": "45.9336", "Year Open": "41.7600", "Year High": "60.3400", "Year Low": "32.1300", "Year Close": "59.1100", "Annual % Change": "46.24%"}, "2008": {"Average Stock Price": "65.1608", "Year Open": "66.2900", "Year High": "79.6300", "Year Low": "34.9300", "Year Close": "40.4200", "Annual % Change": "-38.90%"}, "2007": {"Average Stock Price": "80.8169", "Year Open": "77.1000", "Year High": "91.8700", "Year Low": "63.4800", "Year Close": "66.1500", "Annual % Change": "-15.60%"}, "2006": {"Average Stock Price": "67.3830", "Year Open": "68.4800", "Year High": "78.6600", "Year Low": "53.0500", "Year Close": "78.3800", "Annual % Change": "16.22%"}, "2005": {"Average Stock Price": "76.1592", "Year Open": "79.3800", "Year High": "87.4000", "Year Low": "61.5000", "Year Close": "67.4400", "Annual % Change": "-15.83%"}, "2004": {"Average Stock Price": "78.3527", "Year Open": "70.0000", "Year High": "89.1500", "Year Low": "67.9000", "Year Close": "80.1200", "Annual % Change": "13.81%"}, "2003": {"Average Stock Price": "50.6865", "Year Open": "40.3000", "Year High": "71.1700", "Year Low": "38.1600", "Year Close": "70.4000", "Annual % Change": "69.56%"}, "2002": {"Average Stock Price": "35.8231", "Year Open": "30.2300", "Year High": "42.6000", "Year Low": "29.3700", "Year Close": "41.5200", "Annual % Change": "35.95%"}, "2001": {"Average Stock Price": "29.1810", "Year Open": "29.7600", "Year High": "32.8500", "Year Low": "25.0200", "Year Close": "30.5400", "Annual % Change": "0.00%"}}}, "market cap": {"value": "$33.14B"}, "income statement": {"Revenue": {"2020-12-31": "7024.50000", "2019-12-31": "7982.20000", "2018-12-31": "7932.90000", "2017-12-31": "7803.30000", "2016-12-31": "7668.40000", "2015-12-31": "5997.80000", "2014-12-31": "4673.30000", "2013-12-31": "4623.40000", "2012-12-31": "4471.70000", "2011-12-31": "4451.80000", "2010-12-31": "4220.20000", "2009-12-31": "4095.40000", "2008-12-31": "4121.10000", "2007-12-31": "3897.50000", "2006-12-31": "3495.40000", "2005-12-31": "3286.10000"}, "Cost Of Goods Sold": {"2020-12-31": "2128.30000", "2019-12-31": "2252.60000", "2018-12-31": "2271.90000", "2017-12-31": "2132.90000", "2016-12-31": "2381.80000", "2015-12-31": "1800.60000", "2014-12-31": "1242.80000", "2013-12-31": "1266.70000", "2012-12-31": "1125.20000", "2011-12-31": "1122.00000", "2010-12-31": "1012.20000", "2009-12-31": "990.70000", "2008-12-31": "997.30000", "2007-12-31": "875.90000", "2006-12-31": "780.10000", "2005-12-31": "739.40000"}, "Gross Profit": {"2020-12-31": "4896.20000", "2019-12-31": "5729.60000", "2018-12-31": "5661.00000", "2017-12-31": "5670.40000", "2016-12-31": "5286.60000", "2015-12-31": "4197.20000", "2014-12-31": "3430.50000", "2013-12-31": "3356.70000", "2012-12-31": "3346.50000", "2011-12-31": "3329.80000", "2010-12-31": "3208.00000", "2009-12-31": "3104.70000", "2008-12-31": "3123.80000", "2007-12-31": "3021.60000", "2006-12-31": "2715.30000", "2005-12-31": "2546.70000"}, "Research And Development Expenses": {"2020-12-31": "372.00000", "2019-12-31": "449.30000", "2018-12-31": "391.70000", "2017-12-31": "369.90000", "2016-12-31": "365.60000", "2015-12-31": "268.80000", "2014-12-31": "187.40000", "2013-12-31": "203.00000", "2012-12-31": "225.60000", "2011-12-31": "238.40000", "2010-12-31": "218.50000", "2009-12-31": "205.70000", "2008-12-31": "192.30000", "2007-12-31": "182.60000", "2006-12-31": "188.30000", "2005-12-31": "175.50000"}, "SG&A Expenses": {"2020-12-31": "3177.80000", "2019-12-31": "3343.80000", "2018-12-31": "3379.30000", "2017-12-31": "3104.70000", "2016-12-31": "2944.60000", "2015-12-31": "2284.20000", "2014-12-31": "1750.70000", "2013-12-31": "1749.30000", "2012-12-31": "1807.10000", "2011-12-31": "1834.30000", "2010-12-31": "1759.10000", "2009-12-31": "1729.00000", "2008-12-31": "1704.00000", "2007-12-31": "1516.70000", "2006-12-31": "1355.70000", "2005-12-31": "1259.60000"}, "Other Operating Income Or Expenses": {"2020-12-31": "-50.90000", "2019-12-31": "-82.40000", "2018-12-31": "-146.90000", "2017-12-31": "-181.30000", "2016-12-31": "-53.40000", "2015-12-31": "-839.50000", "2014-12-31": "-362.60000", "2013-12-31": "-257.30000", "2012-12-31": "-170.40000", "2011-12-31": "-233.00000", "2010-12-31": "-109.70000", "2009-12-31": "-78.20000", "2008-12-31": "-137.50000", "2007-12-31": "-169.50000", "2006-12-31": "", "2005-12-31": ""}, "Operating Expenses": {"2020-12-31": "7112.30000", "2019-12-31": "6844.70000", "2018-12-31": "7899.10000", "2017-12-31": "7003.99900", "2016-12-31": "6847.30000", "2015-12-31": "5530.50000", "2014-12-31": "3636.00000", "2013-12-31": "3554.80000", "2012-12-31": "3424.30000", "2011-12-31": "3427.70000", "2010-12-31": "3303.50000", "2009-12-31": "3076.60000", "2008-12-31": "3031.10000", "2007-12-31": "2769.90000", "2006-12-31": "2330.20000", "2005-12-31": "2231.10000"}, "Operating Income": {"2020-12-31": "-87.80030", "2019-12-31": "1137.50000", "2018-12-31": "33.79980", "2017-12-31": "799.30080", "2016-12-31": "821.10010", "2015-12-31": "467.29980", "2014-12-31": "1037.30000", "2013-12-31": "1068.60000", "2012-12-31": "1047.40000", "2011-12-31": "1024.10000", "2010-12-31": "916.70040", "2009-12-31": "1018.80000", "2008-12-31": "1090.00000", "2007-12-31": "1127.60000", "2006-12-31": "1165.20000", "2005-12-31": "1055.00000"}, "Total Non-Operating Income/Expense": {"2020-12-31": "-186.60000", "2019-12-31": "-231.70000", "2018-12-31": "-304.90000", "2017-12-31": "-334.70000", "2016-12-31": "-421.50000", "2015-12-31": "-314.10000", "2014-12-31": "-97.90000", "2013-12-31": "-60.50000", "2012-12-31": "-57.30000", "2011-12-31": "-45.20000", "2010-12-31": "-56.50000", "2009-12-31": "-20.60000", "2008-12-31": "31.80000", "2007-12-31": "4.00000", "2006-12-31": "3.80000", "2005-12-31": "-14.30000"}, "Pre-Tax Income": {"2020-12-31": "-274.40000", "2019-12-31": "905.80000", "2018-12-31": "-271.10000", "2017-12-31": "464.60000", "2016-12-31": "399.60000", "2015-12-31": "153.20000", "2014-12-31": "939.40000", "2013-12-31": "1008.10000", "2012-12-31": "990.10000", "2011-12-31": "978.90000", "2010-12-31": "860.20000", "2009-12-31": "998.20000", "2008-12-31": "1121.80000", "2007-12-31": "1131.60000", "2006-12-31": "1169.00000", "2005-12-31": "1040.70000"}, "Income Taxes": {"2020-12-31": "-137.00000", "2019-12-31": "-225.70000", "2018-12-31": "108.20000", "2017-12-31": "-1348.80000", "2016-12-31": "95.00000", "2015-12-31": "7.00000", "2014-12-31": "220.20000", "2013-12-31": "229.50000", "2012-12-31": "237.20000", "2011-12-31": "218.90000", "2010-12-31": "263.30000", "2009-12-31": "280.80000", "2008-12-31": "272.30000", "2007-12-31": "357.90000", "2006-12-31": "334.00000", "2005-12-31": "307.30000"}, "Income After Taxes": {"2020-12-31": "-137.40000", "2019-12-31": "1131.50000", "2018-12-31": "-379.30000", "2017-12-31": "1813.40000", "2016-12-31": "304.60000", "2015-12-31": "146.20000", "2014-12-31": "719.20000", "2013-12-31": "778.60000", "2012-12-31": "752.90000", "2011-12-31": "760.00000", "2010-12-31": "596.90000", "2009-12-31": "717.40000", "2008-12-31": "849.50010", "2007-12-31": "773.70000", "2006-12-31": "835.00000", "2005-12-31": "733.40000"}, "Other Income": {"2020-12-31": "", "2019-12-31": "", "2018-12-31": "", "2017-12-31": "", "2016-12-31": "", "2015-12-31": "", "2014-12-31": "", "2013-12-31": "", "2012-12-31": "", "2011-12-31": "", "2010-12-31": "", "2009-12-31": "", "2008-12-31": "", "2007-12-31": "", "2006-12-31": "", "2005-12-31": ""}, "Income From Continuous Operations": {"2020-12-31": "-137.40000", "2019-12-31": "1131.50000", "2018-12-31": "-379.30000", "2017-12-31": "1813.40000", "2016-12-31": "304.60000", "2015-12-31": "146.20000", "2014-12-31": "719.20000", "2013-12-31": "778.60000", "2012-12-31": "752.90000", "2011-12-31": "760.00000", "2010-12-31": "596.90000", "2009-12-31": "717.40000", "2008-12-31": "849.50010", "2007-12-31": "773.70000", "2006-12-31": "834.50000", "2005-12-31": "732.49990"}, "Income From Discontinued Operations": {"2020-12-31": "", "2019-12-31": "", "2018-12-31": "", "2017-12-31": "", "2016-12-31": "", "2015-12-31": "", "2014-12-31": "", "2013-12-31": "", "2012-12-31": "", "2011-12-31": "", "2010-12-31": "", "2009-12-31": "", "2008-12-31": "", "2007-12-31": "", "2006-12-31": "", "2005-12-31": ""}, "Net Income": {"2020-12-31": "-138.90000", "2019-12-31": "1131.60000", "2018-12-31": "-379.20000", "2017-12-31": "1813.80000", "2016-12-31": "305.90000", "2015-12-31": "147.00000", "2014-12-31": "720.30000", "2013-12-31": "780.40000", "2012-12-31": "755.00000", "2011-12-31": "760.80000", "2010-12-31": "596.90000", "2009-12-31": "717.40000", "2008-12-31": "848.60000", "2007-12-31": "773.20000", "2006-12-31": "834.50000", "2005-12-31": "732.50000"}, "EBITDA": {"2020-12-31": "1589.90000", "2019-12-31": "2213.70000", "2018-12-31": "2054.00000", "2017-12-31": "2193.50100", "2016-12-31": "1891.50000", "2015-12-31": "1179.70000", "2014-12-31": "1413.10000", "2013-12-31": "1427.10000", "2012-12-31": "1506.50000", "2011-12-31": "1384.00000", "2010-12-31": "1460.90000", "2009-12-31": "1429.20000", "2008-12-31": "1365.10000", "2007-12-31": "1357.60000", "2006-12-31": "1362.60000", "2005-12-31": "1240.70000"}, "EBIT": {"2020-12-31": "-87.80030", "2019-12-31": "1137.50000", "2018-12-31": "33.79980", "2017-12-31": "799.30080", "2016-12-31": "821.10010", "2015-12-31": "467.29980", "2014-12-31": "1037.30000", "2013-12-31": "1068.60000", "2012-12-31": "1047.40000", "2011-12-31": "1024.10000", "2010-12-31": "916.70040", "2009-12-31": "1018.80000", "2008-12-31": "1090.00000", "2007-12-31": "1127.60000", "2006-12-31": "1165.20000", "2005-12-31": "1055.00000"}, "Basic Shares Outstanding": {"2020-12-31": "207.00000", "2019-12-31": "205.10000", "2018-12-31": "203.50000", "2017-12-31": "201.90000", "2016-12-31": "200.00000", "2015-12-31": "187.40000", "2014-12-31": "169.00000", "2013-12-31": "169.60000", "2012-12-31": "174.90000", "2011-12-31": "187.60000", "2010-12-31": "200.00000", "2009-12-31": "215.00000", "2008-12-31": "227.30000", "2007-12-31": "235.50000", "2006-12-31": "243.00000", "2005-12-31": "247.10000"}, "Shares Outstanding": {"2020-12-31": "207.00000", "2019-12-31": "206.70000", "2018-12-31": "203.50000", "2017-12-31": "203.70000", "2016-12-31": "202.40000", "2015-12-31": "189.80000", "2014-12-31": "171.70000", "2013-12-31": "171.80000", "2012-12-31": "176.00000", "2011-12-31": "188.70000", "2010-12-31": "201.10000", "2009-12-31": "215.80000", "2008-12-31": "228.30000", "2007-12-31": "237.50000", "2006-12-31": "245.40000", "2005-12-31": "249.80000"}, "Basic EPS": {"2020-12-31": "-0.67000", "2019-12-31": "5.52000", "2018-12-31": "-1.86000", "2017-12-31": "8.98000", "2016-12-31": "1.53000", "2015-12-31": "0.78000", "2014-12-31": "4.26000", "2013-12-31": "4.60000", "2012-12-31": "4.32000", "2011-12-31": "4.05000", "2010-12-31": "2.98000", "2009-12-31": "3.34000", "2008-12-31": "3.73000", "2007-12-31": "3.28000", "2006-12-31": "3.43000", "2005-12-31": "2.96000"}, "EPS - Earnings Per Share": {"2020-12-31": "-0.67000", "2019-12-31": "5.47000", "2018-12-31": "-1.86000", "2017-12-31": "8.90000", "2016-12-31": "1.51000", "2015-12-31": "0.77000", "2014-12-31": "4.20000", "2013-12-31": "4.54000", "2012-12-31": "4.29000", "2011-12-31": "4.03000", "2010-12-31": "2.97000", "2009-12-31": "3.32000", "2008-12-31": "3.72000", "2007-12-31": "3.26000", "2006-12-31": "3.40000", "2005-12-31": "2.93000"}}, "income statement, quarterly": {"Revenue": {"2020-12-31": "2085.30000", "2020-09-30": "1929.30000", "2020-06-30": "1226.10000", "2020-03-31": "1783.80000", "2019-12-31": "2125.70000", "2019-09-30": "1892.40000", "2019-06-30": "1988.60000", "2019-03-31": "1975.50000", "2018-12-31": "2071.00000", "2018-09-30": "1836.70000", "2018-06-30": "2007.60000", "2018-03-31": "2017.60000", "2017-12-31": "2068.30000", "2017-09-30": "1813.10000", "2017-06-30": "1949.50000", "2017-03-31": "1972.40000", "2016-12-31": "1997.60000", "2016-09-30": "1832.80000", "2016-06-30": "1934.00000", "2016-03-31": "1904.00000", "2015-12-31": "1933.59900", "2015-09-30": "1762.20000", "2015-06-30": "1167.60000", "2015-03-31": "1134.40000", "2014-12-31": "1222.90000", "2014-09-30": "1106.00000", "2014-06-30": "1182.90000", "2014-03-31": "1161.50000", "2013-12-31": "1240.70000", "2013-09-30": "1074.30000", "2013-06-30": "1169.50000", "2013-03-31": "1138.90000", "2012-12-31": "1180.50000", "2012-09-30": "1025.50000", "2012-06-30": "1125.00000", "2012-03-31": "1140.70000", "2011-12-31": "1167.30000", "2011-09-30": "1031.50000", "2011-06-30": "1137.40000", "2011-03-31": "1115.60000", "2010-12-31": "1134.70000", "2010-09-30": "965.00000", "2010-06-30": "1057.70000", "2010-03-31": "1062.80000", "2009-12-31": "1107.30000", "2009-09-30": "975.60000", "2009-06-30": "1019.90000", "2009-03-31": "992.60000", "2008-12-31": "1030.20000", "2008-09-30": "952.20000", "2008-06-30": "1079.50000", "2008-03-31": "1059.20000", "2007-12-31": "1073.50000", "2007-09-30": "903.20000", "2007-06-30": "970.60000", "2007-03-31": "950.20000", "2006-12-31": "933.59990", "2006-09-30": "819.80000", "2006-06-30": "881.60000", "2006-03-31": "860.40000", "2005-12-31": "848.30000", "2005-09-30": "762.50000", "2005-06-30": "846.80000", "2005-03-31": "828.50000"}, "Cost Of Goods Sold": {"2020-12-31": "647.30000", "2020-09-30": "569.40000", "2020-06-30": "424.50000", "2020-03-31": "487.10000", "2019-12-31": "582.20010", "2019-09-30": "535.70000", "2019-06-30": "581.30000", "2019-03-31": "553.40000", "2018-12-31": "583.40000", "2018-09-30": "529.00000", "2018-06-30": "583.70000", "2018-03-31": "575.80000", "2017-12-31": "591.39980", "2017-09-30": "500.90000", "2017-06-30": "527.70000", "2017-03-31": "512.90000", "2016-12-31": "621.80000", "2016-09-30": "479.30000", "2016-06-30": "640.10000", "2016-03-31": "640.60000", "2015-12-31": "669.30000", "2015-09-30": "552.10000", "2015-06-30": "294.30000", "2015-03-31": "284.90000", "2014-12-31": "311.60000", "2014-09-30": "295.90000", "2014-06-30": "331.60000", "2014-03-31": "303.70000", "2013-12-31": "321.39990", "2013-09-30": "328.80000", "2013-06-30": "323.60000", "2013-03-31": "292.90000", "2012-12-31": "298.90000", "2012-09-30": "255.70000", "2012-06-30": "281.90000", "2012-03-31": "288.70000", "2011-12-31": "303.20000", "2011-09-30": "251.90000", "2011-06-30": "287.90000", "2011-03-31": "279.00000", "2010-12-31": "274.10000", "2010-09-30": "219.10000", "2010-06-30": "250.60000", "2010-03-31": "268.40000", "2009-12-31": "274.40000", "2009-09-30": "249.30000", "2009-06-30": "236.80000", "2009-03-31": "230.20000", "2008-12-31": "243.10000", "2008-09-30": "237.20000", "2008-06-30": "262.30000", "2008-03-31": "254.70000", "2007-12-31": "253.90000", "2007-09-30": "199.20000", "2007-06-30": "216.40000", "2007-03-31": "206.40000", "2006-12-31": "207.50000", "2006-09-30": "183.20000", "2006-06-30": "200.00000", "2006-03-31": "189.40000", "2005-12-31": "185.80000", "2005-09-30": "174.50000", "2005-06-30": "188.80000", "2005-03-31": "190.30000"}, "Gross Profit": {"2020-12-31": "1438.00000", "2020-09-30": "1359.90000", "2020-06-30": "801.60000", "2020-03-31": "1296.70000", "2019-12-31": "1543.50000", "2019-09-30": "1356.70000", "2019-06-30": "1407.30000", "2019-03-31": "1422.10000", "2018-12-31": "1487.60000", "2018-09-30": "1307.70000", "2018-06-30": "1423.90000", "2018-03-31": "1441.80000", "2017-12-31": "1476.90000", "2017-09-30": "1312.20000", "2017-06-30": "1421.80000", "2017-03-31": "1459.50000", "2016-12-31": "1375.80000", "2016-09-30": "1353.50000", "2016-06-30": "1293.90000", "2016-03-31": "1263.40000", "2015-12-31": "1264.29900", "2015-09-30": "1210.10000", "2015-06-30": "873.30000", "2015-03-31": "849.50000", "2014-12-31": "911.29990", "2014-09-30": "810.10000", "2014-06-30": "851.30000", "2014-03-31": "857.80000", "2013-12-31": "919.29990", "2013-09-30": "745.50010", "2013-06-30": "845.90000", "2013-03-31": "846.00000", "2012-12-31": "881.60030", "2012-09-30": "769.80000", "2012-06-30": "843.10000", "2012-03-31": "851.99990", "2011-12-31": "864.10000", "2011-09-30": "779.60000", "2011-06-30": "849.50000", "2011-03-31": "836.60000", "2010-12-31": "860.60020", "2010-09-30": "745.90000", "2010-06-30": "807.10000", "2010-03-31": "794.40000", "2009-12-31": "832.89990", "2009-09-30": "726.30000", "2009-06-30": "783.10000", "2009-03-31": "762.40000", "2008-12-31": "787.10020", "2008-09-30": "715.00000", "2008-06-30": "817.20000", "2008-03-31": "804.49990", "2007-12-31": "819.60000", "2007-09-30": "704.00000", "2007-06-30": "754.20000", "2007-03-31": "743.80000", "2006-12-31": "726.09990", "2006-09-30": "636.60000", "2006-06-30": "681.60000", "2006-03-31": "671.00000", "2005-12-31": "662.50000", "2005-09-30": "588.00000", "2005-06-30": "658.00000", "2005-03-31": "638.20000"}, "Research And Development Expenses": {"2020-12-31": "100.00000", "2020-09-30": "85.90000", "2020-06-30": "87.70000", "2020-03-31": "98.40000", "2019-12-31": "121.10000", "2019-09-30": "114.40000", "2019-06-30": "112.10000", "2019-03-31": "101.70000", "2018-12-31": "101.20000", "2018-09-30": "95.70000", "2018-06-30": "99.10000", "2018-03-31": "95.70000", "2017-12-31": "95.00000", "2017-09-30": "91.20000", "2017-06-30": "92.60000", "2017-03-31": "91.10000", "2016-12-31": "95.70000", "2016-09-30": "95.60000", "2016-06-30": "88.60000", "2016-03-31": "85.70000", "2015-12-31": "85.90000", "2015-09-30": "83.30000", "2015-06-30": "51.30000", "2015-03-31": "48.30000", "2014-12-31": "46.10000", "2014-09-30": "45.90000", "2014-06-30": "48.00000", "2014-03-31": "47.40000", "2013-12-31": "45.20000", "2013-09-30": "49.40000", "2013-06-30": "54.90000", "2013-03-31": "53.50000", "2012-12-31": "55.30000", "2012-09-30": "53.50000", "2012-06-30": "57.20000", "2012-03-31": "59.60000", "2011-12-31": "64.90000", "2011-09-30": "61.00000", "2011-06-30": "56.90000", "2011-03-31": "55.60000", "2010-12-31": "56.50000", "2010-09-30": "57.30000", "2010-06-30": "54.20000", "2010-03-31": "50.50000", "2009-12-31": "51.70000", "2009-09-30": "52.20000", "2009-06-30": "49.90000", "2009-03-31": "51.90000", "2008-12-31": "48.30000", "2008-09-30": "47.90000", "2008-06-30": "48.30000", "2008-03-31": "47.80000", "2007-12-31": "23.80000", "2007-09-30": "53.00000", "2007-06-30": "53.50000", "2007-03-31": "52.30000", "2006-12-31": "45.60000", "2006-09-30": "46.70000", "2006-06-30": "48.60000", "2006-03-31": "47.40000", "2005-12-31": "45.90000", "2005-09-30": "43.90000", "2005-06-30": "43.60000", "2005-03-31": "42.10000"}, "SG&A Expenses": {"2020-12-31": "893.90000", "2020-09-30": "790.00000", "2020-06-30": "665.00000", "2020-03-31": "828.90000", "2019-12-31": "882.19980", "2019-09-30": "826.40000", "2019-06-30": "838.80000", "2019-03-31": "796.40000", "2018-12-31": "998.60000", "2018-09-30": "787.70000", "2018-06-30": "791.30000", "2018-03-31": "801.70000", "2017-12-31": "882.60000", "2017-09-30": "711.70000", "2017-06-30": "752.20000", "2017-03-31": "758.20000", "2016-12-31": "768.00010", "2016-09-30": "727.70000", "2016-06-30": "732.00000", "2016-03-31": "716.90000", "2015-12-31": "723.60000", "2015-09-30": "692.30000", "2015-06-30": "444.20000", "2015-03-31": "424.10000", "2014-12-31": "447.29990", "2014-09-30": "422.80000", "2014-06-30": "436.10000", "2014-03-31": "444.50000", "2013-12-31": "392.50010", "2013-09-30": "438.00000", "2013-06-30": "458.00000", "2013-03-31": "460.80000", "2012-12-31": "460.50000", "2012-09-30": "430.00000", "2012-06-30": "453.30000", "2012-03-31": "463.30000", "2011-12-31": "462.00010", "2011-09-30": "444.00000", "2011-06-30": "470.00000", "2011-03-31": "458.30000", "2010-12-31": "461.60000", "2010-09-30": "412.00000", "2010-06-30": "438.30000", "2010-03-31": "447.20000", "2009-12-31": "460.10000", "2009-09-30": "412.90000", "2009-06-30": "432.30000", "2009-03-31": "423.70000", "2008-12-31": "434.50010", "2008-09-30": "403.70000", "2008-06-30": "448.00000", "2008-03-31": "417.80000", "2007-12-31": "428.20000", "2007-09-30": "352.60000", "2007-06-30": "374.30000", "2007-03-31": "361.60000", "2006-12-31": "345.59990", "2006-09-30": "330.40000", "2006-06-30": "344.80000", "2006-03-31": "334.90000", "2005-12-31": "313.70000", "2005-09-30": "295.80000", "2005-06-30": "328.50000", "2005-03-31": "321.60000"}, "Other Operating Income Or Expenses": {"2020-12-31": "-15.00000", "2020-09-30": "-9.80000", "2020-06-30": "-9.70000", "2020-03-31": "-16.40000", "2019-12-31": "-19.30000", "2019-09-30": "-20.70000", "2019-06-30": "-22.70000", "2019-03-31": "-19.70000", "2018-12-31": "-30.80000", "2018-09-30": "-36.00000", "2018-06-30": "-37.50000", "2018-03-31": "-42.60000", "2017-12-31": "-53.50000", "2017-09-30": "-51.10000", "2017-06-30": "-76.70000", "2017-03-31": "", "2016-12-31": "343.60000", "2016-09-30": "-170.40000", "2016-06-30": "-137.90000", "2016-03-31": "-88.70000", "2015-12-31": "-79.90000", "2015-09-30": "-195.90000", "2015-06-30": "-476.90000", "2015-03-31": "-86.80000", "2014-12-31": "-176.30000", "2014-09-30": "-65.60000", "2014-06-30": "-84.10000", "2014-03-31": "-36.60000", "2013-12-31": "-54.80000", "2013-09-30": "-46.40000", "2013-06-30": "-122.60000", "2013-03-31": "-33.50000", "2012-12-31": "-69.30000", "2012-09-30": "-36.90000", "2012-06-30": "-30.70000", "2012-03-31": "-33.50000", "2011-12-31": "-136.00000", "2011-09-30": "-8.00000", "2011-06-30": "-63.50000", "2011-03-31": "-25.50000", "2010-12-31": "-15.60000", "2010-09-30": "-5.00000", "2010-06-30": "-86.50000", "2010-03-31": "-2.60000", "2009-12-31": "-75.30000", "2009-09-30": "-35.00000", "2009-06-30": "32.10000", "2009-03-31": "", "2008-12-31": "-90.00000", "2008-09-30": "-47.50000", "2008-06-30": "", "2008-03-31": "", "2007-12-31": "", "2007-09-30": "-169.50000", "2007-06-30": "", "2007-03-31": "", "2006-12-31": "", "2006-09-30": "", "2006-06-30": "", "2006-03-31": "", "2005-12-31": "", "2005-09-30": "", "2005-06-30": "", "2005-03-31": ""}, "Operating Expenses": {"2020-12-31": "1844.60000", "2020-09-30": "1630.10000", "2020-06-30": "1397.80000", "2020-03-31": "2239.80000", "2019-12-31": "1788.90000", "2019-09-30": "1646.60000", "2019-06-30": "1783.90000", "2019-03-31": "1625.30000", "2018-12-31": "2861.50000", "2018-09-30": "1613.40000", "2018-06-30": "1711.60000", "2018-03-31": "1712.60000", "2017-12-31": "2108.39900", "2017-09-30": "1601.90000", "2017-06-30": "1669.40000", "2017-03-31": "1624.30000", "2016-12-31": "1819.10000", "2016-09-30": "1637.30000", "2016-06-30": "1732.40000", "2016-03-31": "1658.50000", "2015-12-31": "1720.10000", "2015-09-30": "1646.20000", "2015-06-30": "1299.70000", "2015-03-31": "864.49990", "2014-12-31": "1001.80000", "2014-09-30": "850.79990", "2014-06-30": "922.00000", "2014-03-31": "861.40000", "2013-12-31": "892.40030", "2013-09-30": "862.60000", "2013-06-30": "959.10000", "2013-03-31": "840.70000", "2012-12-31": "979.99960", "2012-09-30": "776.10000", "2012-06-30": "823.10000", "2012-03-31": "845.10000", "2011-12-31": "966.10020", "2011-09-30": "764.90000", "2011-06-30": "878.30000", "2011-03-31": "818.40000", "2010-12-31": "1011.80000", "2010-09-30": "693.40000", "2010-06-30": "829.60000", "2010-03-31": "768.70000", "2009-12-31": "868.79970", "2009-09-30": "771.60000", "2009-06-30": "723.40000", "2009-03-31": "712.80000", "2008-12-31": "790.50020", "2008-09-30": "741.90000", "2008-06-30": "771.10000", "2008-03-31": "727.60000", "2007-12-31": "721.60000", "2007-09-30": "777.20000", "2007-06-30": "648.10000", "2007-03-31": "623.00000", "2006-12-31": "595.30000", "2006-09-30": "565.30000", "2006-06-30": "599.70000", "2006-03-31": "569.90000", "2005-12-31": "567.30020", "2005-09-30": "521.90000", "2005-06-30": "571.00000", "2005-03-31": "570.90000"}, "Operating Income": {"2020-12-31": "240.70000", "2020-09-30": "299.20000", "2020-06-30": "-171.70000", "2020-03-31": "-455.99980", "2019-12-31": "336.80000", "2019-09-30": "245.79990", "2019-06-30": "204.70010", "2019-03-31": "350.20000", "2018-12-31": "-790.50000", "2018-09-30": "223.29990", "2018-06-30": "296.00000", "2018-03-31": "305.00000", "2017-12-31": "-40.09960", "2017-09-30": "211.20010", "2017-06-30": "280.10010", "2017-03-31": "348.10010", "2016-12-31": "178.49950", "2016-09-30": "195.50010", "2016-06-30": "201.60000", "2016-03-31": "245.50000", "2015-12-31": "213.49940", "2015-09-30": "116.00000", "2015-06-30": "-132.10000", "2015-03-31": "269.90010", "2014-12-31": "221.09970", "2014-09-30": "255.20010", "2014-06-30": "260.90000", "2014-03-31": "300.10000", "2013-12-31": "348.29960", "2013-09-30": "211.70010", "2013-06-30": "210.40000", "2013-03-31": "298.20010", "2012-12-31": "200.50060", "2012-09-30": "249.40000", "2012-06-30": "301.90000", "2012-03-31": "295.60000", "2011-12-31": "201.19970", "2011-09-30": "266.60000", "2011-06-30": "259.10000", "2011-03-31": "297.20000", "2010-12-31": "122.90050", "2010-09-30": "271.60000", "2010-06-30": "228.10000", "2010-03-31": "294.10010", "2009-12-31": "238.50020", "2009-09-30": "203.99990", "2009-06-30": "296.50000", "2009-03-31": "279.79990", "2008-12-31": "239.70000", "2008-09-30": "210.30000", "2008-06-30": "308.40000", "2008-03-31": "331.60000", "2007-12-31": "351.90000", "2007-09-30": "126.00000", "2007-06-30": "322.50000", "2007-03-31": "327.20000", "2006-12-31": "338.29990", "2006-09-30": "254.50000", "2006-06-30": "281.90000", "2006-03-31": "290.50010", "2005-12-31": "280.99990", "2005-09-30": "240.60000", "2005-06-30": "275.80000", "2005-03-31": "257.60000"}, "Total Non-Operating Income/Expense": {"2020-12-31": "-45.10000", "2020-09-30": "-43.40000", "2020-06-30": "-50.20000", "2020-03-31": "-47.90000", "2019-12-31": "-47.60000", "2019-09-30": "-61.20000", "2019-06-30": "-64.40000", "2019-03-31": "-58.50000", "2018-12-31": "-75.40000", "2018-09-30": "-69.70000", "2018-06-30": "-78.20000", "2018-03-31": "-81.60000", "2017-12-31": "-84.10000", "2017-09-30": "-84.00000", "2017-06-30": "-83.70000", "2017-03-31": "-82.90000", "2016-12-31": "-147.70000", "2016-09-30": "-92.00000", "2016-06-30": "-91.10000", "2016-03-31": "-90.70000", "2015-12-31": "-80.30000", "2015-09-30": "-84.20000", "2015-06-30": "-106.50000", "2015-03-31": "-43.10000", "2014-12-31": "-33.80000", "2014-09-30": "-25.40000", "2014-06-30": "-24.50000", "2014-03-31": "-14.20000", "2013-12-31": "-18.30000", "2013-09-30": "-13.30000", "2013-06-30": "-14.40000", "2013-03-31": "-14.50000", "2012-12-31": "-14.00000", "2012-09-30": "-14.50000", "2012-06-30": "-14.30000", "2012-03-31": "-14.50000", "2011-12-31": "-12.70000", "2011-09-30": "-11.70000", "2011-06-30": "-9.80000", "2011-03-31": "-11.00000", "2010-12-31": "-13.40000", "2010-09-30": "-14.20000", "2010-06-30": "-14.30000", "2010-03-31": "-14.60000", "2009-12-31": "-8.70000", "2009-09-30": "-4.20000", "2009-06-30": "-4.00000", "2009-03-31": "-3.70000", "2008-12-31": "-4.20000", "2008-09-30": "28.20000", "2008-06-30": "6.80000", "2008-03-31": "1.00000", "2007-12-31": "1.10000", "2007-09-30": "1.80000", "2007-06-30": "1.30000", "2007-03-31": "-0.20000", "2006-12-31": "1.50000", "2006-09-30": "0.60000", "2006-06-30": "1.20000", "2006-03-31": "0.50000", "2005-12-31": "-0.80000", "2005-09-30": "-2.10000", "2005-06-30": "-4.20000", "2005-03-31": "-7.20000"}, "Pre-Tax Income": {"2020-12-31": "195.60000", "2020-09-30": "255.80000", "2020-06-30": "-221.90000", "2020-03-31": "-503.90000", "2019-12-31": "289.20000", "2019-09-30": "184.60000", "2019-06-30": "140.30000", "2019-03-31": "291.70000", "2018-12-31": "-865.90000", "2018-09-30": "153.60000", "2018-06-30": "217.80000", "2018-03-31": "223.40000", "2017-12-31": "-124.20000", "2017-09-30": "127.20000", "2017-06-30": "196.40000", "2017-03-31": "265.20000", "2016-12-31": "30.80000", "2016-09-30": "103.50000", "2016-06-30": "110.50000", "2016-03-31": "154.80000", "2015-12-31": "133.20000", "2015-09-30": "31.80000", "2015-06-30": "-238.60000", "2015-03-31": "226.80000", "2014-12-31": "187.30000", "2014-09-30": "229.80000", "2014-06-30": "236.40000", "2014-03-31": "285.90000", "2013-12-31": "329.99990", "2013-09-30": "198.40000", "2013-06-30": "196.00000", "2013-03-31": "283.70000", "2012-12-31": "186.49990", "2012-09-30": "234.90000", "2012-06-30": "287.60000", "2012-03-31": "281.10000", "2011-12-31": "188.50000", "2011-09-30": "254.90000", "2011-06-30": "249.30000", "2011-03-31": "286.20000", "2010-12-31": "109.50010", "2010-09-30": "257.40000", "2010-06-30": "213.80000", "2010-03-31": "279.50000", "2009-12-31": "229.80000", "2009-09-30": "199.80000", "2009-06-30": "292.50000", "2009-03-31": "276.10000", "2008-12-31": "235.50000", "2008-09-30": "238.50000", "2008-06-30": "315.20000", "2008-03-31": "332.60000", "2007-12-31": "353.00000", "2007-09-30": "127.80000", "2007-06-30": "323.80000", "2007-03-31": "327.00000", "2006-12-31": "339.80000", "2006-09-30": "255.10000", "2006-06-30": "283.10000", "2006-03-31": "291.00000", "2005-12-31": "280.20000", "2005-09-30": "238.50000", "2005-06-30": "271.60000", "2005-03-31": "250.40000"}, "Income Taxes": {"2020-12-31": "-138.20000", "2020-09-30": "9.70000", "2020-06-30": "-13.70000", "2020-03-31": "5.20000", "2019-12-31": "-32.20000", "2019-09-30": "-247.40000", "2019-06-30": "8.40000", "2019-03-31": "45.50000", "2018-12-31": "36.60000", "2018-09-30": "-8.50000", "2018-06-30": "32.90000", "2018-03-31": "47.20000", "2017-12-31": "-1355.40000", "2017-09-30": "28.40000", "2017-06-30": "12.30000", "2017-03-31": "-34.10000", "2016-12-31": "-38.90000", "2016-09-30": "-54.40000", "2016-06-30": "142.20000", "2016-03-31": "46.10000", "2015-12-31": "6.50000", "2015-09-30": "9.60000", "2015-06-30": "-64.80000", "2015-03-31": "55.70000", "2014-12-31": "38.20000", "2014-09-30": "56.90000", "2014-06-30": "60.30000", "2014-03-31": "64.80000", "2013-12-31": "75.20000", "2013-09-30": "44.30000", "2013-06-30": "44.30000", "2013-03-31": "65.70000", "2012-12-31": "34.20000", "2012-09-30": "57.20000", "2012-06-30": "73.60000", "2012-03-31": "72.20000", "2011-12-31": "32.40000", "2011-09-30": "63.70000", "2011-06-30": "45.50000", "2011-03-31": "77.30000", "2010-12-31": "74.60000", "2010-09-30": "66.30000", "2010-06-30": "48.30000", "2010-03-31": "74.10000", "2009-12-31": "74.60000", "2009-09-30": "49.90000", "2009-06-30": "82.40000", "2009-03-31": "73.90000", "2008-12-31": "67.90000", "2008-09-30": "23.50000", "2008-06-30": "87.80000", "2008-03-31": "93.10000", "2007-12-31": "89.00000", "2007-09-30": "83.40000", "2007-06-30": "92.20000", "2007-03-31": "93.30000", "2006-12-31": "95.00000", "2006-09-30": "71.90000", "2006-06-30": "82.00000", "2006-03-31": "85.10000", "2005-12-31": "80.30000", "2005-09-30": "69.70000", "2005-06-30": "80.70000", "2005-03-31": "76.60000"}, "Income After Taxes": {"2020-12-31": "333.80000", "2020-09-30": "246.10000", "2020-06-30": "-208.20000", "2020-03-31": "-509.10000", "2019-12-31": "321.40000", "2019-09-30": "432.00000", "2019-06-30": "131.90000", "2019-03-31": "246.20000", "2018-12-31": "-902.50010", "2018-09-30": "162.10000", "2018-06-30": "184.90000", "2018-03-31": "176.20000", "2017-12-31": "1231.20000", "2017-09-30": "98.80000", "2017-06-30": "184.10000", "2017-03-31": "299.30000", "2016-12-31": "69.70000", "2016-09-30": "157.90000", "2016-06-30": "-31.70000", "2016-03-31": "108.70000", "2015-12-31": "126.70000", "2015-09-30": "22.20000", "2015-06-30": "-173.80000", "2015-03-31": "171.10000", "2014-12-31": "149.10010", "2014-09-30": "172.90000", "2014-06-30": "176.10000", "2014-03-31": "221.10000", "2013-12-31": "254.80000", "2013-09-30": "154.10000", "2013-06-30": "151.70000", "2013-03-31": "218.00000", "2012-12-31": "152.29990", "2012-09-30": "177.70000", "2012-06-30": "214.00000", "2012-03-31": "208.90000", "2011-12-31": "156.10000", "2011-09-30": "191.20000", "2011-06-30": "203.80000", "2011-03-31": "208.90000", "2010-12-31": "34.90010", "2010-09-30": "191.10000", "2010-06-30": "165.50000", "2010-03-31": "205.40000", "2009-12-31": "155.20000", "2009-09-30": "149.90000", "2009-06-30": "210.10000", "2009-03-31": "202.20000", "2008-12-31": "167.60000", "2008-09-30": "215.00000", "2008-06-30": "227.40000", "2008-03-31": "239.50000", "2007-12-31": "263.99990", "2007-09-30": "44.40000", "2007-06-30": "231.60000", "2007-03-31": "233.70000", "2006-12-31": "244.80000", "2006-09-30": "183.20000", "2006-06-30": "201.10000", "2006-03-31": "205.90000", "2005-12-31": "199.90000", "2005-09-30": "168.80000", "2005-06-30": "190.90000", "2005-03-31": "173.80000"}, "Other Income": {"2020-12-31": "", "2020-09-30": "", "2020-06-30": "", "2020-03-31": "", "2019-12-31": "", "2019-09-30": "", "2019-06-30": "", "2019-03-31": "", "2018-12-31": "", "2018-09-30": "", "2018-06-30": "", "2018-03-31": "", "2017-12-31": "", "2017-09-30": "", "2017-06-30": "", "2017-03-31": "", "2016-12-31": "", "2016-09-30": "", "2016-06-30": "", "2016-03-31": "", "2015-12-31": "", "2015-09-30": "", "2015-06-30": "", "2015-03-31": "", "2014-12-31": "", "2014-09-30": "", "2014-06-30": "", "2014-03-31": "", "2013-12-31": "", "2013-09-30": "", "2013-06-30": "", "2013-03-31": "", "2012-12-31": "", "2012-09-30": "", "2012-06-30": "", "2012-03-31": "", "2011-12-31": "", "2011-09-30": "", "2011-06-30": "", "2011-03-31": "", "2010-12-31": "", "2010-09-30": "", "2010-06-30": "", "2010-03-31": "", "2009-12-31": "", "2009-09-30": "", "2009-06-30": "", "2009-03-31": "", "2008-12-31": "", "2008-09-30": "", "2008-06-30": "", "2008-03-31": "", "2007-12-31": "", "2007-09-30": "", "2007-06-30": "", "2007-03-31": "", "2006-12-31": "", "2006-09-30": "", "2006-06-30": "", "2006-03-31": "", "2005-12-31": "", "2005-09-30": "", "2005-06-30": "", "2005-03-31": ""}, "Income From Continuous Operations": {"2020-12-31": "333.80000", "2020-09-30": "246.10000", "2020-06-30": "-208.20000", "2020-03-31": "-509.10000", "2019-12-31": "321.40000", "2019-09-30": "432.00000", "2019-06-30": "131.90000", "2019-03-31": "246.20000", "2018-12-31": "-902.50010", "2018-09-30": "162.10000", "2018-06-30": "184.90000", "2018-03-31": "176.20000", "2017-12-31": "1231.20000", "2017-09-30": "98.80000", "2017-06-30": "184.10000", "2017-03-31": "299.30000", "2016-12-31": "69.70000", "2016-09-30": "157.90000", "2016-06-30": "-31.70000", "2016-03-31": "108.70000", "2015-12-31": "126.70000", "2015-09-30": "22.20000", "2015-06-30": "-173.80000", "2015-03-31": "171.10000", "2014-12-31": "149.10010", "2014-09-30": "172.90000", "2014-06-30": "176.10000", "2014-03-31": "221.10000", "2013-12-31": "254.80000", "2013-09-30": "154.10000", "2013-06-30": "151.70000", "2013-03-31": "218.00000", "2012-12-31": "152.29990", "2012-09-30": "177.70000", "2012-06-30": "214.00000", "2012-03-31": "208.90000", "2011-12-31": "156.10000", "2011-09-30": "191.20000", "2011-06-30": "203.80000", "2011-03-31": "208.90000", "2010-12-31": "34.90010", "2010-09-30": "191.10000", "2010-06-30": "165.50000", "2010-03-31": "205.40000", "2009-12-31": "155.20000", "2009-09-30": "149.90000", "2009-06-30": "210.10000", "2009-03-31": "202.20000", "2008-12-31": "167.60000", "2008-09-30": "215.00000", "2008-06-30": "227.40000", "2008-03-31": "239.50000", "2007-12-31": "264.30000", "2007-09-30": "44.50000", "2007-06-30": "231.50000", "2007-03-31": "233.40000", "2006-12-31": "244.69990", "2006-09-30": "183.30000", "2006-06-30": "200.90000", "2006-03-31": "205.60000", "2005-12-31": "199.59990", "2005-09-30": "168.60000", "2005-06-30": "190.70000", "2005-03-31": "173.60000"}, "Income From Discontinued Operations": {"2020-12-31": "", "2020-09-30": "", "2020-06-30": "", "2020-03-31": "", "2019-12-31": "", "2019-09-30": "", "2019-06-30": "", "2019-03-31": "", "2018-12-31": "", "2018-09-30": "", "2018-06-30": "", "2018-03-31": "", "2017-12-31": "", "2017-09-30": "", "2017-06-30": "", "2017-03-31": "", "2016-12-31": "", "2016-09-30": "", "2016-06-30": "", "2016-03-31": "", "2015-12-31": "", "2015-09-30": "", "2015-06-30": "", "2015-03-31": "", "2014-12-31": "", "2014-09-30": "", "2014-06-30": "", "2014-03-31": "", "2013-12-31": "", "2013-09-30": "", "2013-06-30": "", "2013-03-31": "", "2012-12-31": "", "2012-09-30": "", "2012-06-30": "", "2012-03-31": "", "2011-12-31": "", "2011-09-30": "", "2011-06-30": "", "2011-03-31": "", "2010-12-31": "", "2010-09-30": "", "2010-06-30": "", "2010-03-31": "", "2009-12-31": "", "2009-09-30": "", "2009-06-30": "", "2009-03-31": "", "2008-12-31": "", "2008-09-30": "", "2008-06-30": "", "2008-03-31": "", "2007-12-31": "", "2007-09-30": "", "2007-06-30": "", "2007-03-31": "", "2006-12-31": "", "2006-09-30": "", "2006-06-30": "", "2006-03-31": "", "2005-12-31": "", "2005-09-30": "", "2005-06-30": "", "2005-03-31": ""}, "Net Income": {"2020-12-31": "333.70000", "2020-09-30": "242.50000", "2020-06-30": "-206.60000", "2020-03-31": "-508.50000", "2019-12-31": "320.70000", "2019-09-30": "431.10000", "2019-06-30": "133.70000", "2019-03-31": "246.10000", "2018-12-31": "-901.10000", "2018-09-30": "162.20000", "2018-06-30": "185.00000", "2018-03-31": "174.70000", "2017-12-31": "1231.40000", "2017-09-30": "98.80000", "2017-06-30": "184.20000", "2017-03-31": "299.40000", "2016-12-31": "69.60000", "2016-09-30": "158.80000", "2016-06-30": "-31.30000", "2016-03-31": "108.80000", "2015-12-31": "127.00000", "2015-09-30": "22.20000", "2015-06-30": "-173.60000", "2015-03-31": "171.40000", "2014-12-31": "149.20000", "2014-09-30": "173.10000", "2014-06-30": "176.50000", "2014-03-31": "221.50000", "2013-12-31": "255.30000", "2013-09-30": "154.40000", "2013-06-30": "152.10000", "2013-03-31": "218.60000", "2012-12-31": "152.80000", "2012-09-30": "178.10000", "2012-06-30": "214.50000", "2012-03-31": "209.60000", "2011-12-31": "156.60000", "2011-09-30": "191.50000", "2011-06-30": "203.80000", "2011-03-31": "208.90000", "2010-12-31": "34.90000", "2010-09-30": "191.10000", "2010-06-30": "165.50000", "2010-03-31": "205.40000", "2009-12-31": "155.20000", "2009-09-30": "149.90000", "2009-06-30": "210.10000", "2009-03-31": "202.20000", "2008-12-31": "167.50000", "2008-09-30": "214.70000", "2008-06-30": "227.10000", "2008-03-31": "239.30000", "2007-12-31": "263.80000", "2007-09-30": "44.50000", "2007-06-30": "231.50000", "2007-03-31": "233.40000", "2006-12-31": "244.70000", "2006-09-30": "183.30000", "2006-06-30": "200.90000", "2006-03-31": "205.60000", "2005-12-31": "199.60000", "2005-09-30": "168.60000", "2005-06-30": "190.70000", "2005-03-31": "173.60000"}, "EBITDA": {"2020-12-31": "", "2020-09-30": "557.80000", "2020-06-30": "117.00000", "2020-03-31": "409.00020", "2019-12-31": "590.70000", "2019-09-30": "497.29990", "2019-06-30": "527.80000", "2019-03-31": "597.90000", "2018-12-31": "440.20000", "2018-09-30": "487.70000", "2018-06-30": "557.60000", "2018-03-31": "568.50000", "2017-12-31": "496.40030", "2017-09-30": "510.40010", "2017-06-30": "571.00010", "2017-03-31": "615.70010", "2016-12-31": "433.59950", "2016-09-30": "483.60010", "2016-06-30": "481.90000", "2016-03-31": "492.40000", "2015-12-31": "497.79940", "2015-09-30": "355.50000", "2015-06-30": "-32.50000", "2015-03-31": "358.90010", "2014-12-31": "313.69970", "2014-09-30": "346.10010", "2014-06-30": "352.20000", "2014-03-31": "401.10000", "2013-12-31": "438.39960", "2013-09-30": "303.60010", "2013-06-30": "301.80000", "2013-03-31": "383.30010", "2012-12-31": "386.70060", "2012-09-30": "332.10000", "2012-06-30": "395.30000", "2012-03-31": "392.40000", "2011-12-31": "295.49970", "2011-09-30": "357.50000", "2011-06-30": "347.70000", "2011-03-31": "383.30000", "2010-12-31": "417.60050", "2010-09-30": "355.30000", "2010-06-30": "309.00000", "2010-03-31": "379.00010", "2009-12-31": "399.30020", "2009-09-30": "292.20000", "2009-06-30": "378.30000", "2009-03-31": "359.39990", "2008-12-31": "318.80000", "2008-09-30": "277.10000", "2008-06-30": "375.80000", "2008-03-31": "393.40000", "2007-12-31": "414.30000", "2007-09-30": "184.20000", "2007-06-30": "378.50000", "2007-03-31": "380.60000", "2006-12-31": "390.89980", "2006-09-30": "305.80000", "2006-06-30": "329.20000", "2006-03-31": "336.70010", "2005-12-31": "330.69990", "2005-09-30": "286.20000", "2005-06-30": "321.10000", "2005-03-31": "302.70000"}, "EBIT": {"2020-12-31": "240.70000", "2020-09-30": "299.20000", "2020-06-30": "-171.70000", "2020-03-31": "-455.99980", "2019-12-31": "336.80000", "2019-09-30": "245.79990", "2019-06-30": "204.70010", "2019-03-31": "350.20000", "2018-12-31": "-790.50010", "2018-09-30": "223.29990", "2018-06-30": "296.00000", "2018-03-31": "305.00000", "2017-12-31": "-40.09950", "2017-09-30": "211.20010", "2017-06-30": "280.10010", "2017-03-31": "348.10010", "2016-12-31": "178.50000", "2016-09-30": "195.50010", "2016-06-30": "201.60000", "2016-03-31": "245.50000", "2015-12-31": "213.49970", "2015-09-30": "116.00000", "2015-06-30": "-132.10000", "2015-03-31": "269.90010", "2014-12-31": "221.09970", "2014-09-30": "255.20010", "2014-06-30": "260.90000", "2014-03-31": "300.10000", "2013-12-31": "348.29970", "2013-09-30": "211.70010", "2013-06-30": "210.40000", "2013-03-31": "298.20010", "2012-12-31": "200.50050", "2012-09-30": "249.40000", "2012-06-30": "301.90000", "2012-03-31": "295.60000", "2011-12-31": "201.19960", "2011-09-30": "266.60000", "2011-06-30": "259.10000", "2011-03-31": "297.20000", "2010-12-31": "122.90040", "2010-09-30": "271.60000", "2010-06-30": "228.10000", "2010-03-31": "294.10010", "2009-12-31": "238.50020", "2009-09-30": "203.99990", "2009-06-30": "296.50000", "2009-03-31": "279.79990", "2008-12-31": "239.70000", "2008-09-30": "210.30000", "2008-06-30": "308.40000", "2008-03-31": "331.60000", "2007-12-31": "351.90010", "2007-09-30": "126.00000", "2007-06-30": "322.50000", "2007-03-31": "327.20000", "2006-12-31": "338.29990", "2006-09-30": "254.50000", "2006-06-30": "281.90000", "2006-03-31": "290.50010", "2005-12-31": "281.00000", "2005-09-30": "240.60000", "2005-06-30": "275.80000", "2005-03-31": "257.60000"}, "Basic Shares Outstanding": {"2020-12-31": "207.40000", "2020-09-30": "207.10000", "2020-06-30": "206.80000", "2020-03-31": "206.50000", "2019-12-31": "205.10000", "2019-09-30": "205.30000", "2019-06-30": "204.80000", "2019-03-31": "204.40000", "2018-12-31": "203.50000", "2018-09-30": "203.70000", "2018-06-30": "203.30000", "2018-03-31": "203.00000", "2017-12-31": "201.90000", "2017-09-30": "202.30000", "2017-06-30": "201.80000", "2017-03-31": "201.10000", "2016-12-31": "200.00000", "2016-09-30": "200.10000", "2016-06-30": "199.40000", "2016-03-31": "200.10000", "2015-12-31": "187.40000", "2015-09-30": "203.50000", "2015-06-30": "173.00000", "2015-03-31": "170.00000", "2014-12-31": "169.00000", "2014-09-30": "169.00000", "2014-06-30": "168.40000", "2014-03-31": "169.10000", "2013-12-31": "169.60000", "2013-09-30": "170.00000", "2013-06-30": "168.80000", "2013-03-31": "168.70000", "2012-12-31": "174.90000", "2012-09-30": "174.10000", "2012-06-30": "175.20000", "2012-03-31": "177.40000", "2011-12-31": "187.60000", "2011-09-30": "187.70000", "2011-06-30": "191.50000", "2011-03-31": "192.60000", "2010-12-31": "200.00000", "2010-09-30": "198.70000", "2010-06-30": "201.90000", "2010-03-31": "203.00000", "2009-12-31": "215.00000", "2009-09-30": "213.60000", "2009-06-30": "214.70000", "2009-03-31": "221.50000", "2008-12-31": "227.30000", "2008-09-30": "224.70000", "2008-06-30": "228.40000", "2008-03-31": "232.50000", "2007-12-31": "235.50000", "2007-09-30": "234.90000", "2007-06-30": "236.90000", "2007-03-31": "236.90000", "2006-12-31": "243.00000", "2006-09-30": "240.40000", "2006-06-30": "245.50000", "2006-03-31": "247.80000", "2005-12-31": "247.10000", "2005-09-30": "247.40000", "2005-06-30": "247.00000", "2005-03-31": "246.10000"}, "Shares Outstanding": {"2020-12-31": "209.30000", "2020-09-30": "208.50000", "2020-06-30": "206.80000", "2020-03-31": "206.50000", "2019-12-31": "206.70000", "2019-09-30": "207.00000", "2019-06-30": "206.20000", "2019-03-31": "205.80000", "2018-12-31": "203.50000", "2018-09-30": "205.40000", "2018-06-30": "204.60000", "2018-03-31": "204.60000", "2017-12-31": "203.70000", "2017-09-30": "204.00000", "2017-06-30": "203.70000", "2017-03-31": "203.10000", "2016-12-31": "202.40000", "2016-09-30": "202.90000", "2016-06-30": "199.40000", "2016-03-31": "202.20000", "2015-12-31": "189.80000", "2015-09-30": "205.70000", "2015-06-30": "173.00000", "2015-03-31": "172.90000", "2014-12-31": "171.70000", "2014-09-30": "171.70000", "2014-06-30": "171.00000", "2014-03-31": "171.80000", "2013-12-31": "171.80000", "2013-09-30": "172.20000", "2013-06-30": "170.70000", "2013-03-31": "170.70000", "2012-12-31": "176.00000", "2012-09-30": "175.30000", "2012-06-30": "176.20000", "2012-03-31": "178.50000", "2011-12-31": "188.70000", "2011-09-30": "188.80000", "2011-06-30": "192.70000", "2011-03-31": "193.80000", "2010-12-31": "201.10000", "2010-09-30": "199.70000", "2010-06-30": "203.00000", "2010-03-31": "204.20000", "2009-12-31": "215.80000", "2009-09-30": "214.50000", "2009-06-30": "215.50000", "2009-03-31": "222.10000", "2008-12-31": "228.30000", "2008-09-30": "225.60000", "2008-06-30": "229.50000", "2008-03-31": "233.90000", "2007-12-31": "237.50000", "2007-09-30": "236.80000", "2007-06-30": "239.20000", "2007-03-31": "239.20000", "2006-12-31": "245.40000", "2006-09-30": "242.60000", "2006-06-30": "247.70000", "2006-03-31": "250.10000", "2005-12-31": "249.80000", "2005-09-30": "250.20000", "2005-06-30": "249.90000", "2005-03-31": "249.20000"}, "Basic EPS": {"2020-12-31": "1.61000", "2020-09-30": "1.17000", "2020-06-30": "-1.00000", "2020-03-31": "-2.46000", "2019-12-31": "1.57000", "2019-09-30": "2.10000", "2019-06-30": "0.65000", "2019-03-31": "1.20000", "2018-12-31": "-4.43000", "2018-09-30": "0.80000", "2018-06-30": "0.91000", "2018-03-31": "0.86000", "2017-12-31": "6.09000", "2017-09-30": "0.49000", "2017-06-30": "0.91000", "2017-03-31": "1.49000", "2016-12-31": "0.36000", "2016-09-30": "0.79000", "2016-06-30": "-0.16000", "2016-03-31": "0.54000", "2015-12-31": "0.66000", "2015-09-30": "0.11000", "2015-06-30": "-1.00000", "2015-03-31": "1.01000", "2014-12-31": "0.88000", "2014-09-30": "1.02000", "2014-06-30": "1.05000", "2014-03-31": "1.31000", "2013-12-31": "1.49000", "2013-09-30": "0.91000", "2013-06-30": "0.90000", "2013-03-31": "1.30000", "2012-12-31": "0.90000", "2012-09-30": "1.02000", "2012-06-30": "1.22000", "2012-03-31": "1.18000", "2011-12-31": "0.89000", "2011-09-30": "1.02000", "2011-06-30": "1.06000", "2011-03-31": "1.08000", "2010-12-31": "0.19000", "2010-09-30": "0.96000", "2010-06-30": "0.82000", "2010-03-31": "1.01000", "2009-12-31": "0.75000", "2009-09-30": "0.70000", "2009-06-30": "0.98000", "2009-03-31": "0.91000", "2008-12-31": "0.75000", "2008-09-30": "0.96000", "2008-06-30": "0.99000", "2008-03-31": "1.03000", "2007-12-31": "1.12000", "2007-09-30": "0.19000", "2007-06-30": "0.98000", "2007-03-31": "0.99000", "2006-12-31": "1.02000", "2006-09-30": "0.76000", "2006-06-30": "0.82000", "2006-03-31": "0.83000", "2005-12-31": "0.80000", "2005-09-30": "0.68000", "2005-06-30": "0.77000", "2005-03-31": "0.71000"}, "EPS - Earnings Per Share": {"2020-12-31": "1.59000", "2020-09-30": "1.16000", "2020-06-30": "-1.00000", "2020-03-31": "-2.46000", "2019-12-31": "1.54000", "2019-09-30": "2.08000", "2019-06-30": "0.65000", "2019-03-31": "1.20000", "2018-12-31": "-4.40000", "2018-09-30": "0.79000", "2018-06-30": "0.90000", "2018-03-31": "0.85000", "2017-12-31": "6.05000", "2017-09-30": "0.48000", "2017-06-30": "0.90000", "2017-03-31": "1.47000", "2016-12-31": "0.35000", "2016-09-30": "0.78000", "2016-06-30": "-0.16000", "2016-03-31": "0.54000", "2015-12-31": "0.67000", "2015-09-30": "0.11000", "2015-06-30": "-1.00000", "2015-03-31": "0.99000", "2014-12-31": "0.87000", "2014-09-30": "1.01000", "2014-06-30": "1.03000", "2014-03-31": "1.29000", "2013-12-31": "1.47000", "2013-09-30": "0.90000", "2013-06-30": "0.89000", "2013-03-31": "1.28000", "2012-12-31": "0.88000", "2012-09-30": "1.02000", "2012-06-30": "1.22000", "2012-03-31": "1.17000", "2011-12-31": "0.88000", "2011-09-30": "1.01000", "2011-06-30": "1.06000", "2011-03-31": "1.08000", "2010-12-31": "0.18000", "2010-09-30": "0.96000", "2010-06-30": "0.82000", "2010-03-31": "1.01000", "2009-12-31": "0.73000", "2009-09-30": "0.70000", "2009-06-30": "0.98000", "2009-03-31": "0.91000", "2008-12-31": "0.76000", "2008-09-30": "0.95000", "2008-06-30": "0.99000", "2008-03-31": "1.02000", "2007-12-31": "1.12000", "2007-09-30": "0.19000", "2007-06-30": "0.97000", "2007-03-31": "0.98000", "2006-12-31": "1.01000", "2006-09-30": "0.76000", "2006-06-30": "0.81000", "2006-03-31": "0.82000", "2005-12-31": "0.80000", "2005-09-30": "0.67000", "2005-06-30": "0.76000", "2005-03-31": "0.70000"}}, "balance sheet": {"Cash On Hand": {"2020-12-31": "802.10000", "2019-12-31": "617.90000", "2018-12-31": "542.80000", "2017-12-31": "524.40000", "2016-12-31": "634.10000", "2015-12-31": "1623.90000", "2014-12-31": "1695.80000", "2013-12-31": "1807.60000", "2012-12-31": "1555.90000", "2011-12-31": "1223.80000", "2010-12-31": "934.00000", "2009-12-31": "758.10000", "2008-12-31": "215.30000", "2007-12-31": "466.40000", "2006-12-31": "268.10000", "2005-12-31": "245.30000"}, "Receivables": {"2020-12-31": "1452.70000", "2019-12-31": "1363.90000", "2018-12-31": "1275.80000", "2017-12-31": "1544.10000", "2016-12-31": "1604.40000", "2015-12-31": "1446.50000", "2014-12-31": "912.10000", "2013-12-31": "936.60000", "2012-12-31": "884.60000", "2011-12-31": "838.80000", "2010-12-31": "775.90000", "2009-12-31": "751.40000", "2008-12-31": "732.80000", "2007-12-31": "674.30000", "2006-12-31": "625.50000", "2005-12-31": "524.20000"}, "Inventory": {"2020-12-31": "2450.70000", "2019-12-31": "2385.00000", "2018-12-31": "2256.50000", "2017-12-31": "2068.30000", "2016-12-31": "1959.40000", "2015-12-31": "2254.10000", "2014-12-31": "1193.30000", "2013-12-31": "1074.50000", "2012-12-31": "995.30000", "2011-12-31": "929.80000", "2010-12-31": "936.40000", "2009-12-31": "913.20000", "2008-12-31": "928.30000", "2007-12-31": "727.80000", "2006-12-31": "638.30000", "2005-12-31": "583.70000"}, "Pre-Paid Expenses": {"2020-12-31": "", "2019-12-31": "357.10000", "2018-12-31": "352.30000", "2017-12-31": "428.00000", "2016-12-31": "465.70000", "2015-12-31": "529.20000", "2014-12-31": "317.20000", "2013-12-31": "107.10000", "2012-12-31": "76.30000", "2011-12-31": "73.70000", "2010-12-31": "127.70000", "2009-12-31": "105.40000", "2008-12-31": "103.90000", "2007-12-31": "59.40000", "2006-12-31": "55.10000", "2005-12-31": "68.70000"}, "Other Current Assets": {"2020-12-31": "377.80000", "2019-12-31": "", "2018-12-31": "", "2017-12-31": "", "2016-12-31": "", "2015-12-31": "", "2014-12-31": "", "2013-12-31": "", "2012-12-31": "", "2011-12-31": "", "2010-12-31": "", "2009-12-31": "", "2008-12-31": "", "2007-12-31": "", "2006-12-31": "", "2005-12-31": ""}, "Total Current Assets": {"2020-12-31": "5083.30000", "2019-12-31": "4723.90000", "2018-12-31": "4427.40000", "2017-12-31": "4564.80000", "2016-12-31": "4663.60000", "2015-12-31": "5853.70000", "2014-12-31": "4313.30000", "2013-12-31": "4197.70000", "2012-12-31": "3708.70000", "2011-12-31": "3276.60000", "2010-12-31": "3009.70000", "2009-12-31": "2738.00000", "2008-12-31": "2178.60000", "2007-12-31": "2082.70000", "2006-12-31": "1746.20000", "2005-12-31": "1575.60000"}, "Property, Plant, And Equipment": {"2020-12-31": "2047.70000", "2019-12-31": "2077.40000", "2018-12-31": "2015.40000", "2017-12-31": "2038.60000", "2016-12-31": "2037.90000", "2015-12-31": "2062.60000", "2014-12-31": "1285.30000", "2013-12-31": "1224.70000", "2012-12-31": "1210.70000", "2011-12-31": "1207.30000", "2010-12-31": "1213.80000", "2009-12-31": "1221.70000", "2008-12-31": "1264.10000", "2007-12-31": "971.90000", "2006-12-31": "807.10000", "2005-12-31": "708.80000"}, "Long-Term Investments": {"2020-12-31": "", "2019-12-31": "", "2018-12-31": "", "2017-12-31": "", "2016-12-31": "", "2015-12-31": "", "2014-12-31": "", "2013-12-31": "", "2012-12-31": "", "2011-12-31": "", "2010-12-31": "", "2009-12-31": "", "2008-12-31": "", "2007-12-31": "", "2006-12-31": "", "2005-12-31": ""}, "Goodwill And Intangible Assets": {"2020-12-31": "16317.30000", "2019-12-31": "16857.30000", "2018-12-31": "17279.00000", "2017-12-31": "19021.80000", "2016-12-31": "19429.30000", "2015-12-31": "18680.50000", "2014-12-31": "3117.70000", "2013-12-31": "3318.90000", "2012-12-31": "3312.50000", "2011-12-31": "3424.50000", "2010-12-31": "3407.90000", "2009-12-31": "3641.50000", "2008-12-31": "3646.90000", "2007-12-31": "3365.20000", "2006-12-31": "3228.20000", "2005-12-31": "3185.40000"}, "Other Long-Term Assets": {"2020-12-31": "969.40000", "2019-12-31": "980.10000", "2018-12-31": "405.00000", "2017-12-31": "388.80000", "2016-12-31": "553.60000", "2015-12-31": "563.80000", "2014-12-31": "941.70000", "2013-12-31": "839.30000", "2012-12-31": "780.50000", "2011-12-31": "606.90000", "2010-12-31": "368.50000", "2009-12-31": "184.30000", "2008-12-31": "149.40000", "2007-12-31": "213.90000", "2006-12-31": "192.90000", "2005-12-31": "252.10000"}, "Total Long-Term Assets": {"2020-12-31": "19334.40000", "2019-12-31": "19914.80000", "2018-12-31": "19699.40000", "2017-12-31": "21449.20000", "2016-12-31": "22020.80000", "2015-12-31": "21306.90000", "2014-12-31": "5344.70000", "2013-12-31": "5382.89900", "2012-12-31": "5303.70000", "2011-12-31": "5238.70000", "2010-12-31": "4990.20000", "2009-12-31": "5047.50000", "2008-12-31": "5060.40000", "2007-12-31": "4551.00000", "2006-12-31": "4228.20000", "2005-12-31": "4146.30000"}, "Total Assets": {"2020-12-31": "24417.70000", "2019-12-31": "24638.70000", "2018-12-31": "24126.80000", "2017-12-31": "26014.00000", "2016-12-31": "26684.40000", "2015-12-31": "27160.60000", "2014-12-31": "9658.00000", "2013-12-31": "9580.60000", "2012-12-31": "9012.40000", "2011-12-31": "8515.30000", "2010-12-31": "7999.90000", "2009-12-31": "7785.50000", "2008-12-31": "7239.00000", "2007-12-31": "6633.70000", "2006-12-31": "5974.40000", "2005-12-31": "5721.90000"}, "Total Current Liabilities": {"2020-12-31": "2556.90000", "2019-12-31": "3441.50000", "2018-12-31": "2421.30000", "2017-12-31": "3069.70000", "2016-12-31": "2381.50000", "2015-12-31": "1617.90000", "2014-12-31": "1024.00000", "2013-12-31": "1031.60000", "2012-12-31": "866.00000", "2011-12-31": "867.10000", "2010-12-31": "702.50000", "2009-12-31": "690.70000", "2008-12-31": "771.10000", "2007-12-31": "748.60000", "2006-12-31": "628.20000", "2005-12-31": "606.90000"}, "Long Term Debt": {"2020-12-31": "7626.50000", "2019-12-31": "6721.40000", "2018-12-31": "8413.70000", "2017-12-31": "8917.50000", "2016-12-31": "10665.80000", "2015-12-31": "11497.40000", "2014-12-31": "1425.50000", "2013-12-31": "1672.30000", "2012-12-31": "1720.80000", "2011-12-31": "1576.00000", "2010-12-31": "1142.10000", "2009-12-31": "1127.60000", "2008-12-31": "460.10000", "2007-12-31": "104.30000", "2006-12-31": "99.60000", "2005-12-31": "81.60000"}, "Other Non-Current Liabilities": {"2020-12-31": "2034.90000", "2019-12-31": "1242.90000", "2018-12-31": "1016.20000", "2017-12-31": "1189.80000", "2016-12-31": "936.30000", "2015-12-31": "1005.70000", "2014-12-31": "610.90000", "2013-12-31": "576.60000", "2012-12-31": "559.30000", "2011-12-31": "557.40000", "2010-12-31": "384.00000", "2009-12-31": "328.50000", "2008-12-31": "353.90000", "2007-12-31": "328.40000", "2006-12-31": "323.40000", "2005-12-31": "348.30000"}, "Total Long Term Liabilities": {"2020-12-31": "9661.40000", "2019-12-31": "8804.40000", "2018-12-31": "10429.40000", "2017-12-31": "11208.80000", "2016-12-31": "14633.00000", "2015-12-31": "15653.30000", "2014-12-31": "2082.30000", "2013-12-31": "2248.90000", "2012-12-31": "2280.10000", "2011-12-31": "2133.40000", "2010-12-31": "1526.10000", "2009-12-31": "1456.10000", "2008-12-31": "814.00000", "2007-12-31": "435.50000", "2006-12-31": "425.70000", "2005-12-31": "432.20000"}, "Total Liabilities": {"2020-12-31": "12218.30000", "2019-12-31": "12245.90000", "2018-12-31": "12850.70000", "2017-12-31": "14278.50000", "2016-12-31": "17014.50000", "2015-12-31": "17271.20000", "2014-12-31": "3106.30000", "2013-12-31": "3280.50000", "2012-12-31": "3146.10000", "2011-12-31": "3000.50000", "2010-12-31": "2228.60000", "2009-12-31": "2146.80000", "2008-12-31": "1585.10000", "2007-12-31": "1184.10000", "2006-12-31": "1053.90000", "2005-12-31": "1039.10000"}, "Common Stock Net": {"2020-12-31": "", "2019-12-31": "3.10000", "2018-12-31": "3.10000", "2017-12-31": "3.10000", "2016-12-31": "3.10000", "2015-12-31": "3.00000", "2014-12-31": "2.70000", "2013-12-31": "2.60000", "2012-12-31": "2.60000", "2011-12-31": "2.50000", "2010-12-31": "2.50000", "2009-12-31": "2.50000", "2008-12-31": "2.50000", "2007-12-31": "2.50000", "2006-12-31": "2.50000", "2005-12-31": "2.50000"}, "Retained Earnings (Accumulated Deficit)": {"2020-12-31": "", "2019-12-31": "10427.30000", "2018-12-31": "9491.20000", "2017-12-31": "10022.80000", "2016-12-31": "8467.10000", "2015-12-31": "8347.70000", "2014-12-31": "8362.10000", "2013-12-31": "7712.70000", "2012-12-31": "7085.90000", "2011-12-31": "6426.80000", "2010-12-31": "5699.40000", "2009-12-31": "5102.50000", "2008-12-31": "4385.50000", "2007-12-31": "3536.90000", "2006-12-31": "2768.50000", "2005-12-31": "1934.00000"}, "Comprehensive Income": {"2020-12-31": "", "2019-12-31": "-241.90000", "2018-12-31": "-187.40000", "2017-12-31": "-83.20000", "2016-12-31": "-434.00000", "2015-12-31": "-329.00000", "2014-12-31": "38.10000", "2013-12-31": "367.10000", "2012-12-31": "343.90000", "2011-12-31": "271.40000", "2010-12-31": "321.00000", "2009-12-31": "358.60000", "2008-12-31": "240.00000", "2007-12-31": "290.30000", "2006-12-31": "209.20000", "2005-12-31": "149.30000"}, "Other Share Holders Equity": {"2020-12-31": "", "2019-12-31": "", "2018-12-31": "", "2017-12-31": "", "2016-12-31": "", "2015-12-31": "", "2014-12-31": "", "2013-12-31": "", "2012-12-31": "", "2011-12-31": "", "2010-12-31": "", "2009-12-31": "", "2008-12-31": "", "2007-12-31": "", "2006-12-31": "", "2005-12-31": ""}, "Share Holder Equity": {"2020-12-31": "12199.40000", "2019-12-31": "12392.80000", "2018-12-31": "11276.10000", "2017-12-31": "11735.50000", "2016-12-31": "9669.90000", "2015-12-31": "9889.40000", "2014-12-31": "6551.70000", "2013-12-31": "6300.10000", "2012-12-31": "5866.30000", "2011-12-31": "5514.80000", "2010-12-31": "5771.30000", "2009-12-31": "5638.70000", "2008-12-31": "5653.90000", "2007-12-31": "5449.60000", "2006-12-31": "4920.50000", "2005-12-31": "4682.80000"}, "Total Liabilities And Share Holders Equity": {"2020-12-31": "24417.70000", "2019-12-31": "24638.70000", "2018-12-31": "24126.80000", "2017-12-31": "26014.00000", "2016-12-31": "26684.40000", "2015-12-31": "27160.60000", "2014-12-31": "9658.00000", "2013-12-31": "9580.60000", "2012-12-31": "9012.40000", "2011-12-31": "8515.30000", "2010-12-31": "7999.90000", "2009-12-31": "7785.50000", "2008-12-31": "7239.00000", "2007-12-31": "6633.70000", "2006-12-31": "5974.40000", "2005-12-31": "5721.90000"}}, "balance sheet, quarterly": {"Cash On Hand": {"2020-12-31": "802.10000", "2020-09-30": "967.30000", "2020-06-30": "713.40000", "2020-03-31": "2433.60000", "2019-12-31": "617.90000", "2019-09-30": "512.50000", "2019-06-30": "403.10000", "2019-03-31": "586.80000", "2018-12-31": "542.80000", "2018-09-30": "524.60000", "2018-06-30": "481.20000", "2018-03-31": "1765.40000", "2017-12-31": "524.40000", "2017-09-30": "480.80000", "2017-06-30": "450.00000", "2017-03-31": "1039.50000", "2016-12-31": "634.10000", "2016-09-30": "488.70000", "2016-06-30": "976.30000", "2016-03-31": "1010.20000", "2015-12-31": "1623.90000", "2015-09-30": "1810.20000", "2015-06-30": "1883.60000", "2015-03-31": "9281.90000", "2014-12-31": "1695.80000", "2014-09-30": "1747.10000", "2014-06-30": "1698.00000", "2014-03-31": "1588.10000", "2013-12-31": "1807.60000", "2013-09-30": "1505.80000", "2013-06-30": "1235.80000", "2013-03-31": "1201.20000", "2012-12-31": "1555.90000", "2012-09-30": "1488.90000", "2012-06-30": "1335.90000", "2012-03-31": "1229.10000", "2011-12-31": "1223.80000", "2011-09-30": "977.90000", "2011-06-30": "945.50000", "2011-03-31": "866.20000", "2010-12-31": "934.00000", "2010-09-30": "981.60000", "2010-06-30": "986.70000", "2010-03-31": "871.40000", "2009-12-31": "758.10000", "2009-09-30": "442.50000", "2009-06-30": "280.20000", "2009-03-31": "215.50000", "2008-12-31": "215.30000", "2008-09-30": "545.10000", "2008-06-30": "390.90000", "2008-03-31": "478.80000", "2007-12-31": "466.40000", "2007-09-30": "315.50000", "2007-06-30": "361.00000", "2007-03-31": "328.40000", "2006-12-31": "268.10000", "2006-09-30": "277.90000", "2006-06-30": "338.20000", "2006-03-31": "415.90000", "2005-12-31": "245.30000", "2005-09-30": "104.30000", "2005-06-30": "95.40000", "2005-03-31": "75.00000"}, "Receivables": {"2020-12-31": "1452.70000", "2020-09-30": "1340.70000", "2020-06-30": "1064.50000", "2020-03-31": "1039.10000", "2019-12-31": "1363.90000", "2019-09-30": "1150.80000", "2019-06-30": "1247.10000", "2019-03-31": "1225.30000", "2018-12-31": "1275.80000", "2018-09-30": "1262.70000", "2018-06-30": "1335.30000", "2018-03-31": "1418.50000", "2017-12-31": "1544.10000", "2017-09-30": "1318.50000", "2017-06-30": "1423.00000", "2017-03-31": "1600.10000", "2016-12-31": "1604.40000", "2016-09-30": "1603.60000", "2016-06-30": "1593.30000", "2016-03-31": "1568.20000", "2015-12-31": "1446.50000", "2015-09-30": "1385.10000", "2015-06-30": "1490.30000", "2015-03-31": "869.80000", "2014-12-31": "912.10000", "2014-09-30": "947.60000", "2014-06-30": "950.20000", "2014-03-31": "939.10000", "2013-12-31": "936.60000", "2013-09-30": "898.90000", "2013-06-30": "942.50000", "2013-03-31": "912.50000", "2012-12-31": "884.60000", "2012-09-30": "874.90000", "2012-06-30": "906.70000", "2012-03-31": "895.00000", "2011-12-31": "838.80000", "2011-09-30": "827.90000", "2011-06-30": "888.40000", "2011-03-31": "876.30000", "2010-12-31": "775.90000", "2010-09-30": "757.80000", "2010-06-30": "765.10000", "2010-03-31": "767.10000", "2009-12-31": "751.40000", "2009-09-30": "743.20000", "2009-06-30": "768.70000", "2009-03-31": "725.60000", "2008-12-31": "732.80000", "2008-09-30": "691.60000", "2008-06-30": "782.50000", "2008-03-31": "759.30000", "2007-12-31": "674.30000", "2007-09-30": "652.10000", "2007-06-30": "689.70000", "2007-03-31": "692.50000", "2006-12-31": "625.50000", "2006-09-30": "589.40000", "2006-06-30": "639.20000", "2006-03-31": "592.10000", "2005-12-31": "524.20000", "2005-09-30": "541.10000", "2005-06-30": "573.40000", "2005-03-31": "570.60000"}, "Inventory": {"2020-12-31": "2450.70000", "2020-09-30": "2492.20000", "2020-06-30": "2496.50000", "2020-03-31": "2463.20000", "2019-12-31": "2385.00000", "2019-09-30": "2362.30000", "2019-06-30": "2344.50000", "2019-03-31": "2310.20000", "2018-12-31": "2256.50000", "2018-09-30": "2219.50000", "2018-06-30": "2158.50000", "2018-03-31": "2125.90000", "2017-12-31": "2068.30000", "2017-09-30": "2084.20000", "2017-06-30": "2023.90000", "2017-03-31": "1977.00000", "2016-12-31": "1959.40000", "2016-09-30": "2070.00000", "2016-06-30": "1962.10000", "2016-03-31": "2082.90000", "2015-12-31": "2254.10000", "2015-09-30": "2357.80000", "2015-06-30": "2441.40000", "2015-03-31": "1217.00000", "2014-12-31": "1193.30000", "2014-09-30": "1177.50000", "2014-06-30": "1147.20000", "2014-03-31": "1125.90000", "2013-12-31": "1074.50000", "2013-09-30": "1081.90000", "2013-06-30": "1052.90000", "2013-03-31": "1039.10000", "2012-12-31": "995.30000", "2012-09-30": "994.10000", "2012-06-30": "956.00000", "2012-03-31": "937.00000", "2011-12-31": "929.80000", "2011-09-30": "968.40000", "2011-06-30": "975.10000", "2011-03-31": "958.40000", "2010-12-31": "936.40000", "2010-09-30": "925.40000", "2010-06-30": "885.80000", "2010-03-31": "896.50000", "2009-12-31": "913.20000", "2009-09-30": "972.10000", "2009-06-30": "980.90000", "2009-03-31": "947.00000", "2008-12-31": "928.30000", "2008-09-30": "843.00000", "2008-06-30": "800.70000", "2008-03-31": "756.60000", "2007-12-31": "727.80000", "2007-09-30": "732.20000", "2007-06-30": "682.90000", "2007-03-31": "658.80000", "2006-12-31": "638.30000", "2006-09-30": "630.90000", "2006-06-30": "606.10000", "2006-03-31": "599.50000", "2005-12-31": "583.70000", "2005-09-30": "586.60000", "2005-06-30": "568.00000", "2005-03-31": "551.90000"}, "Pre-Paid Expenses": {"2020-12-31": "", "2020-09-30": "352.40000", "2020-06-30": "432.40000", "2020-03-31": "435.00000", "2019-12-31": "357.10000", "2019-09-30": "375.90000", "2019-06-30": "396.50000", "2019-03-31": "376.90000", "2018-12-31": "352.30000", "2018-09-30": "506.50000", "2018-06-30": "500.20000", "2018-03-31": "465.50000", "2017-12-31": "428.00000", "2017-09-30": "549.80000", "2017-06-30": "527.20000", "2017-03-31": "463.30000", "2016-12-31": "465.70000", "2016-09-30": "535.80000", "2016-06-30": "518.90000", "2016-03-31": "420.70000", "2015-12-31": "529.20000", "2015-09-30": "475.80000", "2015-06-30": "551.70000", "2015-03-31": "246.80000", "2014-12-31": "317.20000", "2014-09-30": "136.20000", "2014-06-30": "130.30000", "2014-03-31": "96.30000", "2013-12-31": "107.10000", "2013-09-30": "98.00000", "2013-06-30": "121.30000", "2013-03-31": "100.80000", "2012-12-31": "76.30000", "2012-09-30": "72.30000", "2012-06-30": "83.10000", "2012-03-31": "64.70000", "2011-12-31": "73.70000", "2011-09-30": "68.50000", "2011-06-30": "66.70000", "2011-03-31": "104.10000", "2010-12-31": "127.70000", "2010-09-30": "104.70000", "2010-06-30": "127.60000", "2010-03-31": "118.00000", "2009-12-31": "105.40000", "2009-09-30": "65.50000", "2009-06-30": "81.80000", "2009-03-31": "103.40000", "2008-12-31": "103.90000", "2008-09-30": "56.40000", "2008-06-30": "57.20000", "2008-03-31": "54.30000", "2007-12-31": "59.40000", "2007-09-30": "54.50000", "2007-06-30": "67.30000", "2007-03-31": "54.60000", "2006-12-31": "55.10000", "2006-09-30": "46.20000", "2006-06-30": "50.10000", "2006-03-31": "67.60000", "2005-12-31": "68.70000", "2005-09-30": "37.10000", "2005-06-30": "43.20000", "2005-03-31": "41.40000"}, "Other Current Assets": {"2020-12-31": "377.80000", "2020-09-30": "", "2020-06-30": "", "2020-03-31": "", "2019-12-31": "", "2019-09-30": "", "2019-06-30": "", "2019-03-31": "", "2018-12-31": "", "2018-09-30": "", "2018-06-30": "", "2018-03-31": "", "2017-12-31": "", "2017-09-30": "", "2017-06-30": "", "2017-03-31": "", "2016-12-31": "", "2016-09-30": "", "2016-06-30": "", "2016-03-31": "", "2015-12-31": "", "2015-09-30": "", "2015-06-30": "", "2015-03-31": "", "2014-12-31": "", "2014-09-30": "", "2014-06-30": "", "2014-03-31": "", "2013-12-31": "", "2013-09-30": "", "2013-06-30": "", "2013-03-31": "", "2012-12-31": "", "2012-09-30": "", "2012-06-30": "", "2012-03-31": "", "2011-12-31": "", "2011-09-30": "", "2011-06-30": "", "2011-03-31": "", "2010-12-31": "", "2010-09-30": "", "2010-06-30": "", "2010-03-31": "", "2009-12-31": "", "2009-09-30": "", "2009-06-30": "", "2009-03-31": "", "2008-12-31": "", "2008-09-30": "", "2008-06-30": "", "2008-03-31": "", "2007-12-31": "", "2007-09-30": "", "2007-06-30": "", "2007-03-31": "", "2006-12-31": "", "2006-09-30": "", "2006-06-30": "", "2006-03-31": "", "2005-12-31": "", "2005-09-30": "", "2005-06-30": "", "2005-03-31": ""}, "Total Current Assets": {"2020-12-31": "5083.30000", "2020-09-30": "5152.60000", "2020-06-30": "4706.80000", "2020-03-31": "6370.90000", "2019-12-31": "4723.90000", "2019-09-30": "4401.50000", "2019-06-30": "4391.20000", "2019-03-31": "4499.20000", "2018-12-31": "4427.40000", "2018-09-30": "4513.30000", "2018-06-30": "4475.20000", "2018-03-31": "5775.30000", "2017-12-31": "4564.80000", "2017-09-30": "4433.30000", "2017-06-30": "4424.10000", "2017-03-31": "5079.90000", "2016-12-31": "4663.60000", "2016-09-30": "4698.10000", "2016-06-30": "5050.60000", "2016-03-31": "5082.00000", "2015-12-31": "5853.70000", "2015-09-30": "6394.70000", "2015-06-30": "6751.50000", "2015-03-31": "11917.20000", "2014-12-31": "4313.30000", "2014-09-30": "4332.70000", "2014-06-30": "4229.80000", "2014-03-31": "4046.70000", "2013-12-31": "4197.70000", "2013-09-30": "3837.20000", "2013-06-30": "3591.70000", "2013-03-31": "3464.00000", "2012-12-31": "3708.70000", "2012-09-30": "3631.90000", "2012-06-30": "3478.30000", "2012-03-31": "3322.50000", "2011-12-31": "3276.60000", "2011-09-30": "3073.30000", "2011-06-30": "3108.30000", "2011-03-31": "3030.70000", "2010-12-31": "3009.70000", "2010-09-30": "3007.30000", "2010-06-30": "2982.80000", "2010-03-31": "2873.80000", "2009-12-31": "2738.00000", "2009-09-30": "2448.80000", "2009-06-30": "2328.70000", "2009-03-31": "2195.70000", "2008-12-31": "2178.60000", "2008-09-30": "2333.30000", "2008-06-30": "2208.10000", "2008-03-31": "2222.60000", "2007-12-31": "2082.70000", "2007-09-30": "1899.90000", "2007-06-30": "1949.30000", "2007-03-31": "1886.60000", "2006-12-31": "1746.20000", "2006-09-30": "1706.30000", "2006-06-30": "1792.40000", "2006-03-31": "1826.40000", "2005-12-31": "1575.60000", "2005-09-30": "1500.50000", "2005-06-30": "1492.20000", "2005-03-31": "1478.50000"}, "Property, Plant, And Equipment": {"2020-12-31": "2047.70000", "2020-09-30": "2042.50000", "2020-06-30": "2056.50000", "2020-03-31": "2065.50000", "2019-12-31": "2077.40000", "2019-09-30": "2055.30000", "2019-06-30": "2035.80000", "2019-03-31": "2014.00000", "2018-12-31": "2015.40000", "2018-09-30": "2002.40000", "2018-06-30": "1986.90000", "2018-03-31": "2031.30000", "2017-12-31": "2038.60000", "2017-09-30": "2048.60000", "2017-06-30": "2057.40000", "2017-03-31": "2053.20000", "2016-12-31": "2037.90000", "2016-09-30": "2080.80000", "2016-06-30": "2033.80000", "2016-03-31": "2039.00000", "2015-12-31": "2062.60000", "2015-09-30": "1989.00000", "2015-06-30": "1998.60000", "2015-03-31": "1300.70000", "2014-12-31": "1285.30000", "2014-09-30": "1279.00000", "2014-06-30": "1275.40000", "2014-03-31": "1235.60000", "2013-12-31": "1224.70000", "2013-09-30": "1234.10000", "2013-06-30": "1225.20000", "2013-03-31": "1219.50000", "2012-12-31": "1210.70000", "2012-09-30": "1185.60000", "2012-06-30": "1176.80000", "2012-03-31": "1192.70000", "2011-12-31": "1207.30000", "2011-09-30": "1210.30000", "2011-06-30": "1213.00000", "2011-03-31": "1218.30000", "2010-12-31": "1213.80000", "2010-09-30": "1177.40000", "2010-06-30": "1170.60000", "2010-03-31": "1190.50000", "2009-12-31": "1221.70000", "2009-09-30": "1239.70000", "2009-06-30": "1254.40000", "2009-03-31": "1257.20000", "2008-12-31": "1264.10000", "2008-09-30": "1188.00000", "2008-06-30": "1113.70000", "2008-03-31": "1039.00000", "2007-12-31": "971.90000", "2007-09-30": "914.00000", "2007-06-30": "865.90000", "2007-03-31": "820.60000", "2006-12-31": "807.10000", "2006-09-30": "751.10000", "2006-06-30": "725.00000", "2006-03-31": "701.00000", "2005-12-31": "708.80000", "2005-09-30": "703.70000", "2005-06-30": "676.60000", "2005-03-31": "643.10000"}, "Long-Term Investments": {"2020-12-31": "", "2020-09-30": "", "2020-06-30": "", "2020-03-31": "", "2019-12-31": "", "2019-09-30": "", "2019-06-30": "", "2019-03-31": "", "2018-12-31": "", "2018-09-30": "", "2018-06-30": "", "2018-03-31": "", "2017-12-31": "", "2017-09-30": "", "2017-06-30": "", "2017-03-31": "", "2016-12-31": "", "2016-09-30": "", "2016-06-30": "", "2016-03-31": "", "2015-12-31": "", "2015-09-30": "", "2015-06-30": "", "2015-03-31": "", "2014-12-31": "", "2014-09-30": "", "2014-06-30": "", "2014-03-31": "", "2013-12-31": "", "2013-09-30": "", "2013-06-30": "", "2013-03-31": "", "2012-12-31": "", "2012-09-30": "", "2012-06-30": "", "2012-03-31": "", "2011-12-31": "", "2011-09-30": "", "2011-06-30": "", "2011-03-31": "", "2010-12-31": "", "2010-09-30": "", "2010-06-30": "", "2010-03-31": "", "2009-12-31": "", "2009-09-30": "", "2009-06-30": "", "2009-03-31": "", "2008-12-31": "", "2008-09-30": "", "2008-06-30": "", "2008-03-31": "", "2007-12-31": "", "2007-09-30": "", "2007-06-30": "", "2007-03-31": "", "2006-12-31": "", "2006-09-30": "", "2006-06-30": "", "2006-03-31": "", "2005-12-31": "", "2005-09-30": "", "2005-06-30": "", "2005-03-31": ""}, "Goodwill And Intangible Assets": {"2020-12-31": "16317.30000", "2020-09-30": "15889.40000", "2020-06-30": "15919.80000", "2020-03-31": "16028.90000", "2019-12-31": "16857.30000", "2019-09-30": "16884.80000", "2019-06-30": "17117.90000", "2019-03-31": "17092.50000", "2018-12-31": "17279.00000", "2018-09-30": "18421.00000", "2018-06-30": "18592.50000", "2018-03-31": "18964.80000", "2017-12-31": "19021.80000", "2017-09-30": "19369.80000", "2017-06-30": "19409.50000", "2017-03-31": "19335.70000", "2016-12-31": "19429.30000", "2016-09-30": "19771.20000", "2016-06-30": "18363.50000", "2016-03-31": "18617.10000", "2015-12-31": "18680.50000", "2015-09-30": "17503.20000", "2015-06-30": "17672.20000", "2015-03-31": "2995.30000", "2014-12-31": "3117.70000", "2014-09-30": "3153.40000", "2014-06-30": "3257.60000", "2014-03-31": "3294.30000", "2013-12-31": "3318.90000", "2013-09-30": "3315.00000", "2013-06-30": "3296.40000", "2013-03-31": "3257.50000", "2012-12-31": "3312.50000", "2012-09-30": "3409.10000", "2012-06-30": "3386.40000", "2012-03-31": "3442.60000", "2011-12-31": "3424.50000", "2011-09-30": "3429.00000", "2011-06-30": "3505.50000", "2011-03-31": "3507.30000", "2010-12-31": "3407.90000", "2010-09-30": "3552.80000", "2010-06-30": "3456.10000", "2010-03-31": "3546.30000", "2009-12-31": "3641.50000", "2009-09-30": "3757.10000", "2009-06-30": "3689.20000", "2009-03-31": "3611.90000", "2008-12-31": "3646.90000", "2008-09-30": "3362.90000", "2008-06-30": "3443.20000", "2008-03-31": "3447.50000", "2007-12-31": "3365.20000", "2007-09-30": "3298.70000", "2007-06-30": "3256.20000", "2007-03-31": "3175.10000", "2006-12-31": "3228.20000", "2006-09-30": "3263.70000", "2006-06-30": "3262.40000", "2006-03-31": "3194.30000", "2005-12-31": "3185.40000", "2005-09-30": "3236.70000", "2005-06-30": "3213.30000", "2005-03-31": "3284.10000"}, "Other Long-Term Assets": {"2020-12-31": "969.40000", "2020-09-30": "941.00000", "2020-06-30": "964.50000", "2020-03-31": "1047.60000", "2019-12-31": "980.10000", "2019-09-30": "973.60000", "2019-06-30": "660.80000", "2019-03-31": "683.30000", "2018-12-31": "405.00000", "2018-09-30": "445.30000", "2018-06-30": "436.20000", "2018-03-31": "409.80000", "2017-12-31": "388.80000", "2017-09-30": "565.80000", "2017-06-30": "568.20000", "2017-03-31": "519.00000", "2016-12-31": "553.60000", "2016-09-30": "486.40000", "2016-06-30": "523.40000", "2016-03-31": "559.20000", "2015-12-31": "563.80000", "2015-09-30": "802.20000", "2015-06-30": "781.70000", "2015-03-31": "976.90000", "2014-12-31": "941.70000", "2014-09-30": "905.80000", "2014-06-30": "875.50000", "2014-03-31": "803.50000", "2013-12-31": "839.30000", "2013-09-30": "971.10000", "2013-06-30": "984.10000", "2013-03-31": "803.60000", "2012-12-31": "780.50000", "2012-09-30": "557.50000", "2012-06-30": "575.00000", "2012-03-31": "645.90000", "2011-12-31": "606.90000", "2011-09-30": "486.20000", "2011-06-30": "422.40000", "2011-03-31": "361.40000", "2010-12-31": "368.50000", "2010-09-30": "266.20000", "2010-06-30": "217.80000", "2010-03-31": "211.40000", "2009-12-31": "184.30000", "2009-09-30": "202.50000", "2009-06-30": "189.80000", "2009-03-31": "167.10000", "2008-12-31": "149.40000", "2008-09-30": "194.60000", "2008-06-30": "177.40000", "2008-03-31": "210.10000", "2007-12-31": "213.90000", "2007-09-30": "254.60000", "2007-06-30": "249.40000", "2007-03-31": "215.60000", "2006-12-31": "192.90000", "2006-09-30": "187.40000", "2006-06-30": "183.80000", "2006-03-31": "195.50000", "2005-12-31": "252.10000", "2005-09-30": "180.70000", "2005-06-30": "169.40000", "2005-03-31": "185.70000"}, "Total Long-Term Assets": {"2020-12-31": "19334.40000", "2020-09-30": "18872.90000", "2020-06-30": "18940.80000", "2020-03-31": "19142.00000", "2019-12-31": "19914.80000", "2019-09-30": "19913.70000", "2019-06-30": "19814.50000", "2019-03-31": "19789.80000", "2018-12-31": "19699.40000", "2018-09-30": "20868.70000", "2018-06-30": "21015.60000", "2018-03-31": "21405.90000", "2017-12-31": "21449.20000", "2017-09-30": "21984.20000", "2017-06-30": "22035.10000", "2017-03-31": "21907.90000", "2016-12-31": "22020.80000", "2016-09-30": "22338.40000", "2016-06-30": "20920.70000", "2016-03-31": "21215.30000", "2015-12-31": "21306.90000", "2015-09-30": "20294.40000", "2015-06-30": "20452.50000", "2015-03-31": "5272.90000", "2014-12-31": "5344.70000", "2014-09-30": "5338.20000", "2014-06-30": "5408.50000", "2014-03-31": "5333.40000", "2013-12-31": "5382.89900", "2013-09-30": "5520.20000", "2013-06-30": "5505.70000", "2013-03-31": "5280.60000", "2012-12-31": "5303.70000", "2012-09-30": "5152.20000", "2012-06-30": "5138.20000", "2012-03-31": "5281.20000", "2011-12-31": "5238.70000", "2011-09-30": "5125.50000", "2011-06-30": "5140.90000", "2011-03-31": "5087.00000", "2010-12-31": "4990.20000", "2010-09-30": "4996.40000", "2010-06-30": "4844.50000", "2010-03-31": "4948.20000", "2009-12-31": "5047.50000", "2009-09-30": "5199.30000", "2009-06-30": "5133.40000", "2009-03-31": "5036.20000", "2008-12-31": "5060.40000", "2008-09-30": "4745.50000", "2008-06-30": "4734.30000", "2008-03-31": "4696.60000", "2007-12-31": "4551.00000", "2007-09-30": "4467.30000", "2007-06-30": "4371.50000", "2007-03-31": "4211.30000", "2006-12-31": "4228.20000", "2006-09-30": "4202.20000", "2006-06-30": "4171.20000", "2006-03-31": "4090.80000", "2005-12-31": "4146.30000", "2005-09-30": "4121.10000", "2005-06-30": "4059.30000", "2005-03-31": "4112.90000"}, "Total Assets": {"2020-12-31": "24417.70000", "2020-09-30": "24025.50000", "2020-06-30": "23647.60000", "2020-03-31": "25512.90000", "2019-12-31": "24638.70000", "2019-09-30": "24315.20000", "2019-06-30": "24205.70000", "2019-03-31": "24289.00000", "2018-12-31": "24126.80000", "2018-09-30": "25382.00000", "2018-06-30": "25490.80000", "2018-03-31": "27181.20000", "2017-12-31": "26014.00000", "2017-09-30": "26417.50000", "2017-06-30": "26459.20000", "2017-03-31": "26987.80000", "2016-12-31": "26684.40000", "2016-09-30": "27036.50000", "2016-06-30": "25971.30000", "2016-03-31": "26297.30000", "2015-12-31": "27160.60000", "2015-09-30": "26689.10000", "2015-06-30": "27204.00000", "2015-03-31": "17190.10000", "2014-12-31": "9658.00000", "2014-09-30": "9670.90000", "2014-06-30": "9638.30000", "2014-03-31": "9380.10000", "2013-12-31": "9580.60000", "2013-09-30": "9357.40000", "2013-06-30": "9097.40000", "2013-03-31": "8744.60000", "2012-12-31": "9012.40000", "2012-09-30": "8784.10000", "2012-06-30": "8616.50000", "2012-03-31": "8603.70000", "2011-12-31": "8515.30000", "2011-09-30": "8198.80000", "2011-06-30": "8249.20000", "2011-03-31": "8117.70000", "2010-12-31": "7999.90000", "2010-09-30": "8003.70000", "2010-06-30": "7827.30000", "2010-03-31": "7822.00000", "2009-12-31": "7785.50000", "2009-09-30": "7648.10000", "2009-06-30": "7462.10000", "2009-03-31": "7231.90000", "2008-12-31": "7239.00000", "2008-09-30": "7078.80000", "2008-06-30": "6942.40000", "2008-03-31": "6919.20000", "2007-12-31": "6633.70000", "2007-09-30": "6367.20000", "2007-06-30": "6320.80000", "2007-03-31": "6097.90000", "2006-12-31": "5974.40000", "2006-09-30": "5908.50000", "2006-06-30": "5963.60000", "2006-03-31": "5917.20000", "2005-12-31": "5721.90000", "2005-09-30": "5621.60000", "2005-06-30": "5551.50000", "2005-03-31": "5591.40000"}, "Total Current Liabilities": {"2020-12-31": "2556.90000", "2020-09-30": "2266.20000", "2020-06-30": "2161.20000", "2020-03-31": "3779.60000", "2019-12-31": "3441.50000", "2019-09-30": "3773.90000", "2019-06-30": "3677.80000", "2019-03-31": "2255.00000", "2018-12-31": "2421.30000", "2018-09-30": "2391.20000", "2018-06-30": "1853.60000", "2018-03-31": "3424.50000", "2017-12-31": "3069.70000", "2017-09-30": "3010.20000", "2017-06-30": "2996.40000", "2017-03-31": "2656.10000", "2016-12-31": "2381.50000", "2016-09-30": "2312.10000", "2016-06-30": "2101.20000", "2016-03-31": "1514.60000", "2015-12-31": "1617.90000", "2015-09-30": "1786.50000", "2015-06-30": "2163.10000", "2015-03-31": "908.70000", "2014-12-31": "1024.00000", "2014-09-30": "1093.00000", "2014-06-30": "952.90000", "2014-03-31": "918.70000", "2013-12-31": "1031.60000", "2013-09-30": "804.20000", "2013-06-30": "804.30000", "2013-03-31": "763.30000", "2012-12-31": "866.00000", "2012-09-30": "755.50000", "2012-06-30": "683.10000", "2012-03-31": "861.80000", "2011-12-31": "867.10000", "2011-09-30": "674.60000", "2011-06-30": "679.00000", "2011-03-31": "713.40000", "2010-12-31": "702.50000", "2010-09-30": "698.60000", "2010-06-30": "601.80000", "2010-03-31": "655.20000", "2009-12-31": "690.70000", "2009-09-30": "676.70000", "2009-06-30": "669.20000", "2009-03-31": "703.60000", "2008-12-31": "771.10000", "2008-09-30": "838.50000", "2008-06-30": "807.90000", "2008-03-31": "789.20000", "2007-12-31": "748.60000", "2007-09-30": "707.30000", "2007-06-30": "642.90000", "2007-03-31": "598.90000", "2006-12-31": "628.20000", "2006-09-30": "678.80000", "2006-06-30": "631.50000", "2006-03-31": "569.80000", "2005-12-31": "606.90000", "2005-09-30": "655.50000", "2005-06-30": "613.90000", "2005-03-31": "608.00000"}, "Long Term Debt": {"2020-12-31": "7626.50000", "2020-09-30": "7840.20000", "2020-06-30": "7759.30000", "2020-03-31": "7724.20000", "2019-12-31": "6721.40000", "2019-09-30": "6345.90000", "2019-06-30": "6719.30000", "2019-03-31": "8310.60000", "2018-12-31": "8413.70000", "2018-09-30": "8597.40000", "2018-06-30": "9413.30000", "2018-03-31": "9486.90000", "2017-12-31": "8917.50000", "2017-09-30": "9199.70000", "2017-06-30": "9354.40000", "2017-03-31": "10537.80000", "2016-12-31": "10665.80000", "2016-09-30": "11006.20000", "2016-06-30": "10533.50000", "2016-03-31": "11117.40000", "2015-12-31": "11497.40000", "2015-09-30": "11689.60000", "2015-06-30": "11749.80000", "2015-03-31": "9061.20000", "2014-12-31": "1425.50000", "2014-09-30": "1426.40000", "2014-06-30": "1687.40000", "2014-03-31": "1680.10000", "2013-12-31": "1672.30000", "2013-09-30": "1686.00000", "2013-06-30": "1688.10000", "2013-03-31": "1702.80000", "2012-12-31": "1720.80000", "2012-09-30": "1734.10000", "2012-06-30": "1726.50000", "2012-03-31": "1572.80000", "2011-12-31": "1576.00000", "2011-09-30": "1543.50000", "2011-06-30": "1147.30000", "2011-03-31": "1140.20000", "2010-12-31": "1142.10000", "2010-09-30": "1138.60000", "2010-06-30": "1130.60000", "2010-03-31": "1127.00000", "2009-12-31": "1127.60000", "2009-09-30": "600.20000", "2009-06-30": "653.50000", "2009-03-31": "660.40000", "2008-12-31": "460.10000", "2008-09-30": "331.10000", "2008-06-30": "329.30000", "2008-03-31": "116.90000", "2007-12-31": "104.30000", "2007-09-30": "103.20000", "2007-06-30": "95.20000", "2007-03-31": "100.00000", "2006-12-31": "99.60000", "2006-09-30": "100.90000", "2006-06-30": "82.60000", "2006-03-31": "81.50000", "2005-12-31": "81.60000", "2005-09-30": "85.80000", "2005-06-30": "268.10000", "2005-03-31": "426.30000"}, "Other Non-Current Liabilities": {"2020-12-31": "2034.90000", "2020-09-30": "1293.10000", "2020-06-30": "1278.30000", "2020-03-31": "1268.80000", "2019-12-31": "1242.90000", "2019-09-30": "1197.70000", "2019-06-30": "1196.50000", "2019-03-31": "1193.90000", "2018-12-31": "1016.20000", "2018-09-30": "1116.40000", "2018-06-30": "1098.80000", "2018-03-31": "1178.20000", "2017-12-31": "1189.80000", "2017-09-30": "877.60000", "2017-06-30": "919.80000", "2017-03-31": "887.10000", "2016-12-31": "936.30000", "2016-09-30": "887.50000", "2016-06-30": "963.10000", "2016-03-31": "989.20000", "2015-12-31": "1005.70000", "2015-09-30": "870.80000", "2015-06-30": "802.00000", "2015-03-31": "637.20000", "2014-12-31": "610.90000", "2014-09-30": "610.10000", "2014-06-30": "545.70000", "2014-03-31": "543.60000", "2013-12-31": "576.60000", "2013-09-30": "728.20000", "2013-06-30": "715.40000", "2013-03-31": "566.10000", "2012-12-31": "559.30000", "2012-09-30": "463.60000", "2012-06-30": "494.70000", "2012-03-31": "507.50000", "2011-12-31": "557.40000", "2011-09-30": "372.00000", "2011-06-30": "407.10000", "2011-03-31": "399.80000", "2010-12-31": "384.00000", "2010-09-30": "344.60000", "2010-06-30": "360.40000", "2010-03-31": "325.90000", "2009-12-31": "328.50000", "2009-09-30": "392.50000", "2009-06-30": "333.80000", "2009-03-31": "312.50000", "2008-12-31": "353.90000", "2008-09-30": "284.40000", "2008-06-30": "296.90000", "2008-03-31": "303.60000", "2007-12-31": "328.40000", "2007-09-30": "301.00000", "2007-06-30": "296.80000", "2007-03-31": "280.00000", "2006-12-31": "323.40000", "2006-09-30": "322.20000", "2006-06-30": "351.00000", "2006-03-31": "339.30000", "2005-12-31": "348.30000", "2005-09-30": "371.90000", "2005-06-30": "363.10000", "2005-03-31": "402.00000"}, "Total Long Term Liabilities": {"2020-12-31": "9661.40000", "2020-09-30": "9881.10000", "2020-06-30": "9842.50000", "2020-03-31": "9850.60000", "2019-12-31": "8804.40000", "2019-09-30": "8455.80000", "2019-06-30": "8865.69900", "2019-03-31": "10494.70000", "2018-12-31": "10429.40000", "2018-09-30": "10767.80000", "2018-06-30": "11593.00000", "2018-03-31": "11757.20000", "2017-12-31": "11208.80000", "2017-09-30": "12957.10000", "2017-06-30": "13183.30000", "2017-03-31": "14397.50000", "2016-12-31": "14633.00000", "2016-09-30": "14978.20000", "2016-06-30": "14320.80000", "2016-03-31": "15121.70000", "2015-12-31": "15653.30000", "2015-09-30": "14909.30000", "2015-06-30": "14915.00000", "2015-03-31": "9698.40000", "2014-12-31": "2082.30000", "2014-09-30": "2036.50000", "2014-06-30": "2233.10000", "2014-03-31": "2223.70000", "2013-12-31": "2248.90000", "2013-09-30": "2414.20000", "2013-06-30": "2403.50000", "2013-03-31": "2268.90000", "2012-12-31": "2280.10000", "2012-09-30": "2197.70000", "2012-06-30": "2221.20000", "2012-03-31": "2080.30000", "2011-12-31": "2133.40000", "2011-09-30": "1915.50000", "2011-06-30": "1554.40000", "2011-03-31": "1540.00000", "2010-12-31": "1526.10000", "2010-09-30": "1483.20000", "2010-06-30": "1491.00000", "2010-03-31": "1452.90000", "2009-12-31": "1456.10000", "2009-09-30": "992.70000", "2009-06-30": "987.30000", "2009-03-31": "972.90000", "2008-12-31": "814.00000", "2008-09-30": "619.00000", "2008-06-30": "629.50000", "2008-03-31": "423.50000", "2007-12-31": "435.50000", "2007-09-30": "406.70000", "2007-06-30": "394.60000", "2007-03-31": "382.40000", "2006-12-31": "425.70000", "2006-09-30": "425.70000", "2006-06-30": "436.30000", "2006-03-31": "423.30000", "2005-12-31": "432.20000", "2005-09-30": "459.70000", "2005-06-30": "633.00000", "2005-03-31": "829.90000"}, "Total Liabilities": {"2020-12-31": "12218.30000", "2020-09-30": "12147.30000", "2020-06-30": "12003.70000", "2020-03-31": "13630.20000", "2019-12-31": "12245.90000", "2019-09-30": "12229.70000", "2019-06-30": "12543.50000", "2019-03-31": "12749.70000", "2018-12-31": "12850.70000", "2018-09-30": "13159.00000", "2018-06-30": "13446.60000", "2018-03-31": "15181.70000", "2017-12-31": "14278.50000", "2017-09-30": "15967.30000", "2017-06-30": "16179.70000", "2017-03-31": "17053.60000", "2016-12-31": "17014.50000", "2016-09-30": "17290.30000", "2016-06-30": "16422.00000", "2016-03-31": "16636.30000", "2015-12-31": "17271.20000", "2015-09-30": "16695.80000", "2015-06-30": "17078.10000", "2015-03-31": "10607.10000", "2014-12-31": "3106.30000", "2014-09-30": "3129.50000", "2014-06-30": "3186.00000", "2014-03-31": "3142.40000", "2013-12-31": "3280.50000", "2013-09-30": "3218.40000", "2013-06-30": "3207.80000", "2013-03-31": "3032.20000", "2012-12-31": "3146.10000", "2012-09-30": "2953.20000", "2012-06-30": "2904.30000", "2012-03-31": "2942.10000", "2011-12-31": "3000.50000", "2011-09-30": "2590.10000", "2011-06-30": "2233.40000", "2011-03-31": "2253.40000", "2010-12-31": "2228.60000", "2010-09-30": "2181.80000", "2010-06-30": "2092.80000", "2010-03-31": "2108.10000", "2009-12-31": "2146.80000", "2009-09-30": "1669.40000", "2009-06-30": "1656.50000", "2009-03-31": "1676.50000", "2008-12-31": "1585.10000", "2008-09-30": "1457.50000", "2008-06-30": "1437.40000", "2008-03-31": "1212.70000", "2007-12-31": "1184.10000", "2007-09-30": "1114.00000", "2007-06-30": "1037.50000", "2007-03-31": "981.30000", "2006-12-31": "1053.90000", "2006-09-30": "1104.50000", "2006-06-30": "1067.80000", "2006-03-31": "993.10000", "2005-12-31": "1039.10000", "2005-09-30": "1115.20000", "2005-06-30": "1246.90000", "2005-03-31": "1437.90000"}, "Common Stock Net": {"2020-12-31": "", "2020-09-30": "3.10000", "2020-06-30": "3.10000", "2020-03-31": "3.10000", "2019-12-31": "3.10000", "2019-09-30": "3.10000", "2019-06-30": "3.10000", "2019-03-31": "3.10000", "2018-12-31": "3.10000", "2018-09-30": "3.10000", "2018-06-30": "3.10000", "2018-03-31": "3.10000", "2017-12-31": "3.10000", "2017-09-30": "3.00000", "2017-06-30": "3.00000", "2017-03-31": "3.10000", "2016-12-31": "3.10000", "2016-09-30": "3.00000", "2016-06-30": "3.00000", "2016-03-31": "3.00000", "2015-12-31": "3.00000", "2015-09-30": "3.00000", "2015-06-30": "3.00000", "2015-03-31": "2.70000", "2014-12-31": "2.70000", "2014-09-30": "2.70000", "2014-06-30": "2.70000", "2014-03-31": "2.60000", "2013-12-31": "2.60000", "2013-09-30": "2.60000", "2013-06-30": "2.60000", "2013-03-31": "2.60000", "2012-12-31": "2.60000", "2012-09-30": "2.60000", "2012-06-30": "2.60000", "2012-03-31": "2.60000", "2011-12-31": "2.50000", "2011-09-30": "2.50000", "2011-06-30": "2.50000", "2011-03-31": "2.50000", "2010-12-31": "2.50000", "2010-09-30": "2.50000", "2010-06-30": "2.50000", "2010-03-31": "2.50000", "2009-12-31": "2.50000", "2009-09-30": "2.50000", "2009-06-30": "2.50000", "2009-03-31": "2.50000", "2008-12-31": "2.50000", "2008-09-30": "2.50000", "2008-06-30": "2.50000", "2008-03-31": "2.50000", "2007-12-31": "2.50000", "2007-09-30": "2.50000", "2007-06-30": "2.50000", "2007-03-31": "2.50000", "2006-12-31": "2.50000", "2006-09-30": "2.50000", "2006-06-30": "2.50000", "2006-03-31": "2.50000", "2005-12-31": "2.50000", "2005-09-30": "2.50000", "2005-06-30": "2.50000", "2005-03-31": "2.50000"}, "Retained Earnings (Accumulated Deficit)": {"2020-12-31": "", "2020-09-30": "9802.90000", "2020-06-30": "9610.00000", "2020-03-31": "9866.20000", "2019-12-31": "10427.30000", "2019-09-30": "10155.30000", "2019-06-30": "9772.70000", "2019-03-31": "9688.10000", "2018-12-31": "9491.20000", "2018-09-30": "10441.20000", "2018-06-30": "10327.90000", "2018-03-31": "10191.70000", "2017-12-31": "10022.80000", "2017-09-30": "8837.20000", "2017-06-30": "8787.60000", "2017-03-31": "8649.60000", "2016-12-31": "8467.10000", "2016-09-30": "8442.70000", "2016-06-30": "8331.90000", "2016-03-31": "8407.50000", "2015-12-31": "8347.70000", "2015-09-30": "8264.80000", "2015-06-30": "8232.30000", "2015-03-31": "8426.80000", "2014-12-31": "8362.10000", "2014-09-30": "8165.90000", "2014-06-30": "8036.50000", "2014-03-31": "7897.30000", "2013-12-31": "7712.70000", "2013-09-30": "7510.60000", "2013-06-30": "7389.20000", "2013-03-31": "7271.00000", "2012-12-31": "7085.90000", "2012-09-30": "6966.30000", "2012-06-30": "6819.40000", "2012-03-31": "6636.30000", "2011-12-31": "6426.80000", "2011-09-30": "6302.80000", "2011-06-30": "6111.30000", "2011-03-31": "5908.30000", "2010-12-31": "5699.40000", "2010-09-30": "5664.50000", "2010-06-30": "5473.40000", "2010-03-31": "5307.90000", "2009-12-31": "5102.50000", "2009-09-30": "4947.70000", "2009-06-30": "4797.80000", "2009-03-31": "4587.70000", "2008-12-31": "4385.50000", "2008-09-30": "4218.00000", "2008-06-30": "4003.30000", "2008-03-31": "3776.20000", "2007-12-31": "3536.90000", "2007-09-30": "3273.10000", "2007-06-30": "3228.60000", "2007-03-31": "2997.10000", "2006-12-31": "2768.50000", "2006-09-30": "2523.90000", "2006-06-30": "2340.50000", "2006-03-31": "2139.60000", "2005-12-31": "1934.00000", "2005-09-30": "1734.40000", "2005-06-30": "1565.80000", "2005-03-31": "1375.10000"}, "Comprehensive Income": {"2020-12-31": "", "2020-09-30": "-287.00000", "2020-06-30": "-265.80000", "2020-03-31": "-255.10000", "2019-12-31": "-241.90000", "2019-09-30": "-223.20000", "2019-06-30": "-171.80000", "2019-03-31": "-183.50000", "2018-12-31": "-187.40000", "2018-09-30": "-168.10000", "2018-06-30": "-163.00000", "2018-03-31": "-51.30000", "2017-12-31": "-83.20000", "2017-09-30": "-159.90000", "2017-06-30": "-264.40000", "2017-03-31": "-423.80000", "2016-12-31": "-434.00000", "2016-09-30": "-303.40000", "2016-06-30": "-339.30000", "2016-03-31": "-242.90000", "2015-12-31": "-329.00000", "2015-09-30": "-253.10000", "2015-06-30": "-40.50000", "2015-03-31": "-31.50000", "2014-12-31": "38.10000", "2014-09-30": "268.50000", "2014-06-30": "356.10000", "2014-03-31": "375.70000", "2013-12-31": "367.10000", "2013-09-30": "324.80000", "2013-06-30": "296.90000", "2013-03-31": "316.10000", "2012-12-31": "343.90000", "2012-09-30": "311.20000", "2012-06-30": "275.50000", "2012-03-31": "327.60000", "2011-12-31": "271.40000", "2011-09-30": "370.10000", "2011-06-30": "447.50000", "2011-03-31": "409.70000", "2010-12-31": "321.00000", "2010-09-30": "325.30000", "2010-06-30": "224.10000", "2010-03-31": "304.90000", "2009-12-31": "358.60000", "2009-09-30": "351.20000", "2009-06-30": "282.40000", "2009-03-31": "228.70000", "2008-12-31": "240.00000", "2008-09-30": "354.70000", "2008-06-30": "423.20000", "2008-03-31": "412.40000", "2007-12-31": "290.30000", "2007-09-30": "264.90000", "2007-06-30": "213.20000", "2007-03-31": "223.30000", "2006-12-31": "209.20000", "2006-09-30": "211.80000", "2006-06-30": "202.10000", "2006-03-31": "153.50000", "2005-12-31": "149.30000", "2005-09-30": "170.70000", "2005-06-30": "166.40000", "2005-03-31": "217.00000"}, "Other Share Holders Equity": {"2020-12-31": "", "2020-09-30": "", "2020-06-30": "", "2020-03-31": "", "2019-12-31": "", "2019-09-30": "", "2019-06-30": "", "2019-03-31": "", "2018-12-31": "", "2018-09-30": "", "2018-06-30": "", "2018-03-31": "", "2017-12-31": "", "2017-09-30": "", "2017-06-30": "", "2017-03-31": "", "2016-12-31": "", "2016-09-30": "", "2016-06-30": "", "2016-03-31": "", "2015-12-31": "", "2015-09-30": "", "2015-06-30": "", "2015-03-31": "", "2014-12-31": "", "2014-09-30": "", "2014-06-30": "", "2014-03-31": "", "2013-12-31": "", "2013-09-30": "", "2013-06-30": "", "2013-03-31": "", "2012-12-31": "", "2012-09-30": "", "2012-06-30": "", "2012-03-31": "", "2011-12-31": "", "2011-09-30": "", "2011-06-30": "", "2011-03-31": "", "2010-12-31": "", "2010-09-30": "", "2010-06-30": "", "2010-03-31": "", "2009-12-31": "", "2009-09-30": "", "2009-06-30": "", "2009-03-31": "", "2008-12-31": "", "2008-09-30": "", "2008-06-30": "", "2008-03-31": "", "2007-12-31": "", "2007-09-30": "", "2007-06-30": "", "2007-03-31": "", "2006-12-31": "", "2006-09-30": "", "2006-06-30": "", "2006-03-31": "", "2005-12-31": "", "2005-09-30": "", "2005-06-30": "", "2005-03-31": ""}, "Share Holder Equity": {"2020-12-31": "12199.40000", "2020-09-30": "11878.20000", "2020-06-30": "11643.90000", "2020-03-31": "11882.70000", "2019-12-31": "12392.80000", "2019-09-30": "12085.50000", "2019-06-30": "11662.20000", "2019-03-31": "11539.30000", "2018-12-31": "11276.10000", "2018-09-30": "12223.00000", "2018-06-30": "12044.20000", "2018-03-31": "11999.50000", "2017-12-31": "11735.50000", "2017-09-30": "10450.20000", "2017-06-30": "10279.50000", "2017-03-31": "9934.20000", "2016-12-31": "9669.90000", "2016-09-30": "9746.20000", "2016-06-30": "9549.30000", "2016-03-31": "9661.00000", "2015-12-31": "9889.40000", "2015-09-30": "9993.30000", "2015-06-30": "10125.90000", "2015-03-31": "6583.00000", "2014-12-31": "6551.70000", "2014-09-30": "6541.40000", "2014-06-30": "6452.30000", "2014-03-31": "6237.70000", "2013-12-31": "6300.10000", "2013-09-30": "6139.00000", "2013-06-30": "5889.60000", "2013-03-31": "5712.40000", "2012-12-31": "5866.30000", "2012-09-30": "5830.90000", "2012-06-30": "5712.20000", "2012-03-31": "5661.60000", "2011-12-31": "5514.80000", "2011-09-30": "5608.70000", "2011-06-30": "6015.80000", "2011-03-31": "5864.30000", "2010-12-31": "5771.30000", "2010-09-30": "5821.90000", "2010-06-30": "5734.50000", "2010-03-31": "5713.90000", "2009-12-31": "5638.70000", "2009-09-30": "5978.70000", "2009-06-30": "5805.60000", "2009-03-31": "5555.40000", "2008-12-31": "5653.90000", "2008-09-30": "5621.30000", "2008-06-30": "5505.00000", "2008-03-31": "5706.50000", "2007-12-31": "5449.60000", "2007-09-30": "5253.20000", "2007-06-30": "5283.30000", "2007-03-31": "5116.60000", "2006-12-31": "4920.50000", "2006-09-30": "4804.00000", "2006-06-30": "4895.80000", "2006-03-31": "4924.10000", "2005-12-31": "4682.80000", "2005-09-30": "4506.40000", "2005-06-30": "4304.60000", "2005-03-31": "4153.50000"}, "Total Liabilities And Share Holders Equity": {"2020-12-31": "24417.70000", "2020-09-30": "24025.50000", "2020-06-30": "23647.60000", "2020-03-31": "25512.90000", "2019-12-31": "24638.70000", "2019-09-30": "24315.20000", "2019-06-30": "24205.70000", "2019-03-31": "24289.00000", "2018-12-31": "24126.80000", "2018-09-30": "25382.00000", "2018-06-30": "25490.80000", "2018-03-31": "27181.20000", "2017-12-31": "26014.00000", "2017-09-30": "26417.50000", "2017-06-30": "26459.20000", "2017-03-31": "26987.80000", "2016-12-31": "26684.40000", "2016-09-30": "27036.50000", "2016-06-30": "25971.30000", "2016-03-31": "26297.30000", "2015-12-31": "27160.60000", "2015-09-30": "26689.10000", "2015-06-30": "27204.00000", "2015-03-31": "17190.10000", "2014-12-31": "9658.00000", "2014-09-30": "9670.90000", "2014-06-30": "9638.30000", "2014-03-31": "9380.10000", "2013-12-31": "9580.60000", "2013-09-30": "9357.40000", "2013-06-30": "9097.40000", "2013-03-31": "8744.60000", "2012-12-31": "9012.40000", "2012-09-30": "8784.10000", "2012-06-30": "8616.50000", "2012-03-31": "8603.70000", "2011-12-31": "8515.30000", "2011-09-30": "8198.80000", "2011-06-30": "8249.20000", "2011-03-31": "8117.70000", "2010-12-31": "7999.90000", "2010-09-30": "8003.70000", "2010-06-30": "7827.30000", "2010-03-31": "7822.00000", "2009-12-31": "7785.50000", "2009-09-30": "7648.10000", "2009-06-30": "7462.10000", "2009-03-31": "7231.90000", "2008-12-31": "7239.00000", "2008-09-30": "7078.80000", "2008-06-30": "6942.40000", "2008-03-31": "6919.20000", "2007-12-31": "6633.70000", "2007-09-30": "6367.20000", "2007-06-30": "6320.80000", "2007-03-31": "6097.90000", "2006-12-31": "5974.40000", "2006-09-30": "5908.50000", "2006-06-30": "5963.60000", "2006-03-31": "5917.20000", "2005-12-31": "5721.90000", "2005-09-30": "5621.60000", "2005-06-30": "5551.50000", "2005-03-31": "5591.40000"}}, "cash flow statement": {"Net Income/Loss": {"2020-12-31": "-137.40000", "2019-12-31": "1131.50000", "2018-12-31": "-379.30000", "2017-12-31": "1813.40000", "2016-12-31": "304.60000", "2015-12-31": "146.20000", "2014-12-31": "719.20000", "2013-12-31": "778.60000", "2012-12-31": "752.90000", "2011-12-31": "760.00000", "2010-12-31": "596.90000", "2009-12-31": "717.40000", "2008-12-31": "848.60000", "2007-12-31": "773.20000", "2006-12-31": "834.50000", "2005-12-31": "732.50000"}, "Total Depreciation And Amortization - Cash Flow": {"2020-12-31": "1677.70000", "2019-12-31": "1076.20000", "2018-12-31": "2020.20000", "2017-12-31": "1394.20000", "2016-12-31": "1070.40000", "2015-12-31": "712.40000", "2014-12-31": "375.80000", "2013-12-31": "358.50000", "2012-12-31": "459.10000", "2011-12-31": "359.90000", "2010-12-31": "544.20000", "2009-12-31": "410.40000", "2008-12-31": "275.10000", "2007-12-31": "230.00000", "2006-12-31": "197.40000", "2005-12-31": "185.70000"}, "Other Non-Cash Items": {"2020-12-31": "79.70000", "2019-12-31": "-454.40000", "2018-12-31": "78.90000", "2017-12-31": "-1689.50000", "2016-12-31": "280.70000", "2015-12-31": "281.80000", "2014-12-31": "-46.80000", "2013-12-31": "-39.90000", "2012-12-31": "3.30000", "2011-12-31": "60.10000", "2010-12-31": "-6.20000", "2009-12-31": "39.10000", "2008-12-31": "84.60000", "2007-12-31": "154.80000", "2006-12-31": "126.30000", "2005-12-31": "93.10000"}, "Total Non-Cash Items": {"2020-12-31": "1757.40000", "2019-12-31": "621.80000", "2018-12-31": "2099.10000", "2017-12-31": "-295.30010", "2016-12-31": "1351.10000", "2015-12-31": "994.20010", "2014-12-31": "329.00000", "2013-12-31": "318.60000", "2012-12-31": "462.40000", "2011-12-31": "420.00000", "2010-12-31": "538.00000", "2009-12-31": "449.50000", "2008-12-31": "359.70000", "2007-12-31": "384.80000", "2006-12-31": "323.70000", "2005-12-31": "278.80000"}, "Change In Accounts Receivable": {"2020-12-31": "-70.00000", "2019-12-31": "-93.80000", "2018-12-31": "213.60000", "2017-12-31": "161.70000", "2016-12-31": "-141.60000", "2015-12-31": "-56.10000", "2014-12-31": "-40.40000", "2013-12-31": "-74.30000", "2012-12-31": "-45.50000", "2011-12-31": "-63.20000", "2010-12-31": "-33.00000", "2009-12-31": "-4.60000", "2008-12-31": "-44.40000", "2007-12-31": "-12.50000", "2006-12-31": "-76.90000", "2005-12-31": "-35.30000"}, "Change In Inventories": {"2020-12-31": "-40.80000", "2019-12-31": "-125.20000", "2018-12-31": "-199.50000", "2017-12-31": "-120.10000", "2016-12-31": "77.90000", "2015-12-31": "-205.40000", "2014-12-31": "-164.60000", "2013-12-31": "-148.10000", "2012-12-31": "-67.50000", "2011-12-31": "7.20000", "2010-12-31": "25.80000", "2009-12-31": "36.20000", "2008-12-31": "-148.10000", "2007-12-31": "-58.00000", "2006-12-31": "-39.20000", "2005-12-31": "-79.20000"}, "Change In Accounts Payable": {"2020-12-31": "", "2019-12-31": "", "2018-12-31": "", "2017-12-31": "", "2016-12-31": "", "2015-12-31": "", "2014-12-31": "", "2013-12-31": "", "2012-12-31": "", "2011-12-31": "", "2010-12-31": "", "2009-12-31": "", "2008-12-31": "", "2007-12-31": "", "2006-12-31": "", "2005-12-31": ""}, "Change In Assets/Liabilities": {"2020-12-31": "69.50000", "2019-12-31": "-17.90000", "2018-12-31": "8.40000", "2017-12-31": "5.70000", "2016-12-31": "18.50000", "2015-12-31": "-21.80000", "2014-12-31": "114.40000", "2013-12-31": "-49.70000", "2012-12-31": "-57.40000", "2011-12-31": "18.30000", "2010-12-31": "58.90000", "2009-12-31": "44.60000", "2008-12-31": "-19.70000", "2007-12-31": "-71.10000", "2006-12-31": "3.60000", "2005-12-31": "-9.70000"}, "Total Change In Assets/Liabilities": {"2020-12-31": "-415.50000", "2019-12-31": "-167.50000", "2018-12-31": "27.60000", "2017-12-31": "64.20000", "2016-12-31": "-23.50000", "2015-12-31": "-290.60000", "2014-12-31": "12.30000", "2013-12-31": "-134.10000", "2012-12-31": "-63.40000", "2011-12-31": "-3.10000", "2010-12-31": "58.60000", "2009-12-31": "-49.40000", "2008-12-31": "-170.20000", "2007-12-31": "-73.60000", "2006-12-31": "-117.50000", "2005-12-31": "-133.10000"}, "Cash Flow From Operating Activities": {"2020-12-31": "1204.50000", "2019-12-31": "1585.80000", "2018-12-31": "1747.40000", "2017-12-31": "1582.30000", "2016-12-31": "1632.20000", "2015-12-31": "849.80000", "2014-12-31": "1060.50000", "2013-12-31": "963.10000", "2012-12-31": "1151.90000", "2011-12-31": "1176.90000", "2010-12-31": "1193.50000", "2009-12-31": "1117.50000", "2008-12-31": "1038.10000", "2007-12-31": "1084.40000", "2006-12-31": "1040.70000", "2005-12-31": "878.20000"}, "Net Change In Property, Plant, And Equipment": {"2020-12-31": "-409.20000", "2019-12-31": "-523.00000", "2018-12-31": "-439.00000", "2017-12-31": "-493.00000", "2016-12-31": "-530.20000", "2015-12-31": "-364.20000", "2014-12-31": "-342.30000", "2013-12-31": "-292.90000", "2012-12-31": "-263.60000", "2011-12-31": "-269.20000", "2010-12-31": "-271.70000", "2009-12-31": "-228.80000", "2008-12-31": "-487.90000", "2007-12-31": "-331.20000", "2006-12-31": "-252.10000", "2005-12-31": "-255.30000"}, "Net Change In Intangible Assets": {"2020-12-31": "-0.40000", "2019-12-31": "-197.60000", "2018-12-31": "", "2017-12-31": "", "2016-12-31": "", "2015-12-31": "", "2014-12-31": "-54.30000", "2013-12-31": "-74.20000", "2012-12-31": "", "2011-12-31": "", "2010-12-31": "-8.50000", "2009-12-31": "-35.80000", "2008-12-31": "-109.40000", "2007-12-31": "", "2006-12-31": "", "2005-12-31": ""}, "Net Acquisitions/Divestitures": {"2020-12-31": "-235.50000", "2019-12-31": "-37.10000", "2018-12-31": "-15.30000", "2017-12-31": "-4.00000", "2016-12-31": "-1443.00000", "2015-12-31": "-7760.10000", "2014-12-31": "", "2013-12-31": "", "2012-12-31": "-59.00000", "2011-12-31": "-56.80000", "2010-12-31": "-82.60000", "2009-12-31": "-39.50000", "2008-12-31": "-381.80000", "2007-12-31": "", "2006-12-31": "-34.90000", "2005-12-31": "-55.80000"}, "Net Change In Short-term Investments": {"2020-12-31": "", "2019-12-31": "", "2018-12-31": "", "2017-12-31": "", "2016-12-31": "-1.50000", "2015-12-31": "-214.80000", "2014-12-31": "-1350.90000", "2013-12-31": "98.10000", "2012-12-31": "-251.60000", "2011-12-31": "-267.30000", "2010-12-31": "-345.80000", "2009-12-31": "-66.40000", "2008-12-31": "", "2007-12-31": "", "2006-12-31": "", "2005-12-31": ""}, "Net Change In Long-Term Investments": {"2020-12-31": "", "2019-12-31": "", "2018-12-31": "", "2017-12-31": "", "2016-12-31": "286.20000", "2015-12-31": "802.90000", "2014-12-31": "1282.20000", "2013-12-31": "", "2012-12-31": "", "2011-12-31": "", "2010-12-31": "", "2009-12-31": "", "2008-12-31": "54.90000", "2007-12-31": "", "2006-12-31": "", "2005-12-31": ""}, "Net Change In Investments - Total": {"2020-12-31": "", "2019-12-31": "", "2018-12-31": "", "2017-12-31": "", "2016-12-31": "284.70000", "2015-12-31": "588.10000", "2014-12-31": "-68.70010", "2013-12-31": "98.10000", "2012-12-31": "-251.60000", "2011-12-31": "-267.30000", "2010-12-31": "-345.80000", "2009-12-31": "-66.40000", "2008-12-31": "54.90000", "2007-12-31": "", "2006-12-31": "", "2005-12-31": ""}, "Investing Activities - Other": {"2020-12-31": "31.30000", "2019-12-31": "28.40000", "2018-12-31": "37.70000", "2017-12-31": "-13.80000", "2016-12-31": "-3.00000", "2015-12-31": "-21.70000", "2014-12-31": "-4.10000", "2013-12-31": "-13.50000", "2012-12-31": "-17.90000", "2011-12-31": "-31.10000", "2010-12-31": "-18.30000", "2009-12-31": "-10.70000", "2008-12-31": "", "2007-12-31": "-160.30000", "2006-12-31": "", "2005-12-31": ""}, "Cash Flow From Investing Activities": {"2020-12-31": "-613.80000", "2019-12-31": "-729.30000", "2018-12-31": "-416.60000", "2017-12-31": "-510.80000", "2016-12-31": "-1691.50000", "2015-12-31": "-7557.90000", "2014-12-31": "-469.40000", "2013-12-31": "-282.50000", "2012-12-31": "-592.10000", "2011-12-31": "-624.40000", "2010-12-31": "-726.90000", "2009-12-31": "-381.20000", "2008-12-31": "-924.20000", "2007-12-31": "-491.50000", "2006-12-31": "-287.00000", "2005-12-31": "-311.10000"}, "Net Long-Term Debt": {"2020-12-31": "-252.90000", "2019-12-31": "-716.10000", "2018-12-31": "-1154.40000", "2017-12-31": "-1248.20000", "2016-12-31": "-259.60010", "2015-12-31": "7366.30000", "2014-12-31": "-247.70000", "2013-12-31": "-97.50000", "2012-12-31": "97.20000", "2011-12-31": "0.50000", "2010-12-31": "-2.20000", "2009-12-31": "-330.00000", "2008-12-31": "330.00000", "2007-12-31": "", "2006-12-31": "18.80000", "2005-12-31": "-555.30000"}, "Net Current Debt": {"2020-12-31": "", "2019-12-31": "", "2018-12-31": "", "2017-12-31": "", "2016-12-31": "", "2015-12-31": "", "2014-12-31": "", "2013-12-31": "", "2012-12-31": "", "2011-12-31": "549.30000", "2010-12-31": "", "2009-12-31": "998.80000", "2008-12-31": "", "2007-12-31": "", "2006-12-31": "", "2005-12-31": ""}, "Debt Issuance/Retirement Net - Total": {"2020-12-31": "-252.90000", "2019-12-31": "-716.10000", "2018-12-31": "-1154.40000", "2017-12-31": "-1248.20000", "2016-12-31": "-259.60010", "2015-12-31": "7366.30000", "2014-12-31": "-247.70000", "2013-12-31": "-97.50000", "2012-12-31": "97.20000", "2011-12-31": "549.80000", "2010-12-31": "-2.20000", "2009-12-31": "668.80000", "2008-12-31": "330.00000", "2007-12-31": "", "2006-12-31": "18.80000", "2005-12-31": "-555.30000"}, "Net Common Equity Issued/Repurchased": {"2020-12-31": "129.80000", "2019-12-31": "158.20000", "2018-12-31": "107.90000", "2017-12-31": "145.50000", "2016-12-31": "-278.90000", "2015-12-31": "-44.80000", "2014-12-31": "-116.20000", "2013-12-31": "-246.00000", "2012-12-31": "-438.70000", "2011-12-31": "-1006.60000", "2010-12-31": "-488.70000", "2009-12-31": "-922.80000", "2008-12-31": "-680.00000", "2007-12-31": "-426.50000", "2006-12-31": "-757.50000", "2005-12-31": "72.60000"}, "Net Total Equity Issued/Repurchased": {"2020-12-31": "129.80000", "2019-12-31": "158.20000", "2018-12-31": "107.90000", "2017-12-31": "145.50000", "2016-12-31": "-278.90000", "2015-12-31": "-44.80000", "2014-12-31": "-116.20000", "2013-12-31": "-246.00000", "2012-12-31": "-438.70000", "2011-12-31": "-1006.60000", "2010-12-31": "-488.70000", "2009-12-31": "-922.80000", "2008-12-31": "-680.00000", "2007-12-31": "-426.50000", "2006-12-31": "-757.50000", "2005-12-31": "72.60000"}, "Total Common And Preferred Stock Dividends Paid": {"2020-12-31": "-198.50000", "2019-12-31": "-196.70000", "2018-12-31": "-195.20000", "2017-12-31": "-193.60000", "2016-12-31": "-188.40000", "2015-12-31": "-157.10000", "2014-12-31": "-145.50000", "2013-12-31": "-132.40000", "2012-12-31": "-94.40000", "2011-12-31": "", "2010-12-31": "", "2009-12-31": "", "2008-12-31": "", "2007-12-31": "", "2006-12-31": "", "2005-12-31": ""}, "Financial Activities - Other": {"2020-12-31": "-100.20000", "2019-12-31": "-25.30000", "2018-12-31": "-60.50000", "2017-12-31": "85.80000", "2016-12-31": "-16.30000", "2015-12-31": "-57.70000", "2014-12-31": "-60.70000", "2013-12-31": "8.60000", "2012-12-31": "-0.60000", "2011-12-31": "1.00000", "2010-12-31": "1.30000", "2009-12-31": "-8.10000", "2008-12-31": "6.50000", "2007-12-31": "27.00000", "2006-12-31": "8.00000", "2005-12-31": "-1.90000"}, "Cash Flow From Financial Activities": {"2020-12-31": "-421.80000", "2019-12-31": "-779.90000", "2018-12-31": "-1302.20000", "2017-12-31": "-1210.50000", "2016-12-31": "-743.20000", "2015-12-31": "7106.70000", "2014-12-31": "-570.10000", "2013-12-31": "-467.30000", "2012-12-31": "-436.50000", "2011-12-31": "-455.80000", "2010-12-31": "-489.60000", "2009-12-31": "-262.10000", "2008-12-31": "-343.50000", "2007-12-31": "-399.50000", "2006-12-31": "-730.70000", "2005-12-31": "-484.60000"}, "Net Cash Flow": {"2020-12-31": "184.20000", "2019-12-31": "75.10000", "2018-12-31": "18.40000", "2017-12-31": "-109.70000", "2016-12-31": "-825.20000", "2015-12-31": "376.00000", "2014-12-31": "2.70000", "2013-12-31": "196.30000", "2012-12-31": "116.00000", "2011-12-31": "99.40000", "2010-12-31": "-22.80000", "2009-12-31": "479.10000", "2008-12-31": "-251.30000", "2007-12-31": "198.20000", "2006-12-31": "32.50000", "2005-12-31": "78.60000"}, "Stock-Based Compensation": {"2020-12-31": "79.70000", "2019-12-31": "84.30000", "2018-12-31": "65.50000", "2017-12-31": "53.70000", "2016-12-31": "57.30000", "2015-12-31": "46.40000", "2014-12-31": "49.40000", "2013-12-31": "48.50000", "2012-12-31": "", "2011-12-31": "60.50000", "2010-12-31": "62.00000", "2009-12-31": "75.30000", "2008-12-31": "69.90000", "2007-12-31": "70.10000", "2006-12-31": "76.00000", "2005-12-31": ""}, "Common Stock Dividends Paid": {"2020-12-31": "-198.50000", "2019-12-31": "-196.70000", "2018-12-31": "-195.20000", "2017-12-31": "-193.60000", "2016-12-31": "-188.40000", "2015-12-31": "-157.10000", "2014-12-31": "-145.50000", "2013-12-31": "-132.40000", "2012-12-31": "-94.40000", "2011-12-31": "", "2010-12-31": "", "2009-12-31": "", "2008-12-31": "", "2007-12-31": "", "2006-12-31": "", "2005-12-31": ""}}, "cash flow statement, quarterly": {"Net Income/Loss": {"2020-12-31": 333.8, "2020-09-30": 246.1, "2020-06-30": -208.2, "2020-03-31": "-509.10000", "2019-12-31": 321.4, "2019-09-30": 432, "2019-06-30": 131.9, "2019-03-31": "246.20000", "2018-12-31": -902.5, "2018-09-30": 162.1, "2018-06-30": 184.9, "2018-03-31": "176.20000", "2017-12-31": 1231.2, "2017-09-30": 98.8, "2017-06-30": 184.1, "2017-03-31": "299.30000", "2016-12-31": 69.7, "2016-09-30": 157.9, "2016-06-30": -31.7, "2016-03-31": "108.70000", "2015-12-31": 126.7, "2015-09-30": 22.2, "2015-06-30": -173.8, "2015-03-31": "171.10000", "2014-12-31": 153.7, "2014-09-30": 168.3, "2014-06-30": 176.1, "2014-03-31": "221.10000", "2013-12-31": 254.8, "2013-09-30": 154.1, "2013-06-30": 151.7, "2013-03-31": "218.00000", "2012-12-31": 152.3, "2012-09-30": 177.7, "2012-06-30": 214, "2012-03-31": "208.90000", "2011-12-31": 156.1, "2011-09-30": 191.2, "2011-06-30": 203.8, "2011-03-31": "208.90000", "2010-12-31": 34.9, "2010-09-30": 191.1, "2010-06-30": 165.5, "2010-03-31": "205.40000", "2009-12-31": 155.2, "2009-09-30": 149.9, "2009-06-30": 210.1, "2009-03-31": "202.20000", "2008-12-31": 167.5, "2008-09-30": 214.7, "2008-06-30": 227.1, "2008-03-31": "239.30000", "2007-12-31": 263.8, "2007-09-30": 44.5, "2007-06-30": 231.5, "2007-03-31": "233.40000", "2006-12-31": 244.7, "2006-09-30": 183.3, "2006-06-30": 200.9, "2006-03-31": "205.60000", "2005-12-31": 199.6, "2005-09-30": 168.6, "2005-06-30": 190.7, "2005-03-31": "173.60000"}, "Total Depreciation And Amortization - Cash Flow": {"2020-12-31": 265.4, "2020-09-30": 258.6, "2020-06-30": 288.7, "2020-03-31": "865.00000", "2019-12-31": 253.9, "2019-09-30": 251.5, "2019-06-30": 323.1, "2019-03-31": "247.70000", "2018-12-31": 1230.7, "2018-09-30": 264.4, "2018-06-30": 261.6, "2018-03-31": "263.50000", "2017-12-31": 536.5, "2017-09-30": 299.2, "2017-06-30": 290.9, "2017-03-31": "267.60000", "2016-12-31": 255.1, "2016-09-30": 288.1, "2016-06-30": 280.3, "2016-03-31": "246.90000", "2015-12-31": 284.3, "2015-09-30": 239.5, "2015-06-30": 99.6, "2015-03-31": "89.00000", "2014-12-31": 92.6, "2014-09-30": 90.9, "2014-06-30": 91.3, "2014-03-31": "101.00000", "2013-12-31": 90.1, "2013-09-30": 91.9, "2013-06-30": 91.4, "2013-03-31": "85.10000", "2012-12-31": 186.2, "2012-09-30": 82.7, "2012-06-30": 93.4, "2012-03-31": "96.80000", "2011-12-31": 94.3, "2011-09-30": 90.9, "2011-06-30": 88.6, "2011-03-31": "86.10000", "2010-12-31": 294.7, "2010-09-30": 83.7, "2010-06-30": 80.9, "2010-03-31": "84.90000", "2009-12-31": 160.8, "2009-09-30": 88.2, "2009-06-30": 81.8, "2009-03-31": "79.60000", "2008-12-31": 79.1, "2008-09-30": 66.8, "2008-06-30": 67.4, "2008-03-31": "61.80000", "2007-12-31": 62.4, "2007-09-30": 58.2, "2007-06-30": 56, "2007-03-31": "53.40000", "2006-12-31": 52.6, "2006-09-30": 51.3, "2006-06-30": 47.3, "2006-03-31": "46.20000", "2005-12-31": 49.7, "2005-09-30": 45.6, "2005-06-30": 45.3, "2005-03-31": "45.10000"}, "Other Non-Cash Items": {"2020-12-31": 17.7, "2020-09-30": 23.7, "2020-06-30": 21.8, "2020-03-31": "16.50000", "2019-12-31": -516, "2019-09-30": 21.6, "2019-06-30": 19.7, "2019-03-31": "20.30000", "2018-12-31": 33.6, "2018-09-30": 19.3, "2018-06-30": 12.1, "2018-03-31": "13.90000", "2017-12-31": -1761.8, "2017-09-30": 13.7, "2017-06-30": 30, "2017-03-31": "28.60000", "2016-12-31": -66.1, "2016-09-30": 29.7, "2016-06-30": 150.7, "2016-03-31": "166.40000", "2015-12-31": -112.6, "2015-09-30": 204.3, "2015-06-30": 168.2, "2015-03-31": "21.90000", "2014-12-31": -111.8, "2014-09-30": 16.4, "2014-06-30": 20.1, "2014-03-31": "28.50000", "2013-12-31": -103.9, "2013-09-30": 18.7, "2013-06-30": 20.4, "2013-03-31": "24.90000", "2012-12-31": -48.6, "2012-09-30": 16.2, "2012-06-30": 16.9, "2012-03-31": "18.80000", "2011-12-31": -2.2, "2011-09-30": 16.9, "2011-06-30": 22.9, "2011-03-31": "22.50000", "2010-12-31": -55.2, "2010-09-30": 15.2, "2010-06-30": 18.8, "2010-03-31": "15.00000", "2009-12-31": 3, "2009-09-30": 20.9, "2009-06-30": -6.2, "2009-03-31": "21.40000", "2008-12-31": 65.7, "2008-09-30": -17.6, "2008-06-30": 20.3, "2008-03-31": "16.20000", "2007-12-31": 88.2, "2007-09-30": 13.2, "2007-06-30": 24.6, "2007-03-31": "28.80000", "2006-12-31": 68.2, "2006-09-30": 18.3, "2006-06-30": 21.4, "2006-03-31": "18.40000", "2005-12-31": 54.7, "2005-09-30": 6.2, "2005-06-30": 5.7, "2005-03-31": "26.50000"}, "Total Non-Cash Items": {"2020-12-31": 283.1, "2020-09-30": 282.3, "2020-06-30": 310.5, "2020-03-31": "881.50000", "2019-12-31": -262.1, "2019-09-30": 273.1, "2019-06-30": 342.8, "2019-03-31": "268.00000", "2018-12-31": 1264.3, "2018-09-30": 283.7, "2018-06-30": 273.7, "2018-03-31": "277.40000", "2017-12-31": -1225.3001, "2017-09-30": 312.9, "2017-06-30": 320.9, "2017-03-31": "296.20000", "2016-12-31": 189, "2016-09-30": 317.8, "2016-06-30": 431, "2016-03-31": "413.30000", "2015-12-31": 171.7001, "2015-09-30": 443.8, "2015-06-30": 267.8, "2015-03-31": "110.90000", "2014-12-31": -19.2, "2014-09-30": 107.3, "2014-06-30": 111.4, "2014-03-31": "129.50000", "2013-12-31": -13.8, "2013-09-30": 110.6, "2013-06-30": 111.8, "2013-03-31": "110.00000", "2012-12-31": 137.6, "2012-09-30": 98.9, "2012-06-30": 110.3, "2012-03-31": "115.60000", "2011-12-31": 92.1, "2011-09-30": 107.8, "2011-06-30": 111.5, "2011-03-31": "108.60000", "2010-12-31": 239.5, "2010-09-30": 98.9, "2010-06-30": 99.7, "2010-03-31": "99.90000", "2009-12-31": 163.8, "2009-09-30": 109.1, "2009-06-30": 75.6, "2009-03-31": "101.00000", "2008-12-31": 144.8, "2008-09-30": 49.2, "2008-06-30": 87.7, "2008-03-31": "78.00000", "2007-12-31": 150.6, "2007-09-30": 71.4, "2007-06-30": 80.6, "2007-03-31": "82.20000", "2006-12-31": 120.8, "2006-09-30": 69.6, "2006-06-30": 68.7, "2006-03-31": "64.60000", "2005-12-31": 104.4, "2005-09-30": 51.8, "2005-06-30": 51, "2005-03-31": "71.60000"}, "Change In Accounts Receivable": {"2020-12-31": -83.6, "2020-09-30": -259.1, "2020-06-30": -17, "2020-03-31": "289.70000", "2019-12-31": -203.3, "2019-09-30": 80.2, "2019-06-30": -21.4, "2019-03-31": "50.70000", "2018-12-31": -23.8, "2018-09-30": 59.7, "2018-06-30": 31.5, "2018-03-31": "146.20000", "2017-12-31": -185, "2017-09-30": 120.4, "2017-06-30": 199.3, "2017-03-31": "27.00000", "2016-12-31": -61.3, "2016-09-30": 40.5, "2016-06-30": -37.4, "2016-03-31": "-83.40000", "2015-12-31": -85.5, "2015-09-30": 88.7, "2015-06-30": -65.9, "2015-03-31": "6.60000", "2014-12-31": 1.9, "2014-09-30": -27.6, "2014-06-30": -20, "2014-03-31": "5.30000", "2013-12-31": -41.3, "2013-09-30": 57, "2013-06-30": -45.8, "2013-03-31": "-44.20000", "2012-12-31": -11.3, "2012-09-30": 52.7, "2012-06-30": -32.7, "2012-03-31": "-54.20000", "2011-12-31": -23.5, "2011-09-30": 36.3, "2011-06-30": -5.5, "2011-03-31": "-70.50000", "2010-12-31": -19.9, "2010-09-30": 38.2, "2010-06-30": -18.8, "2010-03-31": "-32.50000", "2009-12-31": -15.5, "2009-09-30": 40.7, "2009-06-30": -23.5, "2009-03-31": "-6.30000", "2008-12-31": -32.5, "2008-09-30": 70, "2008-06-30": -28.8, "2008-03-31": "-53.10000", "2007-12-31": -16.3, "2007-09-30": 58, "2007-06-30": 9.2, "2007-03-31": "-63.40000", "2006-12-31": -29, "2006-09-30": 52.6, "2006-06-30": -34.6, "2006-03-31": "-65.90000", "2005-12-31": 3.5, "2005-09-30": 27.8, "2005-06-30": -13.5, "2005-03-31": "-53.10000"}, "Change In Inventories": {"2020-12-31": 67.8, "2020-09-30": 14, "2020-06-30": -26.6, "2020-03-31": "-96.00000", "2019-12-31": -19.2, "2019-09-30": -23, "2019-06-30": -32.3, "2019-03-31": "-50.70000", "2018-12-31": -34.3, "2018-09-30": -65.9, "2018-06-30": -59.7, "2018-03-31": "-39.60000", "2017-12-31": 3.8, "2017-09-30": -54.2, "2017-06-30": -56.4, "2017-03-31": "-13.30000", "2016-12-31": 33.7, "2016-09-30": -16, "2016-06-30": 21.9, "2016-03-31": "38.30000", "2015-12-31": -8.9, "2015-09-30": -55.7, "2015-06-30": -82.9, "2015-03-31": "-57.90000", "2014-12-31": -31.9, "2014-09-30": -47.5, "2014-06-30": -28.6, "2014-03-31": "-56.60000", "2013-12-31": -33, "2013-09-30": -28.9, "2013-06-30": -26.5, "2013-03-31": "-59.70000", "2012-12-31": -14.2, "2012-09-30": -23.6, "2012-06-30": -23.7, "2012-03-31": "-6.00000", "2011-12-31": 34.9, "2011-09-30": -5.9, "2011-06-30": -8, "2011-03-31": "-13.80000", "2010-12-31": 18.9, "2010-09-30": -20.6, "2010-06-30": 10.3, "2010-03-31": "17.20000", "2009-12-31": 58.5, "2009-09-30": 29.5, "2009-06-30": -19.6, "2009-03-31": "-32.20000", "2008-12-31": -41.6, "2008-09-30": -50.9, "2008-06-30": -41.3, "2008-03-31": "-14.30000", "2007-12-31": 8.4, "2007-09-30": -29.6, "2007-06-30": -17.2, "2007-03-31": "-19.60000", "2006-12-31": -4.7, "2006-09-30": -23.5, "2006-06-30": 2, "2006-03-31": "-13.00000", "2005-12-31": -3.6, "2005-09-30": -17, "2005-06-30": -34.2, "2005-03-31": "-24.40000"}, "Change In Accounts Payable": {"2020-12-31": 0, "2020-09-30": 0, "2020-06-30": 0, "2020-03-31": "", "2019-12-31": 0, "2019-09-30": 0, "2019-06-30": 0, "2019-03-31": "", "2018-12-31": 0, "2018-09-30": 0, "2018-06-30": 0, "2018-03-31": "", "2017-12-31": 0, "2017-09-30": 0, "2017-06-30": 0, "2017-03-31": "", "2016-12-31": 0, "2016-09-30": 0, "2016-06-30": 0, "2016-03-31": "", "2015-12-31": 0, "2015-09-30": 0, "2015-06-30": 0, "2015-03-31": "", "2014-12-31": 0, "2014-09-30": 0, "2014-06-30": 0, "2014-03-31": "", "2013-12-31": 0, "2013-09-30": 0, "2013-06-30": 0, "2013-03-31": "", "2012-12-31": 0, "2012-09-30": 0, "2012-06-30": 0, "2012-03-31": "", "2011-12-31": 0, "2011-09-30": 0, "2011-06-30": 0, "2011-03-31": "", "2010-12-31": 0, "2010-09-30": 0, "2010-06-30": 0, "2010-03-31": "", "2009-12-31": 0, "2009-09-30": 0, "2009-06-30": 0, "2009-03-31": "", "2008-12-31": 0, "2008-09-30": 0, "2008-06-30": 0, "2008-03-31": "", "2007-12-31": 0, "2007-09-30": 0, "2007-06-30": 0, "2007-03-31": "", "2006-12-31": 0, "2006-09-30": 0, "2006-06-30": 0, "2006-03-31": "", "2005-12-31": 0, "2005-09-30": 0, "2005-06-30": 0, "2005-03-31": ""}, "Change In Assets/Liabilities": {"2020-12-31": 11.8, "2020-09-30": 4.4, "2020-06-30": 27.3, "2020-03-31": "26.00000", "2019-12-31": -1.9, "2019-09-30": 20.6, "2019-06-30": -12.9, "2019-03-31": "-23.70000", "2018-12-31": 36, "2018-09-30": 9.7, "2018-06-30": 13.3, "2018-03-31": "-50.60000", "2017-12-31": 145.3, "2017-09-30": -10, "2017-06-30": -19.9, "2017-03-31": "-109.70000", "2016-12-31": 173, "2016-09-30": -74.5, "2016-06-30": -25.9, "2016-03-31": "-54.10000", "2015-12-31": 1.9, "2015-09-30": 61.8, "2015-06-30": -110.3, "2015-03-31": "24.80000", "2014-12-31": 11.4, "2014-09-30": 82.2, "2014-06-30": -0.3, "2014-03-31": "21.10000", "2013-12-31": -58.4, "2013-09-30": 14.8, "2013-06-30": 23.8, "2013-03-31": "-29.90000", "2012-12-31": 30.3, "2012-09-30": 0.5, "2012-06-30": -13.4, "2012-03-31": "-74.80000", "2011-12-31": 64.4, "2011-09-30": 2, "2011-06-30": -2, "2011-03-31": "-46.10000", "2010-12-31": -17.7, "2010-09-30": -16.8, "2010-06-30": 89.1, "2010-03-31": "4.30000", "2009-12-31": 10.6, "2009-09-30": 47, "2009-06-30": 0.5, "2009-03-31": "-13.50000", "2008-12-31": 1.8, "2008-09-30": 1.7, "2008-06-30": 2.1, "2008-03-31": "-25.30000", "2007-12-31": -12.4, "2007-09-30": -11.2, "2007-06-30": -7.1, "2007-03-31": "-40.40000", "2006-12-31": 10.6, "2006-09-30": -30.3, "2006-06-30": 15.8, "2006-03-31": "7.50000", "2005-12-31": 2.3, "2005-09-30": 4.3, "2005-06-30": -16.5, "2005-03-31": "0.20000"}, "Total Change In Assets/Liabilities": {"2020-12-31": -191.8, "2020-09-30": -147.1, "2020-06-30": -155.1, "2020-03-31": "78.50000", "2019-12-31": 364, "2019-09-30": -127.2, "2019-06-30": -173.7, "2019-03-31": "-230.60000", "2018-12-31": 17.7, "2018-09-30": 38.3, "2018-06-30": -65.3, "2018-03-31": "36.90000", "2017-12-31": 397, "2017-09-30": 51.8, "2017-06-30": -64.5, "2017-03-31": "-320.10000", "2016-12-31": 368.5, "2016-09-30": -123.1, "2016-06-30": -19.7, "2016-03-31": "-249.20000", "2015-12-31": 164.1, "2015-09-30": -367.4, "2015-06-30": 103.2, "2015-03-31": "-190.50000", "2014-12-31": 227.4, "2014-09-30": -19.9, "2014-06-30": -33.4, "2014-03-31": "-161.80000", "2013-12-31": 59.2, "2013-09-30": 28, "2013-06-30": -73.8, "2013-03-31": "-147.50000", "2012-12-31": 78.1, "2012-09-30": 68.4, "2012-06-30": -92.8, "2012-03-31": "-117.10000", "2011-12-31": 144.9, "2011-09-30": 51.6, "2011-06-30": -64.3, "2011-03-31": "-135.30000", "2010-12-31": 66.6, "2010-09-30": 30.3, "2010-06-30": 7.5, "2010-03-31": "-45.80000", "2009-12-31": 66.5, "2009-09-30": 93.3, "2009-06-30": -90.6, "2009-03-31": "-118.60000", "2008-12-31": -105.4, "2008-09-30": 44, "2008-06-30": -34.2, "2008-03-31": "-74.60000", "2007-12-31": 7.5, "2007-09-30": 50.9, "2007-06-30": -9.4, "2007-03-31": "-122.60000", "2006-12-31": -118.4, "2006-09-30": 32.8, "2006-06-30": 35.6, "2006-03-31": "-67.50000", "2005-12-31": -53.5, "2005-09-30": 11.2, "2005-06-30": 1.9, "2005-03-31": "-92.70000"}, "Cash Flow From Operating Activities": {"2020-12-31": 425.1, "2020-09-30": 381.3, "2020-06-30": -52.8, "2020-03-31": "450.90000", "2019-12-31": 423.3, "2019-09-30": 577.9, "2019-06-30": 301, "2019-03-31": "283.60000", "2018-12-31": 379.5, "2018-09-30": 484.1, "2018-06-30": 393.3, "2018-03-31": "490.50000", "2017-12-31": 402.9, "2017-09-30": 463.5, "2017-06-30": 440.5, "2017-03-31": "275.40000", "2016-12-31": 627.2, "2016-09-30": 352.6, "2016-06-30": 379.6, "2016-03-31": "272.80000", "2015-12-31": 462.5, "2015-09-30": 98.6, "2015-06-30": 197.2, "2015-03-31": "91.50000", "2014-12-31": 361.9, "2014-09-30": 255.7, "2014-06-30": 254.1, "2014-03-31": "188.80000", "2013-12-31": 300.2, "2013-09-30": 292.7, "2013-06-30": 189.7, "2013-03-31": "180.50000", "2012-12-31": 368, "2012-09-30": 345, "2012-06-30": 231.5, "2012-03-31": "207.40000", "2011-12-31": 393.1, "2011-09-30": 350.6, "2011-06-30": 251, "2011-03-31": "182.20000", "2010-12-31": 341, "2010-09-30": 320.3, "2010-06-30": 272.7, "2010-03-31": "259.50000", "2009-12-31": 385.5, "2009-09-30": 352.3, "2009-06-30": 195.1, "2009-03-31": "184.60000", "2008-12-31": 206.9, "2008-09-30": 307.9, "2008-06-30": 280.6, "2008-03-31": "242.70000", "2007-12-31": 421.9, "2007-09-30": 166.8, "2007-06-30": 302.7, "2007-03-31": "193.00000", "2006-12-31": 247.1, "2006-09-30": 285.7, "2006-06-30": 305.2, "2006-03-31": "202.70000", "2005-12-31": 250.5, "2005-09-30": 231.6, "2005-06-30": 243.6, "2005-03-31": "152.50000"}, "Net Change In Property, Plant, And Equipment": {"2020-12-31": -96.6, "2020-09-30": -94.1, "2020-06-30": -92.6, "2020-03-31": "-125.90000", "2019-12-31": -128.2, "2019-09-30": -153.3, "2019-06-30": -140, "2019-03-31": "-101.50000", "2018-12-31": -120.1, "2018-09-30": -139.1, "2018-06-30": -92.7, "2018-03-31": "-87.10000", "2017-12-31": -127.5, "2017-09-30": -119.1, "2017-06-30": -116.9, "2017-03-31": "-129.50000", "2016-12-31": -148.8, "2016-09-30": -150.4, "2016-06-30": -118.3, "2016-03-31": "-112.70000", "2015-12-31": -117.5, "2015-09-30": -102, "2015-06-30": -47.9, "2015-03-31": "-96.80000", "2014-12-31": -83.7, "2014-09-30": -83.2, "2014-06-30": -94.6, "2014-03-31": "-80.80000", "2013-12-31": -49.6, "2013-09-30": -86.7, "2013-06-30": -81.2, "2013-03-31": "-75.40000", "2012-12-31": -87.5, "2012-09-30": -63.5, "2012-06-30": -64.3, "2012-03-31": "-48.30000", "2011-12-31": -72.5, "2011-09-30": -77.5, "2011-06-30": -55.8, "2011-03-31": "-63.40000", "2010-12-31": -98, "2010-09-30": -63.9, "2010-06-30": -58.9, "2010-03-31": "-50.90000", "2009-12-31": -49.3, "2009-09-30": -48.9, "2009-06-30": -54.4, "2009-03-31": "-76.20000", "2008-12-31": -112.2, "2008-09-30": -134.7, "2008-06-30": -130.1, "2008-03-31": "-110.90000", "2007-12-31": -107.2, "2007-09-30": -80.8, "2007-06-30": -90, "2007-03-31": "-53.20000", "2006-12-31": -90.9, "2006-09-30": -62.6, "2006-06-30": -60.9, "2006-03-31": "-37.70000", "2005-12-31": -60.2, "2005-09-30": -62.3, "2005-06-30": -71.8, "2005-03-31": "-61.00000"}, "Net Change In Intangible Assets": {"2020-12-31": -0.4, "2020-09-30": 0, "2020-06-30": 0, "2020-03-31": "", "2019-12-31": 0, "2019-09-30": 0, "2019-06-30": -197.6, "2019-03-31": "", "2018-12-31": 0, "2018-09-30": 0, "2018-06-30": 0, "2018-03-31": "", "2017-12-31": 0, "2017-09-30": 0, "2017-06-30": 0, "2017-03-31": "", "2016-12-31": 0, "2016-09-30": 0, "2016-06-30": 0, "2016-03-31": "", "2015-12-31": 0, "2015-09-30": 0, "2015-06-30": 0, "2015-03-31": "", "2014-12-31": -54.3, "2014-09-30": 0, "2014-06-30": 0, "2014-03-31": "", "2013-12-31": -74.2, "2013-09-30": 0, "2013-06-30": 0, "2013-03-31": "", "2012-12-31": 0, "2012-09-30": 0, "2012-06-30": 0, "2012-03-31": "", "2011-12-31": 0, "2011-09-30": 0, "2011-06-30": 0, "2011-03-31": "", "2010-12-31": -8.5, "2010-09-30": 0, "2010-06-30": 0, "2010-03-31": "", "2009-12-31": -2.9, "2009-09-30": -7, "2009-06-30": -18.3, "2009-03-31": "-7.60000", "2008-12-31": -109.4, "2008-09-30": 0, "2008-06-30": 0, "2008-03-31": "", "2007-12-31": 0, "2007-09-30": 0, "2007-06-30": 0, "2007-03-31": "", "2006-12-31": 0, "2006-09-30": 0, "2006-06-30": 0, "2006-03-31": "", "2005-12-31": 0, "2005-09-30": 0, "2005-06-30": 0, "2005-03-31": ""}, "Net Acquisitions/Divestitures": {"2020-12-31": -235.5, "2020-09-30": 0, "2020-06-30": 0, "2020-03-31": "", "2019-12-31": -37.1, "2019-09-30": 0, "2019-06-30": 0, "2019-03-31": "", "2018-12-31": -15.3, "2018-09-30": 0, "2018-06-30": 0, "2018-03-31": "", "2017-12-31": 0, "2017-09-30": 0, "2017-06-30": -4, "2017-03-31": "", "2016-12-31": 0, "2016-09-30": -1258.9, "2016-06-30": -184.1, "2016-03-31": "", "2015-12-31": 0, "2015-09-30": 52.8, "2015-06-30": -7812.9, "2015-03-31": "", "2014-12-31": 0, "2014-09-30": 0, "2014-06-30": 0, "2014-03-31": "", "2013-12-31": 0, "2013-09-30": 0, "2013-06-30": 0, "2013-03-31": "", "2012-12-31": -59, "2012-09-30": 0, "2012-06-30": 0, "2012-03-31": "", "2011-12-31": -56.8, "2011-09-30": 0, "2011-06-30": 0, "2011-03-31": "", "2010-12-31": -82.6, "2010-09-30": 0, "2010-06-30": 0, "2010-03-31": "", "2009-12-31": -39.5, "2009-09-30": 0, "2009-06-30": 0, "2009-03-31": "", "2008-12-31": -381.8, "2008-09-30": 0, "2008-06-30": 0, "2008-03-31": "", "2007-12-31": 108.1, "2007-09-30": 4, "2007-06-30": -112.1, "2007-03-31": "", "2006-12-31": -21.4, "2006-09-30": 0, "2006-06-30": -13.5, "2006-03-31": "", "2005-12-31": -55.8, "2005-09-30": 0, "2005-06-30": 0, "2005-03-31": ""}, "Net Change In Short-term Investments": {"2020-12-31": 0, "2020-09-30": 0, "2020-06-30": 0, "2020-03-31": "", "2019-12-31": 0, "2019-09-30": 0, "2019-06-30": 0, "2019-03-31": "", "2018-12-31": 0, "2018-09-30": 0, "2018-06-30": 0, "2018-03-31": "", "2017-12-31": 0, "2017-09-30": 0, "2017-06-30": 0, "2017-03-31": "", "2016-12-31": -0.1, "2016-09-30": -0.2, "2016-06-30": -0.9, "2016-03-31": "-0.30000", "2015-12-31": -35.8, "2015-09-30": -26.4, "2015-06-30": -320.3, "2015-03-31": "167.70000", "2014-12-31": -1120.2, "2014-09-30": -138.8, "2014-06-30": -74.3, "2014-03-31": "-17.60000", "2013-12-31": 678.4, "2013-09-30": -214.3, "2013-06-30": -503.2, "2013-03-31": "137.20000", "2012-12-31": 550.1, "2012-09-30": -264.2, "2012-06-30": -281.9, "2012-03-31": "-255.60000", "2011-12-31": 136.5, "2011-09-30": -386.9, "2011-06-30": 48.4, "2011-03-31": "-65.30000", "2010-12-31": -245.2, "2010-09-30": -133.6, "2010-06-30": 37, "2010-03-31": "-4.00000", "2009-12-31": -66.4, "2009-09-30": 0, "2009-06-30": 0, "2009-03-31": "", "2008-12-31": 0, "2008-09-30": 0, "2008-06-30": 0, "2008-03-31": "", "2007-12-31": 0, "2007-09-30": 0, "2007-06-30": 0, "2007-03-31": "", "2006-12-31": 0, "2006-09-30": 0, "2006-06-30": 0, "2006-03-31": "", "2005-12-31": 0, "2005-09-30": 0, "2005-06-30": 0, "2005-03-31": ""}, "Net Change In Long-Term Investments": {"2020-12-31": 0, "2020-09-30": 0, "2020-06-30": 0, "2020-03-31": "", "2019-12-31": 0, "2019-09-30": 0, "2019-06-30": 0, "2019-03-31": "", "2018-12-31": 0, "2018-09-30": 0, "2018-06-30": 0, "2018-03-31": "", "2017-12-31": 0, "2017-09-30": 0, "2017-06-30": 0, "2017-03-31": "", "2016-12-31": 12.9, "2016-09-30": 0, "2016-06-30": 49.8, "2016-03-31": "223.50000", "2015-12-31": 224.1, "2015-09-30": 179.9, "2015-06-30": 398.9, "2015-03-31": "", "2014-12-31": 1282.2, "2014-09-30": 0, "2014-06-30": 0, "2014-03-31": "", "2013-12-31": -631.2, "2013-09-30": 155.8, "2013-06-30": 475.4, "2013-03-31": "", "2012-12-31": -667.1, "2012-09-30": 244.4, "2012-06-30": 248.1, "2012-03-31": "174.60000", "2011-12-31": -225, "2011-09-30": 225, "2011-06-30": -75, "2011-03-31": "75.00000", "2010-12-31": -56.5, "2010-09-30": 56.5, "2010-06-30": -20, "2010-03-31": "20.00000", "2009-12-31": 0, "2009-09-30": 0, "2009-06-30": 0, "2009-03-31": "", "2008-12-31": 0, "2008-09-30": 42.9, "2008-06-30": 12, "2008-03-31": "", "2007-12-31": 0, "2007-09-30": 0, "2007-06-30": 0, "2007-03-31": "", "2006-12-31": 0, "2006-09-30": 0, "2006-06-30": 0, "2006-03-31": "", "2005-12-31": 0, "2005-09-30": 0, "2005-06-30": 0, "2005-03-31": ""}, "Net Change In Investments - Total": {"2020-12-31": 0, "2020-09-30": 0, "2020-06-30": 0, "2020-03-31": "", "2019-12-31": 0, "2019-09-30": 0, "2019-06-30": 0, "2019-03-31": "", "2018-12-31": 0, "2018-09-30": 0, "2018-06-30": 0, "2018-03-31": "", "2017-12-31": 0, "2017-09-30": 0, "2017-06-30": 0, "2017-03-31": "", "2016-12-31": 12.8, "2016-09-30": -0.2, "2016-06-30": 48.9, "2016-03-31": "223.20000", "2015-12-31": 188.3, "2015-09-30": 153.5, "2015-06-30": 78.6, "2015-03-31": "167.70000", "2014-12-31": 161.9999, "2014-09-30": -138.8, "2014-06-30": -74.3, "2014-03-31": "-17.60000", "2013-12-31": 47.2, "2013-09-30": -58.5, "2013-06-30": -27.8, "2013-03-31": "137.20000", "2012-12-31": -117, "2012-09-30": -19.8, "2012-06-30": -33.8, "2012-03-31": "-81.00000", "2011-12-31": -88.5, "2011-09-30": -161.9, "2011-06-30": -26.6, "2011-03-31": "9.70000", "2010-12-31": -301.7, "2010-09-30": -77.1, "2010-06-30": 17, "2010-03-31": "16.00000", "2009-12-31": -66.4, "2009-09-30": 0, "2009-06-30": 0, "2009-03-31": "", "2008-12-31": 0, "2008-09-30": 42.9, "2008-06-30": 12, "2008-03-31": "", "2007-12-31": 0, "2007-09-30": 0, "2007-06-30": 0, "2007-03-31": "", "2006-12-31": 0, "2006-09-30": 0, "2006-06-30": 0, "2006-03-31": "", "2005-12-31": 0, "2005-09-30": 0, "2005-06-30": 0, "2005-03-31": ""}, "Investing Activities - Other": {"2020-12-31": 16.6, "2020-09-30": 2.7, "2020-06-30": 7.3, "2020-03-31": "4.70000", "2019-12-31": 27.3, "2019-09-30": -10.3, "2019-06-30": 15.4, "2019-03-31": "-4.00000", "2018-12-31": 53, "2018-09-30": 0.2, "2018-06-30": -0.9, "2018-03-31": "-14.60000", "2017-12-31": -0.7, "2017-09-30": -1.4, "2017-06-30": -8.1, "2017-03-31": "-3.60000", "2016-12-31": -10.8, "2016-09-30": 35.2, "2016-06-30": -12.7, "2016-03-31": "-14.70000", "2015-12-31": -2.1, "2015-09-30": -10.2, "2015-06-30": -6.4, "2015-03-31": "-3.00000", "2014-12-31": 4.7, "2014-09-30": -7.4, "2014-06-30": -1.4, "2014-03-31": "", "2013-12-31": 66.4, "2013-09-30": -5.5, "2013-06-30": -65.6, "2013-03-31": "-8.80000", "2012-12-31": 38.9, "2012-09-30": -2.1, "2012-06-30": -19.8, "2012-03-31": "-34.90000", "2011-12-31": 4.5, "2011-09-30": -9.2, "2011-06-30": -13.2, "2011-03-31": "-13.20000", "2010-12-31": -0.7, "2010-09-30": -2.5, "2010-06-30": -12.2, "2010-03-31": "-2.90000", "2009-12-31": 24.8, "2009-09-30": -17.7, "2009-06-30": -17.2, "2009-03-31": "-0.60000", "2008-12-31": 18.6, "2008-09-30": -11.1, "2008-06-30": -7.5, "2008-03-31": "", "2007-12-31": -160.3, "2007-09-30": 0, "2007-06-30": 5.9, "2007-03-31": "-5.90000", "2006-12-31": 0, "2006-09-30": 0, "2006-06-30": 0, "2006-03-31": "", "2005-12-31": 9.7, "2005-09-30": 0, "2005-06-30": -0.5, "2005-03-31": "-9.20000"}, "Cash Flow From Investing Activities": {"2020-12-31": -315.9, "2020-09-30": -91.4, "2020-06-30": -85.3, "2020-03-31": "-121.20000", "2019-12-31": -138, "2019-09-30": -163.6, "2019-06-30": -322.2, "2019-03-31": "-105.50000", "2018-12-31": -82.4, "2018-09-30": -138.9, "2018-06-30": -93.6, "2018-03-31": "-101.70000", "2017-12-31": -128.2, "2017-09-30": -120.5, "2017-06-30": -129, "2017-03-31": "-133.10000", "2016-12-31": -146.8, "2016-09-30": -1374.3, "2016-06-30": -266.2, "2016-03-31": "95.80000", "2015-12-31": 68.7, "2015-09-30": 94.1, "2015-06-30": -7788.6, "2015-03-31": "67.90000", "2014-12-31": 28.7, "2014-09-30": -229.4, "2014-06-30": -170.3, "2014-03-31": "-98.40000", "2013-12-31": -10.2, "2013-09-30": -150.7, "2013-06-30": -174.6, "2013-03-31": "53.00000", "2012-12-31": -224.6, "2012-09-30": -85.4, "2012-06-30": -117.9, "2012-03-31": "-164.20000", "2011-12-31": -213.3, "2011-09-30": -248.6, "2011-06-30": -95.6, "2011-03-31": "-66.90000", "2010-12-31": -491.5, "2010-09-30": -143.5, "2010-06-30": -54.1, "2010-03-31": "-37.80000", "2009-12-31": -133.3, "2009-09-30": -73.6, "2009-06-30": -89.9, "2009-03-31": "-84.40000", "2008-12-31": -584.8, "2008-09-30": -102.9, "2008-06-30": -125.6, "2008-03-31": "-110.90000", "2007-12-31": -159.4, "2007-09-30": -76.8, "2007-06-30": -196.2, "2007-03-31": "-59.10000", "2006-12-31": -112.3, "2006-09-30": -62.6, "2006-06-30": -74.4, "2006-03-31": "-37.70000", "2005-12-31": -106.3, "2005-09-30": -62.3, "2005-06-30": -72.3, "2005-03-31": "-70.20000"}, "Net Long-Term Debt": {"2020-12-31": -250, "2020-09-30": 0, "2020-06-30": -1500, "2020-03-31": "1497.10000", "2019-12-31": -161.1, "2019-09-30": -330, "2019-06-30": -115, "2019-03-31": "-110.00000", "2018-12-31": -250.0001, "2018-09-30": -303.6999, "2018-06-30": -1525, "2018-03-31": "924.30000", "2017-12-31": -300, "2017-09-30": -297.5, "2017-06-30": -900, "2017-03-31": "249.30000", "2016-12-31": -276.5001, "2016-09-30": 535.7, "2016-06-30": -119.1, "2016-03-31": "-399.70000", "2015-12-31": -372.7, "2015-09-30": -150.101, "2015-06-30": 260.101, "2015-03-31": "7629.00000", "2014-12-31": -249.1, "2014-09-30": 0.9, "2014-06-30": 0.3, "2014-03-31": "0.20000", "2013-12-31": 1.8, "2013-09-30": 0.8, "2013-06-30": 0, "2013-03-31": "-100.10000", "2012-12-31": 99.8, "2012-09-30": -4.2, "2012-06-30": 0.6, "2012-03-31": "1.00000", "2011-12-31": -374.7, "2011-09-30": 375, "2011-06-30": 0, "2011-03-31": "0.20000", "2010-12-31": -2.2, "2010-09-30": 0, "2010-06-30": 0, "2010-03-31": "", "2009-12-31": -471, "2009-09-30": -59, "2009-06-30": -10, "2009-03-31": "210.00000", "2008-12-31": 110, "2008-09-30": 0, "2008-06-30": 220, "2008-03-31": "", "2007-12-31": 0, "2007-09-30": 0, "2007-06-30": 0, "2007-03-31": "", "2006-12-31": 0, "2006-09-30": 18.8, "2006-06-30": 0, "2006-03-31": "", "2005-12-31": 0, "2005-09-30": -180, "2005-06-30": -154.3, "2005-03-31": "-221.00000"}, "Net Current Debt": {"2020-12-31": 0, "2020-09-30": 0, "2020-06-30": 0, "2020-03-31": "", "2019-12-31": 0, "2019-09-30": 0, "2019-06-30": 0, "2019-03-31": "", "2018-12-31": 0, "2018-09-30": 0, "2018-06-30": 0, "2018-03-31": "", "2017-12-31": 0, "2017-09-30": 0, "2017-06-30": 0, "2017-03-31": "", "2016-12-31": 0, "2016-09-30": 0, "2016-06-30": 0, "2016-03-31": "", "2015-12-31": 0, "2015-09-30": 0, "2015-06-30": 0, "2015-03-31": "", "2014-12-31": 0, "2014-09-30": 0, "2014-06-30": 0, "2014-03-31": "", "2013-12-31": 0, "2013-09-30": 0, "2013-06-30": 0, "2013-03-31": "", "2012-12-31": 0, "2012-09-30": 0, "2012-06-30": 0, "2012-03-31": "", "2011-12-31": 549.3, "2011-09-30": 0, "2011-06-30": 0, "2011-03-31": "", "2010-12-31": 0, "2010-09-30": 0, "2010-06-30": 0, "2010-03-31": "", "2009-12-31": 998.8, "2009-09-30": 0, "2009-06-30": 0, "2009-03-31": "", "2008-12-31": 0, "2008-09-30": 0, "2008-06-30": 0, "2008-03-31": "", "2007-12-31": 0, "2007-09-30": 0, "2007-06-30": 0, "2007-03-31": "", "2006-12-31": 0, "2006-09-30": 0, "2006-06-30": 0, "2006-03-31": "", "2005-12-31": 0, "2005-09-30": 0, "2005-06-30": 0, "2005-03-31": ""}, "Debt Issuance/Retirement Net - Total": {"2020-12-31": -250, "2020-09-30": 0, "2020-06-30": -1500, "2020-03-31": "1497.10000", "2019-12-31": -161.1, "2019-09-30": -330, "2019-06-30": -115, "2019-03-31": "-110.00000", "2018-12-31": -250.0001, "2018-09-30": -303.6999, "2018-06-30": -1525, "2018-03-31": "924.30000", "2017-12-31": -300, "2017-09-30": -297.5, "2017-06-30": -900, "2017-03-31": "249.30000", "2016-12-31": -276.5001, "2016-09-30": 535.7, "2016-06-30": -119.1, "2016-03-31": "-399.70000", "2015-12-31": -372.7, "2015-09-30": -150.101, "2015-06-30": 260.101, "2015-03-31": "7629.00000", "2014-12-31": -249.1, "2014-09-30": 0.9, "2014-06-30": 0.3, "2014-03-31": "0.20000", "2013-12-31": 1.8, "2013-09-30": 0.8, "2013-06-30": 0, "2013-03-31": "-100.10000", "2012-12-31": 99.8, "2012-09-30": -4.2, "2012-06-30": 0.6, "2012-03-31": "1.00000", "2011-12-31": 174.6, "2011-09-30": 375, "2011-06-30": 0, "2011-03-31": "0.20000", "2010-12-31": -2.2, "2010-09-30": 0, "2010-06-30": 0, "2010-03-31": "", "2009-12-31": 527.8, "2009-09-30": -59, "2009-06-30": -10, "2009-03-31": "210.00000", "2008-12-31": 110, "2008-09-30": 0, "2008-06-30": 220, "2008-03-31": "", "2007-12-31": 0, "2007-09-30": 0, "2007-06-30": 0, "2007-03-31": "", "2006-12-31": 0, "2006-09-30": 18.8, "2006-06-30": 0, "2006-03-31": "", "2005-12-31": 0, "2005-09-30": -180, "2005-06-30": -154.3, "2005-03-31": "-221.00000"}, "Net Common Equity Issued/Repurchased": {"2020-12-31": 32.1, "2020-09-30": 36, "2020-06-30": 7.2, "2020-03-31": "54.50000", "2019-12-31": 32.3, "2019-09-30": 71.1, "2019-06-30": 10.4, "2019-03-31": "44.40000", "2018-12-31": 4.5, "2018-09-30": 47, "2018-06-30": 8.5, "2018-03-31": "47.90000", "2017-12-31": 12.9, "2017-09-30": 27.1, "2017-06-30": 39.4, "2017-03-31": "66.10000", "2016-12-31": 23.1, "2016-09-30": 34.9, "2016-06-30": 47.3, "2016-03-31": "-384.20000", "2015-12-31": -121.8, "2015-09-30": 42.4, "2015-06-30": 7.1, "2015-03-31": "27.50000", "2014-12-31": 29.8, "2014-09-30": 35.6, "2014-06-30": 80.7, "2014-03-31": "-262.30000", "2013-12-31": -91.3, "2013-09-30": 91.2, "2013-06-30": 79.1, "2013-03-31": "-325.00000", "2012-12-31": -127.1, "2012-09-30": -81.5, "2012-06-30": -98.8, "2012-03-31": "-131.30000", "2011-12-31": -134.1, "2011-09-30": -544.4, "2011-06-30": -109, "2011-03-31": "-219.10000", "2010-12-31": -97, "2010-09-30": -220.9, "2010-06-30": -82.2, "2010-03-31": "-88.60000", "2009-12-31": -517.4, "2009-09-30": -63.4, "2009-06-30": -36.1, "2009-03-31": "-305.90000", "2008-12-31": -45.3, "2008-09-30": -39.7, "2008-06-30": -467.5, "2008-03-31": "-127.50000", "2007-12-31": -111.7, "2007-09-30": -141.7, "2007-06-30": -78.7, "2007-03-31": "-94.40000", "2006-12-31": -152, "2006-09-30": -305.3, "2006-06-30": -304.2, "2006-03-31": "4.00000", "2005-12-31": -2.5, "2005-09-30": 23, "2005-06-30": 7.7, "2005-03-31": "44.40000"}, "Net Total Equity Issued/Repurchased": {"2020-12-31": 32.1, "2020-09-30": 36, "2020-06-30": 7.2, "2020-03-31": "54.50000", "2019-12-31": 32.3, "2019-09-30": 71.1, "2019-06-30": 10.4, "2019-03-31": "44.40000", "2018-12-31": 4.5, "2018-09-30": 47, "2018-06-30": 8.5, "2018-03-31": "47.90000", "2017-12-31": 12.9, "2017-09-30": 27.1, "2017-06-30": 39.4, "2017-03-31": "66.10000", "2016-12-31": 23.1, "2016-09-30": 34.9, "2016-06-30": 47.3, "2016-03-31": "-384.20000", "2015-12-31": -121.8, "2015-09-30": 42.4, "2015-06-30": 7.1, "2015-03-31": "27.50000", "2014-12-31": 29.8, "2014-09-30": 35.6, "2014-06-30": 80.7, "2014-03-31": "-262.30000", "2013-12-31": -91.3, "2013-09-30": 91.2, "2013-06-30": 79.1, "2013-03-31": "-325.00000", "2012-12-31": -127.1, "2012-09-30": -81.5, "2012-06-30": -98.8, "2012-03-31": "-131.30000", "2011-12-31": -134.1, "2011-09-30": -544.4, "2011-06-30": -109, "2011-03-31": "-219.10000", "2010-12-31": -97, "2010-09-30": -220.9, "2010-06-30": -82.2, "2010-03-31": "-88.60000", "2009-12-31": -517.4, "2009-09-30": -63.4, "2009-06-30": -36.1, "2009-03-31": "-305.90000", "2008-12-31": -45.3, "2008-09-30": -39.7, "2008-06-30": -467.5, "2008-03-31": "-127.50000", "2007-12-31": -111.7, "2007-09-30": -141.7, "2007-06-30": -78.7, "2007-03-31": "-94.40000", "2006-12-31": -152, "2006-09-30": -305.3, "2006-06-30": -304.2, "2006-03-31": "4.00000", "2005-12-31": -2.5, "2005-09-30": 23, "2005-06-30": 7.7, "2005-03-31": "44.40000"}, "Total Common And Preferred Stock Dividends Paid": {"2020-12-31": -49.8, "2020-09-30": -49.6, "2020-06-30": -49.6, "2020-03-31": "-49.50000", "2019-12-31": -49.4, "2019-09-30": -49.2, "2019-06-30": -49.1, "2019-03-31": "-49.00000", "2018-12-31": -49, "2018-09-30": -48.8, "2018-06-30": -48.8, "2018-03-31": "-48.60000", "2017-12-31": -48.6, "2017-09-30": -48.5, "2017-06-30": -48.4, "2017-03-31": "-48.10000", "2016-12-31": -48.1, "2016-09-30": -47.9, "2016-06-30": -47.8, "2016-03-31": "-44.60000", "2015-12-31": -44.8, "2015-09-30": -37.6, "2015-06-30": -37.4, "2015-03-31": "-37.30000", "2014-12-31": -37.5, "2014-09-30": -37.1, "2014-06-30": -36.9, "2014-03-31": "-34.00000", "2013-12-31": -34, "2013-09-30": -33.9, "2013-06-30": -33.6, "2013-03-31": "-30.90000", "2012-12-31": -31.2, "2012-09-30": -31.5, "2012-06-30": -31.7, "2012-03-31": "", "2011-12-31": 0, "2011-09-30": 0, "2011-06-30": 0, "2011-03-31": "", "2010-12-31": 0, "2010-09-30": 0, "2010-06-30": 0, "2010-03-31": "", "2009-12-31": 0, "2009-09-30": 0, "2009-06-30": 0, "2009-03-31": "", "2008-12-31": 0, "2008-09-30": 0, "2008-06-30": 0, "2008-03-31": "", "2007-12-31": 0, "2007-09-30": 0, "2007-06-30": 0, "2007-03-31": "", "2006-12-31": 0, "2006-09-30": 0, "2006-06-30": 0, "2006-03-31": "", "2005-12-31": 0, "2005-09-30": 0, "2005-06-30": 0, "2005-03-31": ""}, "Financial Activities - Other": {"2020-12-31": -18.6, "2020-09-30": -29, "2020-06-30": -43.3, "2020-03-31": "-9.30000", "2019-12-31": -4.5, "2019-09-30": 9.7, "2019-06-30": -9.9, "2019-03-31": "-20.60000", "2018-12-31": 19, "2018-09-30": 7.8, "2018-06-30": -5.5, "2018-03-31": "-81.80000", "2017-12-31": 102.8, "2017-09-30": -1.8, "2017-06-30": -4, "2017-03-31": "-11.20000", "2016-12-31": -7.6, "2016-09-30": -3.5, "2016-06-30": -0.8, "2016-03-31": "-4.40000", "2015-12-31": 0.9, "2015-09-30": 1.1, "2015-06-30": -9.1, "2015-03-31": "-50.60000", "2014-12-31": -6.3, "2014-09-30": -15.3, "2014-06-30": -44.5, "2014-03-31": "5.40000", "2013-12-31": 1.3, "2013-09-30": 2.2, "2013-06-30": 1.6, "2013-03-31": "3.50000", "2012-12-31": 0.4, "2012-09-30": 0.9, "2012-06-30": -3.1, "2012-03-31": "1.20000", "2011-12-31": -3, "2011-09-30": 0.4, "2011-06-30": 1.2, "2011-03-31": "2.40000", "2010-12-31": 0.2, "2010-09-30": 0.1, "2010-06-30": 0.3, "2010-03-31": "0.70000", "2009-12-31": -8.2, "2009-09-30": 0.1, "2009-06-30": 0, "2009-03-31": "", "2008-12-31": 0, "2008-09-30": 0.5, "2008-06-30": 4.4, "2008-03-31": "1.60000", "2007-12-31": 0.5, "2007-09-30": 0.9, "2007-06-30": 5.6, "2007-03-31": "20.00000", "2006-12-31": 4.3, "2006-09-30": 1.2, "2006-06-30": 0.7, "2006-03-31": "1.80000", "2005-12-31": 0, "2005-09-30": 0, "2005-06-30": 0, "2005-03-31": "-1.90000"}, "Cash Flow From Financial Activities": {"2020-12-31": -286.3, "2020-09-30": -42.6, "2020-06-30": -1585.7, "2020-03-31": "1492.80000", "2019-12-31": -182.7, "2019-09-30": -298.4, "2019-06-30": -163.6, "2019-03-31": "-135.20000", "2018-12-31": -275.5, "2018-09-30": -297.7, "2018-06-30": -1570.8, "2018-03-31": "841.80000", "2017-12-31": -232.9, "2017-09-30": -320.7, "2017-06-30": -913, "2017-03-31": "256.10000", "2016-12-31": -309.1, "2016-09-30": 519.2, "2016-06-30": -120.4, "2016-03-31": "-832.90000", "2015-12-31": -538.4, "2015-09-30": -144.2, "2015-06-30": 220.7, "2015-03-31": "7568.60000", "2014-12-31": -263.1, "2014-09-30": -15.9, "2014-06-30": -0.4, "2014-03-31": "-290.70000", "2013-12-31": -122.2, "2013-09-30": 60.3, "2013-06-30": 47.1, "2013-03-31": "-452.50000", "2012-12-31": -58.1, "2012-09-30": -116.3, "2012-06-30": -133, "2012-03-31": "-129.10000", "2011-12-31": 37.5, "2011-09-30": -169, "2011-06-30": -107.8, "2011-03-31": "-216.50000", "2010-12-31": -99, "2010-09-30": -220.8, "2010-06-30": -81.9, "2010-03-31": "-87.90000", "2009-12-31": 2.2, "2009-09-30": -122.3, "2009-06-30": -46.1, "2009-03-31": "-95.90000", "2008-12-31": 64.7, "2008-09-30": -39.2, "2008-06-30": -243.1, "2008-03-31": "-125.90000", "2007-12-31": -111.2, "2007-09-30": -140.8, "2007-06-30": -73.1, "2007-03-31": "-74.40000", "2006-12-31": -147.7, "2006-09-30": -285.3, "2006-06-30": -303.5, "2006-03-31": "5.80000", "2005-12-31": -2.5, "2005-09-30": -157, "2005-06-30": -146.6, "2005-03-31": "-178.50000"}, "Net Cash Flow": {"2020-12-31": -165.2, "2020-09-30": 253.9, "2020-06-30": -1720.2, "2020-03-31": "1815.70000", "2019-12-31": 105.4, "2019-09-30": 109.4, "2019-06-30": -183.7, "2019-03-31": "44.00000", "2018-12-31": 18.2, "2018-09-30": 43.4, "2018-06-30": -1284.2, "2018-03-31": "1241.00000", "2017-12-31": 43.6, "2017-09-30": 30.8, "2017-06-30": -589.5, "2017-03-31": "405.40000", "2016-12-31": 158.8, "2016-09-30": -501, "2016-06-30": -20.5, "2016-03-31": "-462.50000", "2015-12-31": -7.6, "2015-09-30": 42.3, "2015-06-30": -7368.9, "2015-03-31": "7710.20000", "2014-12-31": 116, "2014-09-30": -1.4, "2014-06-30": 86, "2014-03-31": "-197.90000", "2013-12-31": 163.2, "2013-09-30": 207.5, "2013-06-30": 52.9, "2013-03-31": "-227.30000", "2012-12-31": 82.8, "2012-09-30": 150.5, "2012-06-30": -23, "2012-03-31": "-94.30000", "2011-12-31": 215.3, "2011-09-30": -71.1, "2011-06-30": 48.5, "2011-03-31": "-93.30000", "2010-12-31": -249.7, "2010-09-30": -35.1, "2010-06-30": 132.5, "2010-03-31": "129.50000", "2009-12-31": 252, "2009-09-30": 162.2, "2009-06-30": 64.7, "2009-03-31": "0.20000", "2008-12-31": -329.8, "2008-09-30": 154.3, "2008-06-30": -87.9, "2008-03-31": "12.10000", "2007-12-31": 150.9, "2007-09-30": -45.7, "2007-06-30": 32.7, "2007-03-31": "60.30000", "2006-12-31": -9.9, "2006-09-30": -60.2, "2006-06-30": -68, "2006-03-31": "170.60000", "2005-12-31": 141.4, "2005-09-30": 13, "2005-06-30": 21.8, "2005-03-31": "-97.60000"}, "Stock-Based Compensation": {"2020-12-31": 17.7, "2020-09-30": 23.7, "2020-06-30": 21.8, "2020-03-31": "16.50000", "2019-12-31": 22.7, "2019-09-30": 21.6, "2019-06-30": 19.7, "2019-03-31": "20.30000", "2018-12-31": 20.2, "2018-09-30": 19.3, "2018-06-30": 12.1, "2018-03-31": "13.90000", "2017-12-31": 13.6, "2017-09-30": 12.4, "2017-06-30": 13.7, "2017-03-31": "14.00000", "2016-12-31": 11.4, "2016-09-30": 15.2, "2016-06-30": 18, "2016-03-31": "12.70000", "2015-12-31": 11.7, "2015-09-30": 13.5, "2015-06-30": 8.3, "2015-03-31": "12.90000", "2014-12-31": 12.4, "2014-09-30": 12.8, "2014-06-30": 13, "2014-03-31": "11.20000", "2013-12-31": 48.5, "2013-09-30": 0, "2013-06-30": -14, "2013-03-31": "14.00000", "2012-12-31": 0, "2012-09-30": 0, "2012-06-30": 0, "2012-03-31": "", "2011-12-31": 60.5, "2011-09-30": -31.7, "2011-06-30": 31.7, "2011-03-31": "", "2010-12-31": 16.6, "2010-09-30": 14.8, "2010-06-30": 17.9, "2010-03-31": "12.70000", "2009-12-31": 17.6, "2009-09-30": 17.6, "2009-06-30": 23, "2009-03-31": "17.10000", "2008-12-31": 19.5, "2008-09-30": 11, "2008-06-30": 24.5, "2008-03-31": "14.90000", "2007-12-31": 16.6, "2007-09-30": 12.4, "2007-06-30": 20.2, "2007-03-31": "20.90000", "2006-12-31": 20, "2006-09-30": 17, "2006-06-30": 20.8, "2006-03-31": "18.20000", "2005-12-31": 0, "2005-09-30": 0, "2005-06-30": 0, "2005-03-31": ""}, "Common Stock Dividends Paid": {"2020-12-31": -49.8, "2020-09-30": -49.6, "2020-06-30": -49.6, "2020-03-31": "-49.50000", "2019-12-31": -49.4, "2019-09-30": -49.2, "2019-06-30": -49.1, "2019-03-31": "-49.00000", "2018-12-31": -49, "2018-09-30": -48.8, "2018-06-30": -48.8, "2018-03-31": "-48.60000", "2017-12-31": -48.6, "2017-09-30": -48.5, "2017-06-30": -48.4, "2017-03-31": "-48.10000", "2016-12-31": -48.1, "2016-09-30": -47.9, "2016-06-30": -47.8, "2016-03-31": "-44.60000", "2015-12-31": -44.8, "2015-09-30": -37.6, "2015-06-30": -37.4, "2015-03-31": "-37.30000", "2014-12-31": -37.5, "2014-09-30": -37.1, "2014-06-30": -36.9, "2014-03-31": "-34.00000", "2013-12-31": -34, "2013-09-30": -33.9, "2013-06-30": -33.6, "2013-03-31": "-30.90000", "2012-12-31": -31.2, "2012-09-30": -31.5, "2012-06-30": -31.7, "2012-03-31": "0.00000", "2011-12-31": 0, "2011-09-30": 0, "2011-06-30": 0, "2011-03-31": "", "2010-12-31": 0, "2010-09-30": 0, "2010-06-30": 0, "2010-03-31": "", "2009-12-31": 0, "2009-09-30": 0, "2009-06-30": 0, "2009-03-31": "", "2008-12-31": 0, "2008-09-30": 0, "2008-06-30": 0, "2008-03-31": "", "2007-12-31": 0, "2007-09-30": 0, "2007-06-30": 0, "2007-03-31": "", "2006-12-31": 0, "2006-09-30": 0, "2006-06-30": 0, "2006-03-31": "", "2005-12-31": 0, "2005-09-30": 0, "2005-06-30": 0, "2005-03-31": ""}}, "financial ratios": {"Current Ratio": {"2019-12-31": "1.37260", "2018-12-31": "1.82850", "2017-12-31": "1.48710", "2016-12-31": "1.95830", "2015-12-31": "3.61810", "2014-12-31": "4.21220", "2013-12-31": "4.06910", "2012-12-31": "4.28260", "2011-12-31": "3.77880", "2010-12-31": "4.28430", "2009-12-31": "3.96410", "2008-12-31": "2.82530", "2007-12-31": "2.78210", "2006-12-31": "2.77970", "2005-12-31": "2.59610"}, "Long-term Debt / Capital": {"2019-12-31": "0.35160", "2018-12-31": "0.42730", "2017-12-31": "0.43180", "2016-12-31": "0.52450", "2015-12-31": "0.53760", "2014-12-31": "0.17870", "2013-12-31": "0.20980", "2012-12-31": "0.22680", "2011-12-31": "0.22230", "2010-12-31": "0.16520", "2009-12-31": "0.16660", "2008-12-31": "0.07530", "2007-12-31": "0.01880", "2006-12-31": "0.01980", "2005-12-31": "0.01710"}, "Debt/Equity Ratio": {"2019-12-31": "0.66340", "2018-12-31": "0.79270", "2017-12-31": "0.86430", "2016-12-31": "1.16250", "2015-12-31": "1.16260", "2014-12-31": "0.21760", "2013-12-31": "0.26540", "2012-12-31": "0.31040", "2011-12-31": "0.31180", "2010-12-31": "0.19790", "2009-12-31": "0.20000", "2008-12-31": "0.08140", "2007-12-31": "0.01910", "2006-12-31": "0.02020", "2005-12-31": "0.01740"}, "Gross Margin": {"2019-12-31": "71.77970", "2018-12-31": "71.36100", "2017-12-31": "72.66670", "2016-12-31": "68.94010", "2015-12-31": "69.97900", "2014-12-31": "73.40640", "2013-12-31": "72.60240", "2012-12-31": "74.83730", "2011-12-31": "74.79670", "2010-12-31": "76.01540", "2009-12-31": "75.80940", "2008-12-31": "75.80020", "2007-12-31": "77.52660", "2006-12-31": "77.68210", "2005-12-31": "77.49920"}, "Operating Margin": {"2019-12-31": "14.25050", "2018-12-31": "0.42610", "2017-12-31": "10.24310", "2016-12-31": "10.70760", "2015-12-31": "7.79120", "2014-12-31": "22.19630", "2013-12-31": "23.11290", "2012-12-31": "23.42290", "2011-12-31": "23.00420", "2010-12-31": "21.72170", "2009-12-31": "24.87670", "2008-12-31": "26.44930", "2007-12-31": "28.93140", "2006-12-31": "33.33520", "2005-12-31": "32.10490"}, "EBIT Margin": {"2019-12-31": "14.25050", "2018-12-31": "0.42610", "2017-12-31": "10.24310", "2016-12-31": "10.70760", "2015-12-31": "7.79120", "2014-12-31": "22.19630", "2013-12-31": "23.11290", "2012-12-31": "23.42290", "2011-12-31": "23.00420", "2010-12-31": "21.72170", "2009-12-31": "24.87670", "2008-12-31": "26.44930", "2007-12-31": "28.93140", "2006-12-31": "33.33520", "2005-12-31": "32.10490"}, "EBITDA Margin": {"2019-12-31": "27.73300", "2018-12-31": "25.89220", "2017-12-31": "28.10990", "2016-12-31": "24.66620", "2015-12-31": "19.66890", "2014-12-31": "30.23770", "2013-12-31": "30.86690", "2012-12-31": "33.68970", "2011-12-31": "31.08850", "2010-12-31": "34.61690", "2009-12-31": "34.89770", "2008-12-31": "33.12470", "2007-12-31": "34.83260", "2006-12-31": "38.98270", "2005-12-31": "37.75600"}, "Pre-Tax Profit Margin": {"2019-12-31": "11.34780", "2018-12-31": "-3.41740", "2017-12-31": "5.95390", "2016-12-31": "5.21100", "2015-12-31": "2.55430", "2014-12-31": "20.10140", "2013-12-31": "21.80430", "2012-12-31": "22.14150", "2011-12-31": "21.98890", "2010-12-31": "20.38290", "2009-12-31": "24.37370", "2008-12-31": "27.22090", "2007-12-31": "29.03400", "2006-12-31": "33.44400", "2005-12-31": "31.66980"}, "Net Profit Margin": {"2019-12-31": "14.17650", "2018-12-31": "-4.78010", "2017-12-31": "23.24400", "2016-12-31": "3.98910", "2015-12-31": "2.45090", "2014-12-31": "15.41310", "2013-12-31": "16.87940", "2012-12-31": "16.88400", "2011-12-31": "17.08970", "2010-12-31": "14.14390", "2009-12-31": "17.51720", "2008-12-31": "20.59160", "2007-12-31": "19.83840", "2006-12-31": "23.87420", "2005-12-31": "22.29090"}, "Asset Turnover": {"2019-12-31": "0.32400", "2018-12-31": "0.32880", "2017-12-31": "0.30000", "2016-12-31": "0.28740", "2015-12-31": "0.22080", "2014-12-31": "0.48390", "2013-12-31": "0.48260", "2012-12-31": "0.49620", "2011-12-31": "0.52280", "2010-12-31": "0.52750", "2009-12-31": "0.52600", "2008-12-31": "0.56930", "2007-12-31": "0.58750", "2006-12-31": "0.58510", "2005-12-31": "0.57430"}, "Inventory Turnover Ratio": {"2019-12-31": "0.94450", "2018-12-31": "1.00680", "2017-12-31": "1.03120", "2016-12-31": "1.21560", "2015-12-31": "0.79880", "2014-12-31": "1.04150", "2013-12-31": "1.17890", "2012-12-31": "1.13050", "2011-12-31": "1.20670", "2010-12-31": "1.08090", "2009-12-31": "1.08490", "2008-12-31": "1.07430", "2007-12-31": "1.20350", "2006-12-31": "1.22220", "2005-12-31": "1.26670"}, "Receiveable Turnover": {"2019-12-31": "5.85250", "2018-12-31": "6.21800", "2017-12-31": "5.05360", "2016-12-31": "4.77960", "2015-12-31": "4.14640", "2014-12-31": "5.12370", "2013-12-31": "4.93640", "2012-12-31": "5.05510", "2011-12-31": "5.30730", "2010-12-31": "5.43910", "2009-12-31": "5.45040", "2008-12-31": "5.62380", "2007-12-31": "5.78010", "2006-12-31": "5.58820", "2005-12-31": "6.26880"}, "Days Sales In Receivables": {"2019-12-31": "62.36670", "2018-12-31": "58.70070", "2017-12-31": "72.22540", "2016-12-31": "76.36610", "2015-12-31": "88.02770", "2014-12-31": "71.23800", "2013-12-31": "73.94100", "2012-12-31": "72.20500", "2011-12-31": "68.77260", "2010-12-31": "67.10670", "2009-12-31": "66.96810", "2008-12-31": "64.90310", "2007-12-31": "63.14800", "2006-12-31": "65.31660", "2005-12-31": "58.22500"}, "ROE - Return On Equity": {"2019-12-31": "9.13030", "2018-12-31": "-3.36380", "2017-12-31": "15.45230", "2016-12-31": "3.15000", "2015-12-31": "1.47840", "2014-12-31": "10.97730", "2013-12-31": "12.35850", "2012-12-31": "12.83430", "2011-12-31": "13.78110", "2010-12-31": "10.34260", "2009-12-31": "12.72280", "2008-12-31": "15.02500", "2007-12-31": "14.19740", "2006-12-31": "16.95970", "2005-12-31": "15.64240"}, "Return On Tangible Equity": {"2019-12-31": "-25.34440", "2018-12-31": "6.31860", "2017-12-31": "-24.88780", "2016-12-31": "-3.12110", "2015-12-31": "-1.66300", "2014-12-31": "20.94350", "2013-12-31": "26.11700", "2012-12-31": "29.48160", "2011-12-31": "36.35840", "2010-12-31": "25.25600", "2009-12-31": "35.92030", "2008-12-31": "42.32690", "2007-12-31": "37.11860", "2006-12-31": "49.31160", "2005-12-31": "48.91810"}, "ROA - Return On Assets": {"2019-12-31": "4.59240", "2018-12-31": "-1.57210", "2017-12-31": "6.97090", "2016-12-31": "1.14150", "2015-12-31": "0.53830", "2014-12-31": "7.44670", "2013-12-31": "8.12680", "2012-12-31": "8.35400", "2011-12-31": "8.92510", "2010-12-31": "7.46130", "2009-12-31": "9.21460", "2008-12-31": "11.73510", "2007-12-31": "11.66320", "2006-12-31": "13.96790", "2005-12-31": "12.80170"}, "ROI - Return On Investment": {"2019-12-31": "5.91970", "2018-12-31": "-1.92640", "2017-12-31": "8.78030", "2016-12-31": "1.49790", "2015-12-31": "0.68360", "2014-12-31": "9.01570", "2013-12-31": "9.76620", "2012-12-31": "9.92340", "2011-12-31": "10.71810", "2010-12-31": "8.63400", "2009-12-31": "10.60250", "2008-12-31": "13.89430", "2007-12-31": "13.93080", "2006-12-31": "16.62320", "2005-12-31": "15.37440"}, "Book Value Per Share": {"2019-12-31": "60.15920", "2018-12-31": "55.27500", "2017-12-31": "57.92450", "2016-12-31": "48.20490", "2015-12-31": "48.78840", "2014-12-31": "38.60750", "2013-12-31": "37.10310", "2012-12-31": "34.18590", "2011-12-31": "30.98200", "2010-12-31": "29.50560", "2009-12-31": "27.61360", "2008-12-31": "25.28580", "2007-12-31": "23.39890", "2006-12-31": "20.77910", "2005-12-31": "18.90510"}, "Operating Cash Flow Per Share": {"2019-12-31": -0.9147, "2018-12-31": 0.8189, "2017-12-31": -0.2964, "2016-12-31": 3.5869, "2015-12-31": -1.6992, "2014-12-31": 0.5706, "2013-12-31": -0.939, "2012-12-31": 0.308, "2011-12-31": 0.302, "2010-12-31": 0.7565, "2009-12-31": 0.6313, "2008-12-31": -0.0188, "2007-12-31": 0.3251, "2006-12-31": 0.7252, "2005-12-31": 3.5156}, "Free Cash Flow Per Share": {"2019-12-31": -1.2877, "2018-12-31": 1.0819, "2017-12-31": -0.0971, "2016-12-31": 2.8862, "2015-12-31": -1.6244, "2014-12-31": 0.2819, "2013-12-31": -1.1462, "2012-12-31": 0.2369, "2011-12-31": 0.2265, "2010-12-31": 0.4656, "2009-12-31": 1.7082, "2008-12-31": -0.7614, "2007-12-31": -0.0421, "2006-12-31": 0.7199, "2005-12-31": 2.4936}}, "financial ratios, quarterly": {"Current Ratio": {"2020-09-30": "2.27370", "2020-06-30": "2.17790", "2020-03-31": "1.68560", "2019-12-31": "1.37260", "2019-09-30": "1.16630", "2019-06-30": "1.19400", "2019-03-31": "1.99520", "2018-12-31": "1.82850", "2018-09-30": "1.88750", "2018-06-30": "2.41430", "2018-03-31": "1.68650", "2017-12-31": "1.48710", "2017-09-30": "1.47280", "2017-06-30": "1.47650", "2017-03-31": "1.91250", "2016-12-31": "1.95830", "2016-09-30": "2.03200", "2016-06-30": "2.40370", "2016-03-31": "3.35530", "2015-12-31": "3.61810", "2015-09-30": "3.57950", "2015-06-30": "3.12120", "2015-03-31": "13.11460", "2014-12-31": "4.21220", "2014-09-30": "3.96400", "2014-06-30": "4.43890", "2014-03-31": "4.40480", "2013-12-31": "4.06910", "2013-09-30": "4.77150", "2013-06-30": "4.46560", "2013-03-31": "4.53820", "2012-12-31": "4.28260", "2012-09-30": "4.80730", "2012-06-30": "5.09190", "2012-03-31": "3.85530", "2011-12-31": "3.77880", "2011-09-30": "4.55570", "2011-06-30": "4.57780", "2011-03-31": "4.24820", "2010-12-31": "4.28430", "2010-09-30": "4.30480", "2010-06-30": "4.95650", "2010-03-31": "4.38610", "2009-12-31": "3.96410", "2009-09-30": "3.61870", "2009-06-30": "3.47980", "2009-03-31": "3.12070", "2008-12-31": "2.82530", "2008-09-30": "2.78270", "2008-06-30": "2.73310", "2008-03-31": "2.81630", "2007-12-31": "2.78210", "2007-09-30": "2.68610", "2007-06-30": "3.03200", "2007-03-31": "3.15010", "2006-12-31": "2.77970", "2006-09-30": "2.51370", "2006-06-30": "2.83830", "2006-03-31": "3.20530", "2005-12-31": "2.59610", "2005-09-30": "2.28910", "2005-06-30": "2.43070", "2005-03-31": "2.43170"}, "Long-term Debt / Capital": {"2020-09-30": "0.39760", "2020-06-30": "0.39990", "2020-03-31": "0.39400", "2019-12-31": "0.35160", "2019-09-30": "0.34430", "2019-06-30": "0.36550", "2019-03-31": "0.41870", "2018-12-31": "0.42730", "2018-09-30": "0.41290", "2018-06-30": "0.43870", "2018-03-31": "0.44150", "2017-12-31": "0.43180", "2017-09-30": "0.46820", "2017-06-30": "0.47640", "2017-03-31": "0.51470", "2016-12-31": "0.52450", "2016-09-30": "0.53040", "2016-06-30": "0.52450", "2016-03-31": "0.53500", "2015-12-31": "0.53760", "2015-09-30": "0.53910", "2015-06-30": "0.53710", "2015-03-31": "0.57920", "2014-12-31": "0.17870", "2014-09-30": "0.17900", "2014-06-30": "0.20730", "2014-03-31": "0.21220", "2013-12-31": "0.20980", "2013-09-30": "0.21550", "2013-06-30": "0.22280", "2013-03-31": "0.22960", "2012-12-31": "0.22680", "2012-09-30": "0.22920", "2012-06-30": "0.23210", "2012-03-31": "0.21740", "2011-12-31": "0.22230", "2011-09-30": "0.21580", "2011-06-30": "0.16020", "2011-03-31": "0.16280", "2010-12-31": "0.16520", "2010-09-30": "0.16360", "2010-06-30": "0.16470", "2010-03-31": "0.16470", "2009-12-31": "0.16660", "2009-09-30": "0.09120", "2009-06-30": "0.10120", "2009-03-31": "0.10620", "2008-12-31": "0.07530", "2008-09-30": "0.05560", "2008-06-30": "0.05640", "2008-03-31": "0.02010", "2007-12-31": "0.01880", "2007-09-30": "0.01930", "2007-06-30": "0.01770", "2007-03-31": "0.01920", "2006-12-31": "0.01980", "2006-09-30": "0.02060", "2006-06-30": "0.01660", "2006-03-31": "0.01630", "2005-12-31": "0.01710", "2005-09-30": "0.01870", "2005-06-30": "0.05860", "2005-03-31": "0.09310"}, "Debt/Equity Ratio": {"2020-09-30": "0.69790", "2020-06-30": "0.70500", "2020-03-31": "0.81410", "2019-12-31": "0.66340", "2019-09-30": "0.69060", "2019-06-30": "0.74770", "2019-03-31": "0.76350", "2018-12-31": "0.79270", "2018-09-30": "0.75250", "2018-06-30": "0.78990", "2018-03-31": "0.92600", "2017-12-31": "0.86430", "2017-09-30": "0.99760", "2017-06-30": "1.03930", "2017-03-31": "1.15890", "2016-12-31": "1.16250", "2016-09-30": "1.18840", "2016-06-30": "1.15540", "2016-03-31": "1.15080", "2015-12-31": "1.16260", "2015-09-30": "1.19230", "2015-06-30": "1.19000", "2015-03-31": "1.37650", "2014-12-31": "0.21760", "2014-09-30": "0.25630", "2014-06-30": "0.26150", "2014-03-31": "0.26930", "2013-12-31": "0.26540", "2013-09-30": "0.27460", "2013-06-30": "0.28660", "2013-03-31": "0.29810", "2012-12-31": "0.31040", "2012-09-30": "0.29740", "2012-06-30": "0.30280", "2012-03-31": "0.30330", "2011-12-31": "0.31180", "2011-09-30": "0.27520", "2011-06-30": "0.19070", "2011-03-31": "0.19440", "2010-12-31": "0.19790", "2010-09-30": "0.19560", "2010-06-30": "0.19720", "2010-03-31": "0.19720", "2009-12-31": "0.20000", "2009-09-30": "0.10040", "2009-06-30": "0.11260", "2009-03-31": "0.11890", "2008-12-31": "0.08140", "2008-09-30": "0.05890", "2008-06-30": "0.05980", "2008-03-31": "0.02050", "2007-12-31": "0.01910", "2007-09-30": "0.01960", "2007-06-30": "0.01800", "2007-03-31": "0.01950", "2006-12-31": "0.02020", "2006-09-30": "0.02100", "2006-06-30": "0.01690", "2006-03-31": "0.01660", "2005-12-31": "0.01740", "2005-09-30": "0.01900", "2005-06-30": "0.06230", "2005-03-31": "0.10260"}, "Gross Margin": {"2020-09-30": "70.48670", "2020-06-30": "65.37800", "2020-03-31": "72.69310", "2019-12-31": "72.61140", "2019-09-30": "71.69200", "2019-06-30": "70.76840", "2019-03-31": "71.98680", "2018-12-31": "71.83000", "2018-09-30": "71.19830", "2018-06-30": "70.92550", "2018-03-31": "71.46110", "2017-12-31": "71.40650", "2017-09-30": "72.37330", "2017-06-30": "72.93150", "2017-03-31": "73.99620", "2016-12-31": "68.87270", "2016-09-30": "73.84880", "2016-06-30": "66.90280", "2016-03-31": "66.35500", "2015-12-31": "65.38580", "2015-09-30": "68.66990", "2015-06-30": "74.79450", "2015-03-31": "74.88540", "2014-12-31": "74.51960", "2014-09-30": "73.24590", "2014-06-30": "71.96720", "2014-03-31": "73.85280", "2013-12-31": "74.09530", "2013-09-30": "69.39400", "2013-06-30": "72.33010", "2013-03-31": "74.28220", "2012-12-31": "74.68020", "2012-09-30": "75.06580", "2012-06-30": "74.94220", "2012-03-31": "74.69100", "2011-12-31": "74.02560", "2011-09-30": "75.57930", "2011-06-30": "74.68790", "2011-03-31": "74.99100", "2010-12-31": "75.84380", "2010-09-30": "77.29530", "2010-06-30": "76.30710", "2010-03-31": "74.74600", "2009-12-31": "75.21900", "2009-09-30": "74.44650", "2009-06-30": "76.78200", "2009-03-31": "76.80840", "2008-12-31": "76.40260", "2008-09-30": "75.08930", "2008-06-30": "75.70170", "2008-03-31": "75.95360", "2007-12-31": "76.34840", "2007-09-30": "77.94510", "2007-06-30": "77.70450", "2007-03-31": "78.27830", "2006-12-31": "77.77430", "2006-09-30": "77.65310", "2006-06-30": "77.31400", "2006-03-31": "77.98700", "2005-12-31": "78.09740", "2005-09-30": "77.11480", "2005-06-30": "77.70430", "2005-03-31": "77.03080"}, "Operating Margin": {"2020-09-30": "15.50820", "2020-06-30": "-14.00380", "2020-03-31": "-25.56340", "2019-12-31": "15.84420", "2019-09-30": "12.98880", "2019-06-30": "10.29370", "2019-03-31": "17.72720", "2018-12-31": "-38.17000", "2018-09-30": "12.15770", "2018-06-30": "14.74400", "2018-03-31": "15.11700", "2017-12-31": "-1.93880", "2017-09-30": "11.64860", "2017-06-30": "14.36780", "2017-03-31": "17.64860", "2016-12-31": "8.93570", "2016-09-30": "10.66680", "2016-06-30": "10.42400", "2016-03-31": "12.89390", "2015-12-31": "11.04160", "2015-09-30": "6.58270", "2015-06-30": "-11.31380", "2015-03-31": "23.79230", "2014-12-31": "18.08000", "2014-09-30": "23.07420", "2014-06-30": "22.05600", "2014-03-31": "25.83730", "2013-12-31": "28.07280", "2013-09-30": "19.70590", "2013-06-30": "17.99060", "2013-03-31": "26.18320", "2012-12-31": "16.98440", "2012-09-30": "24.31980", "2012-06-30": "26.83560", "2012-03-31": "25.91390", "2011-12-31": "17.23630", "2011-09-30": "25.84590", "2011-06-30": "22.78000", "2011-03-31": "26.64040", "2010-12-31": "10.83110", "2010-09-30": "28.14510", "2010-06-30": "21.56570", "2010-03-31": "27.67220", "2009-12-31": "21.53890", "2009-09-30": "20.91020", "2009-06-30": "29.07150", "2009-03-31": "28.18860", "2008-12-31": "23.26730", "2008-09-30": "22.08570", "2008-06-30": "28.56880", "2008-03-31": "31.30660", "2007-12-31": "32.78060", "2007-09-30": "13.95040", "2007-06-30": "33.22690", "2007-03-31": "34.43490", "2006-12-31": "36.23610", "2006-09-30": "31.04420", "2006-06-30": "31.97600", "2006-03-31": "33.76340", "2005-12-31": "33.12510", "2005-09-30": "31.55410", "2005-06-30": "32.56970", "2005-03-31": "31.09230"}, "EBIT Margin": {"2020-09-30": "15.50820", "2020-06-30": "-14.00380", "2020-03-31": "-25.56340", "2019-12-31": "15.84420", "2019-09-30": "12.98880", "2019-06-30": "10.29370", "2019-03-31": "17.72720", "2018-12-31": "-38.17000", "2018-09-30": "12.15770", "2018-06-30": "14.74400", "2018-03-31": "15.11700", "2017-12-31": "-1.93880", "2017-09-30": "11.64860", "2017-06-30": "14.36780", "2017-03-31": "17.64860", "2016-12-31": "8.93570", "2016-09-30": "10.66680", "2016-06-30": "10.42400", "2016-03-31": "12.89390", "2015-12-31": "11.04160", "2015-09-30": "6.58270", "2015-06-30": "-11.31380", "2015-03-31": "23.79230", "2014-12-31": "18.08000", "2014-09-30": "23.07420", "2014-06-30": "22.05600", "2014-03-31": "25.83730", "2013-12-31": "28.07280", "2013-09-30": "19.70590", "2013-06-30": "17.99060", "2013-03-31": "26.18320", "2012-12-31": "16.98440", "2012-09-30": "24.31980", "2012-06-30": "26.83560", "2012-03-31": "25.91390", "2011-12-31": "17.23630", "2011-09-30": "25.84590", "2011-06-30": "22.78000", "2011-03-31": "26.64040", "2010-12-31": "10.83110", "2010-09-30": "28.14510", "2010-06-30": "21.56570", "2010-03-31": "27.67220", "2009-12-31": "21.53890", "2009-09-30": "20.91020", "2009-06-30": "29.07150", "2009-03-31": "28.18860", "2008-12-31": "23.26730", "2008-09-30": "22.08570", "2008-06-30": "28.56880", "2008-03-31": "31.30660", "2007-12-31": "32.78060", "2007-09-30": "13.95040", "2007-06-30": "33.22690", "2007-03-31": "34.43490", "2006-12-31": "36.23610", "2006-09-30": "31.04420", "2006-06-30": "31.97600", "2006-03-31": "33.76340", "2005-12-31": "33.12510", "2005-09-30": "31.55410", "2005-06-30": "32.56970", "2005-03-31": "31.09230"}, "EBITDA Margin": {"2020-09-30": "", "2020-06-30": "", "2020-03-31": "", "2019-12-31": "", "2019-09-30": "", "2019-06-30": "", "2019-03-31": "", "2018-12-31": "", "2018-09-30": "", "2018-06-30": "", "2018-03-31": "", "2017-12-31": "", "2017-09-30": "", "2017-06-30": "", "2017-03-31": "", "2016-12-31": "", "2016-09-30": "", "2016-06-30": "", "2016-03-31": "", "2015-12-31": "", "2015-09-30": "", "2015-06-30": "", "2015-03-31": "", "2014-12-31": "", "2014-09-30": "", "2014-06-30": "", "2014-03-31": "", "2013-12-31": "", "2013-09-30": "", "2013-06-30": "", "2013-03-31": "", "2012-12-31": "", "2012-09-30": "", "2012-06-30": "", "2012-03-31": "", "2011-12-31": "", "2011-09-30": "", "2011-06-30": "", "2011-03-31": "", "2010-12-31": "", "2010-09-30": "", "2010-06-30": "", "2010-03-31": "", "2009-12-31": "", "2009-09-30": "", "2009-06-30": "", "2009-03-31": "", "2008-12-31": "", "2008-09-30": "", "2008-06-30": "", "2008-03-31": "", "2007-12-31": "", "2007-09-30": "", "2007-06-30": "", "2007-03-31": "", "2006-12-31": "", "2006-09-30": "", "2006-06-30": "", "2006-03-31": "", "2005-12-31": "", "2005-09-30": "", "2005-06-30": "", "2005-03-31": ""}, "Pre-Tax Profit Margin": {"2020-09-30": "13.25870", "2020-06-30": "-18.09800", "2020-03-31": "-28.24870", "2019-12-31": "13.60490", "2019-09-30": "9.75480", "2019-06-30": "7.05520", "2019-03-31": "14.76590", "2018-12-31": "-41.81070", "2018-09-30": "8.36280", "2018-06-30": "10.84880", "2018-03-31": "11.07260", "2017-12-31": "-6.00490", "2017-09-30": "7.01560", "2017-06-30": "10.07440", "2017-03-31": "13.44560", "2016-12-31": "1.54190", "2016-09-30": "5.64710", "2016-06-30": "5.71350", "2016-03-31": "8.13030", "2015-12-31": "6.88870", "2015-09-30": "1.80460", "2015-06-30": "-20.43510", "2015-03-31": "19.99300", "2014-12-31": "15.31610", "2014-09-30": "20.77760", "2014-06-30": "19.98480", "2014-03-31": "24.61470", "2013-12-31": "26.59790", "2013-09-30": "18.46780", "2013-06-30": "16.75930", "2013-03-31": "24.91000", "2012-12-31": "15.79840", "2012-09-30": "22.90590", "2012-06-30": "25.56440", "2012-03-31": "24.64280", "2011-12-31": "16.14840", "2011-09-30": "24.71160", "2011-06-30": "21.91840", "2011-03-31": "25.65440", "2010-12-31": "9.65010", "2010-09-30": "26.67360", "2010-06-30": "20.21370", "2010-03-31": "26.29850", "2009-12-31": "20.75320", "2009-09-30": "20.47970", "2009-06-30": "28.67930", "2009-03-31": "27.81580", "2008-12-31": "22.85960", "2008-09-30": "25.04730", "2008-06-30": "29.19870", "2008-03-31": "31.40110", "2007-12-31": "32.88310", "2007-09-30": "14.14970", "2007-06-30": "33.36080", "2007-03-31": "34.41380", "2006-12-31": "36.39680", "2006-09-30": "31.11740", "2006-06-30": "32.11210", "2006-03-31": "33.82150", "2005-12-31": "33.03080", "2005-09-30": "31.27870", "2005-06-30": "32.07370", "2005-03-31": "30.22330"}, "Net Profit Margin": {"2020-09-30": "12.56930", "2020-06-30": "-16.85020", "2020-03-31": "-28.50660", "2019-12-31": "15.08680", "2019-09-30": "22.78060", "2019-06-30": "6.72330", "2019-03-31": "12.45760", "2018-12-31": "-43.51040", "2018-09-30": "8.83110", "2018-06-30": "9.21500", "2018-03-31": "8.65880", "2017-12-31": "59.53680", "2017-09-30": "5.44920", "2017-06-30": "9.44860", "2017-03-31": "15.17950", "2016-12-31": "3.48420", "2016-09-30": "8.66430", "2016-06-30": "-1.61840", "2016-03-31": "5.71430", "2015-12-31": "6.56810", "2015-09-30": "1.25980", "2015-06-30": "-14.86810", "2015-03-31": "15.10930", "2014-12-31": "12.20050", "2014-09-30": "15.65100", "2014-06-30": "14.92100", "2014-03-31": "19.07020", "2013-12-31": "20.57710", "2013-09-30": "14.37220", "2013-06-30": "13.00560", "2013-03-31": "19.19400", "2012-12-31": "12.94370", "2012-09-30": "17.36710", "2012-06-30": "19.06670", "2012-03-31": "18.37470", "2011-12-31": "13.41560", "2011-09-30": "18.56520", "2011-06-30": "17.91810", "2011-03-31": "18.72540", "2010-12-31": "3.07570", "2010-09-30": "19.80310", "2010-06-30": "15.64720", "2010-03-31": "19.32630", "2009-12-31": "14.01610", "2009-09-30": "15.36490", "2009-06-30": "20.60010", "2009-03-31": "20.37070", "2008-12-31": "16.25900", "2008-09-30": "22.54780", "2008-06-30": "21.03750", "2008-03-31": "22.59250", "2007-12-31": "24.57380", "2007-09-30": "4.92690", "2007-06-30": "23.85120", "2007-03-31": "24.56330", "2006-12-31": "26.21040", "2006-09-30": "22.35910", "2006-06-30": "22.78810", "2006-03-31": "23.89590", "2005-12-31": "23.52940", "2005-09-30": "22.11150", "2005-06-30": "22.52010", "2005-03-31": "20.95350"}, "Asset Turnover": {"2020-09-30": "0.08030", "2020-06-30": "0.05180", "2020-03-31": "0.06990", "2019-12-31": "0.08630", "2019-09-30": "0.07780", "2019-06-30": "0.08220", "2019-03-31": "0.08130", "2018-12-31": "0.08580", "2018-09-30": "0.07240", "2018-06-30": "0.07880", "2018-03-31": "0.07420", "2017-12-31": "0.07950", "2017-09-30": "0.06860", "2017-06-30": "0.07370", "2017-03-31": "0.07310", "2016-12-31": "0.07490", "2016-09-30": "0.06780", "2016-06-30": "0.07450", "2016-03-31": "0.07240", "2015-12-31": "0.07120", "2015-09-30": "0.06600", "2015-06-30": "0.04290", "2015-03-31": "0.06600", "2014-12-31": "0.12660", "2014-09-30": "0.11440", "2014-06-30": "0.12270", "2014-03-31": "0.12380", "2013-12-31": "0.12950", "2013-09-30": "0.11480", "2013-06-30": "0.12860", "2013-03-31": "0.13020", "2012-12-31": "0.13100", "2012-09-30": "0.11670", "2012-06-30": "0.13060", "2012-03-31": "0.13260", "2011-12-31": "0.13710", "2011-09-30": "0.12580", "2011-06-30": "0.13790", "2011-03-31": "0.13740", "2010-12-31": "0.14180", "2010-09-30": "0.12060", "2010-06-30": "0.13510", "2010-03-31": "0.13590", "2009-12-31": "0.14220", "2009-09-30": "0.12760", "2009-06-30": "0.13670", "2009-03-31": "0.13730", "2008-12-31": "0.14230", "2008-09-30": "0.13450", "2008-06-30": "0.15550", "2008-03-31": "0.15310", "2007-12-31": "0.16180", "2007-09-30": "0.14190", "2007-06-30": "0.15360", "2007-03-31": "0.15580", "2006-12-31": "0.15630", "2006-09-30": "0.13870", "2006-06-30": "0.14780", "2006-03-31": "0.14540", "2005-12-31": "0.14830", "2005-09-30": "0.13560", "2005-06-30": "0.15250", "2005-03-31": "0.14820"}, "Inventory Turnover Ratio": {"2020-09-30": "0.22850", "2020-06-30": "0.17000", "2020-03-31": "0.19780", "2019-12-31": "0.24410", "2019-09-30": "0.22680", "2019-06-30": "0.24790", "2019-03-31": "0.23950", "2018-12-31": "0.25850", "2018-09-30": "0.23830", "2018-06-30": "0.27040", "2018-03-31": "0.27090", "2017-12-31": "0.28590", "2017-09-30": "0.24030", "2017-06-30": "0.26070", "2017-03-31": "0.25940", "2016-12-31": "0.31730", "2016-09-30": "0.23150", "2016-06-30": "0.32620", "2016-03-31": "0.30760", "2015-12-31": "0.29690", "2015-09-30": "0.23420", "2015-06-30": "0.12050", "2015-03-31": "0.23410", "2014-12-31": "0.26110", "2014-09-30": "0.25130", "2014-06-30": "0.28910", "2014-03-31": "0.26970", "2013-12-31": "0.29910", "2013-09-30": "0.30390", "2013-06-30": "0.30730", "2013-03-31": "0.28190", "2012-12-31": "0.30030", "2012-09-30": "0.25720", "2012-06-30": "0.29490", "2012-03-31": "0.30810", "2011-12-31": "0.32610", "2011-09-30": "0.26010", "2011-06-30": "0.29530", "2011-03-31": "0.29110", "2010-12-31": "0.29270", "2010-09-30": "0.23680", "2010-06-30": "0.28290", "2010-03-31": "0.29940", "2009-12-31": "0.30050", "2009-09-30": "0.25650", "2009-06-30": "0.24140", "2009-03-31": "0.24310", "2008-12-31": "0.26190", "2008-09-30": "0.28140", "2008-06-30": "0.32760", "2008-03-31": "0.33660", "2007-12-31": "0.34890", "2007-09-30": "0.27210", "2007-06-30": "0.31690", "2007-03-31": "0.31330", "2006-12-31": "0.32510", "2006-09-30": "0.29040", "2006-06-30": "0.33000", "2006-03-31": "0.31590", "2005-12-31": "0.31830", "2005-09-30": "0.29750", "2005-06-30": "0.33240", "2005-03-31": "0.34480"}, "Receiveable Turnover": {"2020-09-30": "1.43900", "2020-06-30": "1.15180", "2020-03-31": "1.71670", "2019-12-31": "1.55850", "2019-09-30": "1.64440", "2019-06-30": "1.59460", "2019-03-31": "1.61230", "2018-12-31": "1.62330", "2018-09-30": "1.45460", "2018-06-30": "1.50350", "2018-03-31": "1.42230", "2017-12-31": "1.33950", "2017-09-30": "1.37510", "2017-06-30": "1.37000", "2017-03-31": "1.23270", "2016-12-31": "1.24510", "2016-09-30": "1.14290", "2016-06-30": "1.21380", "2016-03-31": "1.21410", "2015-12-31": "1.33670", "2015-09-30": "1.27230", "2015-06-30": "0.78350", "2015-03-31": "1.30420", "2014-12-31": "1.34080", "2014-09-30": "1.16720", "2014-06-30": "1.24490", "2014-03-31": "1.23680", "2013-12-31": "1.32470", "2013-09-30": "1.19510", "2013-06-30": "1.24080", "2013-03-31": "1.24810", "2012-12-31": "1.33450", "2012-09-30": "1.17210", "2012-06-30": "1.24080", "2012-03-31": "1.27450", "2011-12-31": "1.39160", "2011-09-30": "1.24590", "2011-06-30": "1.28030", "2011-03-31": "1.27310", "2010-12-31": "1.46240", "2010-09-30": "1.27340", "2010-06-30": "1.38240", "2010-03-31": "1.38550", "2009-12-31": "1.47360", "2009-09-30": "1.31270", "2009-06-30": "1.32680", "2009-03-31": "1.36800", "2008-12-31": "1.40580", "2008-09-30": "1.37680", "2008-06-30": "1.37960", "2008-03-31": "1.39500", "2007-12-31": "1.59200", "2007-09-30": "1.38510", "2007-06-30": "1.40730", "2007-03-31": "1.37210", "2006-12-31": "1.49260", "2006-09-30": "1.39090", "2006-06-30": "1.37920", "2006-03-31": "1.45310", "2005-12-31": "1.61830", "2005-09-30": "1.40920", "2005-06-30": "1.47680", "2005-03-31": "1.45200"}, "Days Sales In Receivables": {"2020-09-30": "62.54240", "2020-06-30": "78.13800", "2020-03-31": "52.42680", "2019-12-31": "57.74620", "2019-09-30": "54.73050", "2019-06-30": "56.44120", "2019-03-31": "55.82230", "2018-12-31": "55.44280", "2018-09-30": "61.87350", "2018-06-30": "59.86100", "2018-03-31": "63.27570", "2017-12-31": "67.19000", "2017-09-30": "65.44870", "2017-06-30": "65.69380", "2017-03-31": "73.01210", "2016-12-31": "72.28480", "2016-09-30": "78.74510", "2016-06-30": "74.14530", "2016-03-31": "74.12710", "2015-12-31": "67.32780", "2015-09-30": "70.74060", "2015-06-30": "114.87410", "2015-03-31": "69.00740", "2014-12-31": "67.12650", "2014-09-30": "77.11030", "2014-06-30": "72.29520", "2014-03-31": "72.76710", "2013-12-31": "67.94070", "2013-09-30": "75.30580", "2013-06-30": "72.53100", "2013-03-31": "72.10910", "2012-12-31": "67.44090", "2012-09-30": "76.78300", "2012-06-30": "72.53600", "2012-03-31": "70.61450", "2011-12-31": "64.67230", "2011-09-30": "72.23560", "2011-06-30": "70.29720", "2011-03-31": "70.69470", "2010-12-31": "61.54140", "2010-09-30": "70.67560", "2010-06-30": "65.10260", "2010-03-31": "64.95950", "2009-12-31": "61.07290", "2009-09-30": "68.56090", "2009-06-30": "67.83310", "2009-03-31": "65.79090", "2008-12-31": "64.01860", "2008-09-30": "65.36860", "2008-06-30": "65.23850", "2008-03-31": "64.51760", "2007-12-31": "56.53190", "2007-09-30": "64.97900", "2007-06-30": "63.95320", "2007-03-31": "65.59150", "2006-12-31": "60.29890", "2006-09-30": "64.70600", "2006-06-30": "65.25410", "2006-03-31": "61.93510", "2005-12-31": "55.61480", "2005-09-30": "63.86750", "2005-06-30": "60.94240", "2005-03-31": "61.98430"}, "ROE - Return On Equity": {"2020-09-30": "2.07190", "2020-06-30": "-1.78810", "2020-03-31": "-4.28440", "2019-12-31": "2.59340", "2019-09-30": "3.57450", "2019-06-30": "1.13100", "2019-03-31": "2.13360", "2018-12-31": "-8.00370", "2018-09-30": "1.32620", "2018-06-30": "1.53520", "2018-03-31": "1.46840", "2017-12-31": "10.49120", "2017-09-30": "0.94540", "2017-06-30": "1.79090", "2017-03-31": "3.01280", "2016-12-31": "0.72080", "2016-09-30": "1.62010", "2016-06-30": "-0.33200", "2016-03-31": "1.12510", "2015-12-31": "1.28120", "2015-09-30": "0.22210", "2015-06-30": "-1.71640", "2015-03-31": "2.59910", "2014-12-31": "2.27570", "2014-09-30": "2.64320", "2014-06-30": "2.72930", "2014-03-31": "3.54460", "2013-12-31": "4.04440", "2013-09-30": "2.51020", "2013-06-30": "2.57570", "2013-03-31": "3.81630", "2012-12-31": "2.59620", "2012-09-30": "3.04760", "2012-06-30": "3.74640", "2012-03-31": "3.68980", "2011-12-31": "2.83060", "2011-09-30": "3.40900", "2011-06-30": "3.38770", "2011-03-31": "3.56220", "2010-12-31": "0.60470", "2010-09-30": "3.28240", "2010-06-30": "2.88600", "2010-03-31": "3.59470", "2009-12-31": "2.75240", "2009-09-30": "2.50720", "2009-06-30": "3.61890", "2009-03-31": "3.63970", "2008-12-31": "2.96430", "2008-09-30": "3.82470", "2008-06-30": "4.13080", "2008-03-31": "4.19700", "2007-12-31": "4.84990", "2007-09-30": "0.84710", "2007-06-30": "4.38170", "2007-03-31": "4.56160", "2006-12-31": "4.97310", "2006-09-30": "3.81560", "2006-06-30": "4.10350", "2006-03-31": "4.17540", "2005-12-31": "4.26240", "2005-09-30": "3.74130", "2005-06-30": "4.43010", "2005-03-31": "4.17960"}, "Return On Tangible Equity": {"2020-09-30": "-6.13530", "2020-06-30": "4.86910", "2020-03-31": "12.27870", "2019-12-31": "-7.19900", "2019-09-30": "-9.00130", "2019-06-30": "-2.41770", "2019-03-31": "-4.43350", "2018-12-31": "15.03440", "2018-09-30": "-2.61540", "2018-06-30": "-2.82360", "2018-03-31": "-2.52970", "2017-12-31": "-16.89750", "2017-09-30": "-1.10770", "2017-06-30": "-2.01640", "2017-03-31": "-3.18350", "2016-12-31": "-0.71420", "2016-09-30": "-1.57510", "2016-06-30": "0.35960", "2016-03-31": "-1.21370", "2015-12-31": "-1.44120", "2015-09-30": "-0.29560", "2015-06-30": "2.30310", "2015-03-31": "4.76910", "2014-12-31": "4.34190", "2014-09-30": "5.10330", "2014-06-30": "5.51230", "2014-03-31": "7.51170", "2013-12-31": "8.54690", "2013-09-30": "5.45680", "2013-06-30": "5.84990", "2013-03-31": "8.88020", "2012-12-31": "5.96370", "2012-09-30": "7.33750", "2012-06-30": "9.20110", "2012-03-31": "9.41420", "2011-12-31": "7.46780", "2011-09-30": "8.77190", "2011-06-30": "8.11860", "2011-03-31": "8.86300", "2010-12-31": "1.47670", "2010-09-30": "8.42180", "2010-06-30": "7.26390", "2010-03-31": "9.47590", "2009-12-31": "7.77090", "2009-09-30": "6.74740", "2009-06-30": "9.92720", "2009-03-31": "10.40390", "2008-12-31": "8.35080", "2008-09-30": "9.52000", "2008-06-30": "11.02920", "2008-03-31": "10.60200", "2007-12-31": "12.67990", "2007-09-30": "2.27680", "2007-06-30": "11.42030", "2007-03-31": "12.02160", "2006-12-31": "14.45960", "2006-09-30": "11.90030", "2006-06-30": "12.29950", "2006-03-31": "11.88580", "2005-12-31": "13.32980", "2005-09-30": "13.27870", "2005-06-30": "17.47460", "2005-03-31": "19.96780"}, "ROA - Return On Assets": {"2020-09-30": "1.02430", "2020-06-30": "-0.88040", "2020-03-31": "-1.99550", "2019-12-31": "1.30450", "2019-09-30": "1.77670", "2019-06-30": "0.54490", "2019-03-31": "1.01360", "2018-12-31": "-3.74070", "2018-09-30": "0.63860", "2018-06-30": "0.72540", "2018-03-31": "0.64820", "2017-12-31": "4.73280", "2017-09-30": "0.37400", "2017-06-30": "0.69580", "2017-03-31": "1.10900", "2016-12-31": "0.26120", "2016-09-30": "0.58400", "2016-06-30": "-0.12210", "2016-03-31": "0.41340", "2015-12-31": "0.46650", "2015-09-30": "0.08320", "2015-06-30": "-0.63890", "2015-03-31": "0.99530", "2014-12-31": "1.54380", "2014-09-30": "1.78780", "2014-06-30": "1.82710", "2014-03-31": "2.35710", "2013-12-31": "2.65950", "2013-09-30": "1.64680", "2013-06-30": "1.66750", "2013-03-31": "2.49300", "2012-12-31": "1.68990", "2012-09-30": "2.02300", "2012-06-30": "2.48360", "2012-03-31": "2.42800", "2011-12-31": "1.83320", "2011-09-30": "2.33200", "2011-06-30": "2.47050", "2011-03-31": "2.57340", "2010-12-31": "0.43630", "2010-09-30": "2.38760", "2010-06-30": "2.11440", "2010-03-31": "2.62590", "2009-12-31": "1.99340", "2009-09-30": "1.96000", "2009-06-30": "2.81560", "2009-03-31": "2.79590", "2008-12-31": "2.31520", "2008-09-30": "3.03720", "2008-06-30": "3.27550", "2008-03-31": "3.46140", "2007-12-31": "3.98420", "2007-09-30": "0.69890", "2007-06-30": "3.66250", "2007-03-31": "3.82750", "2006-12-31": "4.09580", "2006-09-30": "3.10230", "2006-06-30": "3.36880", "2006-03-31": "3.47460", "2005-12-31": "3.48840", "2005-09-30": "2.99910", "2005-06-30": "3.43510", "2005-03-31": "3.10480"}, "ROI - Return On Investment": {"2020-09-30": "1.24810", "2020-06-30": "-1.07300", "2020-03-31": "-2.59650", "2019-12-31": "1.68150", "2019-09-30": "2.34380", "2019-06-30": "0.71760", "2019-03-31": "1.24030", "2018-12-31": "-4.58360", "2018-09-30": "0.77860", "2018-06-30": "0.86170", "2018-03-31": "0.82010", "2017-12-31": "5.96140", "2017-09-30": "0.50280", "2017-06-30": "0.93770", "2017-03-31": "1.46200", "2016-12-31": "0.34270", "2016-09-30": "0.76090", "2016-06-30": "-0.15780", "2016-03-31": "0.52310", "2015-12-31": "0.59240", "2015-09-30": "0.10240", "2015-06-30": "-0.79450", "2015-03-31": "1.09370", "2014-12-31": "1.86910", "2014-09-30": "2.17000", "2014-06-30": "2.16350", "2014-03-31": "2.79240", "2013-12-31": "3.19600", "2013-09-30": "1.96930", "2013-06-30": "2.00190", "2013-03-31": "2.93990", "2012-12-31": "2.00740", "2012-09-30": "2.34900", "2012-06-30": "2.87680", "2012-03-31": "2.88760", "2011-12-31": "2.20140", "2011-09-30": "2.67330", "2011-06-30": "2.84510", "2011-03-31": "2.98240", "2010-12-31": "0.50480", "2010-09-30": "2.74550", "2010-06-30": "2.41070", "2010-03-31": "3.00250", "2009-12-31": "2.29370", "2009-09-30": "2.27850", "2009-06-30": "3.25280", "2009-03-31": "3.25300", "2008-12-31": "2.74130", "2008-09-30": "3.61200", "2008-06-30": "3.89760", "2008-03-31": "4.11270", "2007-12-31": "4.75880", "2007-09-30": "0.83080", "2007-06-30": "4.30420", "2007-03-31": "4.47420", "2006-12-31": "4.87440", "2006-09-30": "3.73710", "2006-06-30": "4.03540", "2006-03-31": "4.10740", "2005-12-31": "4.18940", "2005-09-30": "3.67140", "2005-06-30": "4.17040", "2005-03-31": "3.79060"}, "Book Value Per Share": {"2020-09-30": "57.29960", "2020-06-30": "56.27790", "2020-03-31": "57.45990", "2019-12-31": "60.15920", "2019-09-30": "58.78160", "2019-06-30": "56.91660", "2019-03-31": "56.34420", "2018-12-31": "55.27500", "2018-09-30": "59.91670", "2018-06-30": "59.21440", "2018-03-31": "59.02360", "2017-12-31": "57.92450", "2017-09-30": "51.63140", "2017-06-30": "50.86340", "2017-03-31": "49.27680", "2016-12-31": "48.20490", "2016-09-30": "48.68230", "2016-06-30": "47.81820", "2016-03-31": "48.52340", "2015-12-31": "48.78840", "2015-09-30": "49.05890", "2015-06-30": "49.80770", "2015-03-31": "38.63260", "2014-12-31": "38.60750", "2014-09-30": "38.63790", "2014-06-30": "38.22450", "2014-03-31": "37.19560", "2013-12-31": "37.10310", "2013-09-30": "36.00590", "2013-06-30": "34.82910", "2013-03-31": "34.08350", "2012-12-31": "34.18590", "2012-09-30": "33.60750", "2012-06-30": "32.71590", "2012-03-31": "32.14990", "2011-12-31": "30.98200", "2011-09-30": "31.09040", "2011-06-30": "31.59560", "2011-03-31": "30.54320", "2010-12-31": "29.50560", "2010-09-30": "29.47800", "2010-06-30": "28.45910", "2010-03-31": "28.17510", "2009-12-31": "27.61360", "2009-09-30": "28.06900", "2009-06-30": "27.09100", "2009-03-31": "25.82710", "2008-12-31": "25.28580", "2008-09-30": "25.02810", "2008-06-30": "24.44490", "2008-03-31": "24.65010", "2007-12-31": "23.39890", "2007-09-30": "22.41130", "2007-06-30": "22.38690", "2007-03-31": "21.61640", "2006-12-31": "20.77910", "2006-09-30": "20.14260", "2006-06-30": "20.13900", "2006-03-31": "19.84720", "2005-12-31": "18.90510", "2005-09-30": "18.18560", "2005-06-30": "17.37130", "2005-03-31": "16.82260"}, "Operating Cash Flow Per Share": {"2020-09-30": 1.8131, "2020-06-30": -0.2585, "2020-03-31": "2.18350", "2019-12-31": 2.0561, "2019-09-30": 2.7808, "2019-06-30": 1.4571, "2019-03-31": "1.37800", "2018-12-31": 1.927, "2018-09-30": 2.3401, "2018-06-30": 1.9222, "2018-03-31": "2.39740", "2017-12-31": 1.9864, "2017-09-30": 2.2669, "2017-06-30": 2.1585, "2017-03-31": "1.35600", "2016-12-31": 3.111, "2016-09-30": 1.6814, "2016-06-30": 1.9226, "2016-03-31": "1.34920", "2015-12-31": 2.5945, "2015-09-30": 0.214, "2015-06-30": 1.1396, "2015-03-31": "0.52920", "2014-12-31": 2.1078, "2014-09-30": 1.4786, "2014-06-30": 1.4911, "2014-03-31": "1.09900", "2013-12-31": 1.7563, "2013-09-30": 1.6809, "2013-06-30": 1.1113, "2013-03-31": "1.05740", "2012-12-31": 2.0731, "2012-09-30": 1.9809, "2012-06-30": 1.329, "2012-03-31": "1.16190", "2011-12-31": 2.0854, "2011-09-30": 1.9034, "2011-06-30": 1.308, "2011-03-31": "0.94010", "2010-12-31": 1.666, "2010-09-30": 1.6472, "2010-06-30": 1.3509, "2010-03-31": "1.27080", "2009-12-31": 1.7658, "2009-09-30": 1.6507, "2009-06-30": 0.9307, "2009-03-31": "0.83120", "2008-12-31": 0.8627, "2008-09-30": 1.4042, "2008-06-30": 1.2426, "2008-03-31": "1.03760", "2007-12-31": 1.7682, "2007-09-30": 0.7254, "2007-06-30": 1.2654, "2007-03-31": "0.80690", "2006-12-31": 0.9696, "2006-09-30": 1.2207, "2006-06-30": 1.24, "2006-03-31": "0.81050", "2005-12-31": 1.0068, "2005-09-30": 0.9238, "2005-06-30": 0.973, "2005-03-31": "0.61200"}, "Free Cash Flow Per Share": {"2020-09-30": 1.3703, "2020-06-30": -0.7054, "2020-03-31": "1.57390", "2019-12-31": 1.4331, "2019-09-30": 2.0448, "2019-06-30": 0.7791, "2019-03-31": "0.88480", "2018-12-31": 1.3224, "2018-09-30": 1.6662, "2018-06-30": 1.4692, "2018-03-31": "1.97170", "2017-12-31": 1.3579, "2017-09-30": 1.6848, "2017-06-30": 1.5865, "2017-03-31": "0.71840", "2016-12-31": 2.3713, "2016-09-30": 0.9601, "2016-06-30": 1.3215, "2016-03-31": "0.79180", "2015-12-31": 1.875, "2015-09-30": -0.1489, "2015-06-30": 0.8631, "2015-03-31": "-0.03070", "2014-12-31": 1.6203, "2014-09-30": 0.9983, "2014-06-30": 0.9357, "2014-03-31": "0.62860", "2013-12-31": 1.4643, "2013-09-30": 1.1854, "2013-06-30": 0.6356, "2013-03-31": "0.61570", "2012-12-31": 1.58, "2012-09-30": 1.6153, "2012-06-30": 0.9606, "2012-03-31": "0.89130", "2011-12-31": 1.7007, "2011-09-30": 1.4801, "2011-06-30": 1.0165, "2011-03-31": "0.61300", "2010-12-31": 1.1847, "2010-09-30": 1.3183, "2010-06-30": 1.0593, "2010-03-31": "1.02150", "2009-12-31": 1.5424, "2009-09-30": 1.4199, "2009-06-30": 0.6678, "2009-03-31": "0.48810", "2008-12-31": 0.3909, "2008-09-30": 0.789, "2008-06-30": 0.6666, "2008-03-31": "0.56350", "2007-12-31": 1.3196, "2007-09-30": 0.3781, "2007-06-30": 0.8893, "2007-03-31": "0.58440", "2006-12-31": 0.6067, "2006-09-30": 0.9544, "2006-06-30": 0.9927, "2006-03-31": "0.65970", "2005-12-31": 0.7646, "2005-09-30": 0.6754, "2005-06-30": 0.6864, "2005-03-31": "0.36720"}}, "revenue": {"Zimmer Biomet Holdings Annual Revenue (Millions of US $)": {"2020": "$7,025", "2019": "$7,982", "2018": "$7,933", "2017": "$7,803", "2016": "$7,668", "2015": "$5,998", "2014": "$4,673", "2013": "$4,623", "2012": "$4,472", "2011": "$4,452", "2010": "$4,220", "2009": "$4,095", "2008": "$4,121", "2007": "$3,898", "2006": "$3,495", "2005": "$3,286"}, "Zimmer Biomet Holdings Quarterly Revenue (Millions of US $)": {"2020-12-31": "$2,085", "2020-09-30": "$1,929", "2020-06-30": "$1,226", "2020-03-31": "$1,784", "2019-12-31": "$2,126", "2019-09-30": "$1,892", "2019-06-30": "$1,989", "2019-03-31": "$1,976", "2018-12-31": "$2,071", "2018-09-30": "$1,837", "2018-06-30": "$2,008", "2018-03-31": "$2,018", "2017-12-31": "$2,068", "2017-09-30": "$1,813", "2017-06-30": "$1,950", "2017-03-31": "$1,972", "2016-12-31": "$1,998", "2016-09-30": "$1,833", "2016-06-30": "$1,934", "2016-03-31": "$1,904", "2015-12-31": "$1,934", "2015-09-30": "$1,762", "2015-06-30": "$1,168", "2015-03-31": "$1,134", "2014-12-31": "$1,223", "2014-09-30": "$1,106", "2014-06-30": "$1,183", "2014-03-31": "$1,162", "2013-12-31": "$1,241", "2013-09-30": "$1,074", "2013-06-30": "$1,170", "2013-03-31": "$1,139", "2012-12-31": "$1,181", "2012-09-30": "$1,026", "2012-06-30": "$1,125", "2012-03-31": "$1,141", "2011-12-31": "$1,167", "2011-09-30": "$1,032", "2011-06-30": "$1,137", "2011-03-31": "$1,116", "2010-12-31": "$1,135", "2010-09-30": "$965", "2010-06-30": "$1,058", "2010-03-31": "$1,063", "2009-12-31": "$1,107", "2009-09-30": "$976", "2009-06-30": "$1,020", "2009-03-31": "$993", "2008-12-31": "$1,030", "2008-09-30": "$952", "2008-06-30": "$1,080", "2008-03-31": "$1,059", "2007-12-31": "$1,074", "2007-09-30": "$903", "2007-06-30": "$971", "2007-03-31": "$950", "2006-12-31": "$934", "2006-09-30": "$820", "2006-06-30": "$882", "2006-03-31": "$860", "2005-12-31": "$848", "2005-09-30": "$763", "2005-06-30": "$847", "2005-03-31": "$829"}}, "gross-profit": {"Zimmer Biomet Holdings Annual Gross Profit (Millions of US $)": {"2020": "$4,896", "2019": "$5,730", "2018": "$5,661", "2017": "$5,670", "2016": "$5,287", "2015": "$4,197", "2014": "$3,431", "2013": "$3,357", "2012": "$3,347", "2011": "$3,330", "2010": "$3,208", "2009": "$3,105", "2008": "$3,124", "2007": "$3,022", "2006": "$2,715", "2005": "$2,547"}, "Zimmer Biomet Holdings Quarterly Gross Profit (Millions of US $)": {"2020-12-31": "$1,438", "2020-09-30": "$1,360", "2020-06-30": "$802", "2020-03-31": "$1,297", "2019-12-31": "$1,544", "2019-09-30": "$1,357", "2019-06-30": "$1,407", "2019-03-31": "$1,422", "2018-12-31": "$1,488", "2018-09-30": "$1,308", "2018-06-30": "$1,424", "2018-03-31": "$1,442", "2017-12-31": "$1,477", "2017-09-30": "$1,312", "2017-06-30": "$1,422", "2017-03-31": "$1,460", "2016-12-31": "$1,376", "2016-09-30": "$1,354", "2016-06-30": "$1,294", "2016-03-31": "$1,263", "2015-12-31": "$1,264", "2015-09-30": "$1,210", "2015-06-30": "$873", "2015-03-31": "$850", "2014-12-31": "$911", "2014-09-30": "$810", "2014-06-30": "$851", "2014-03-31": "$858", "2013-12-31": "$919", "2013-09-30": "$746", "2013-06-30": "$846", "2013-03-31": "$846", "2012-12-31": "$882", "2012-09-30": "$770", "2012-06-30": "$843", "2012-03-31": "$852", "2011-12-31": "$864", "2011-09-30": "$780", "2011-06-30": "$850", "2011-03-31": "$837", "2010-12-31": "$861", "2010-09-30": "$746", "2010-06-30": "$807", "2010-03-31": "$794", "2009-12-31": "$833", "2009-09-30": "$726", "2009-06-30": "$783", "2009-03-31": "$762", "2008-12-31": "$787", "2008-09-30": "$715", "2008-06-30": "$817", "2008-03-31": "$805", "2007-12-31": "$820", "2007-09-30": "$704", "2007-06-30": "$754", "2007-03-31": "$744", "2006-12-31": "$726", "2006-09-30": "$637", "2006-06-30": "$682", "2006-03-31": "$671", "2005-12-31": "$663", "2005-09-30": "$588", "2005-06-30": "$658", "2005-03-31": "$638"}}, "operating-income": {"Zimmer Biomet Holdings Annual Operating Income (Millions of US $)": {"2020": "$-88", "2019": "$1,138", "2018": "$34", "2017": "$799", "2016": "$821", "2015": "$467", "2014": "$1,037", "2013": "$1,069", "2012": "$1,047", "2011": "$1,024", "2010": "$917", "2009": "$1,019", "2008": "$1,090", "2007": "$1,128", "2006": "$1,165", "2005": "$1,055"}, "Zimmer Biomet Holdings Quarterly Operating Income (Millions of US $)": {"2020-12-31": "$241", "2020-09-30": "$299", "2020-06-30": "$-172", "2020-03-31": "$-456", "2019-12-31": "$337", "2019-09-30": "$246", "2019-06-30": "$205", "2019-03-31": "$350", "2018-12-31": "$-791", "2018-09-30": "$223", "2018-06-30": "$296", "2018-03-31": "$305", "2017-12-31": "$-40", "2017-09-30": "$211", "2017-06-30": "$280", "2017-03-31": "$348", "2016-12-31": "$179", "2016-09-30": "$196", "2016-06-30": "$202", "2016-03-31": "$246", "2015-12-31": "$213", "2015-09-30": "$116", "2015-06-30": "$-132", "2015-03-31": "$270", "2014-12-31": "$221", "2014-09-30": "$255", "2014-06-30": "$261", "2014-03-31": "$300", "2013-12-31": "$348", "2013-09-30": "$212", "2013-06-30": "$210", "2013-03-31": "$298", "2012-12-31": "$201", "2012-09-30": "$249", "2012-06-30": "$302", "2012-03-31": "$296", "2011-12-31": "$201", "2011-09-30": "$267", "2011-06-30": "$259", "2011-03-31": "$297", "2010-12-31": "$123", "2010-09-30": "$272", "2010-06-30": "$228", "2010-03-31": "$294", "2009-12-31": "$239", "2009-09-30": "$204", "2009-06-30": "$297", "2009-03-31": "$280", "2008-12-31": "$240", "2008-09-30": "$210", "2008-06-30": "$308", "2008-03-31": "$332", "2007-12-31": "$352", "2007-09-30": "$126", "2007-06-30": "$323", "2007-03-31": "$327", "2006-12-31": "$338", "2006-09-30": "$255", "2006-06-30": "$282", "2006-03-31": "$291", "2005-12-31": "$281", "2005-09-30": "$241", "2005-06-30": "$276", "2005-03-31": "$258"}}, "ebitda": {"Zimmer Biomet Holdings Annual EBITDA (Millions of US $)": {"2019": "$2,214", "2018": "$2,054", "2017": "$2,194", "2016": "$1,892", "2015": "$1,180", "2014": "$1,413", "2013": "$1,427", "2012": "$1,507", "2011": "$1,384", "2010": "$1,461", "2009": "$1,429", "2008": "$1,365", "2007": "$1,358", "2006": "$1,363", "2005": "$1,241"}, "Zimmer Biomet Holdings Quarterly EBITDA (Millions of US $)": {"2020-09-30": "$558", "2020-06-30": "$117", "2020-03-31": "$409", "2019-12-31": "$591", "2019-09-30": "$497", "2019-06-30": "$528", "2019-03-31": "$598", "2018-12-31": "$440", "2018-09-30": "$488", "2018-06-30": "$558", "2018-03-31": "$569", "2017-12-31": "$496", "2017-09-30": "$510", "2017-06-30": "$571", "2017-03-31": "$616", "2016-12-31": "$434", "2016-09-30": "$484", "2016-06-30": "$482", "2016-03-31": "$492", "2015-12-31": "$498", "2015-09-30": "$356", "2015-06-30": "$-33", "2015-03-31": "$359", "2014-12-31": "$314", "2014-09-30": "$346", "2014-06-30": "$352", "2014-03-31": "$401", "2013-12-31": "$438", "2013-09-30": "$304", "2013-06-30": "$302", "2013-03-31": "$383", "2012-12-31": "$387", "2012-09-30": "$332", "2012-06-30": "$395", "2012-03-31": "$392", "2011-12-31": "$296", "2011-09-30": "$358", "2011-06-30": "$348", "2011-03-31": "$383", "2010-12-31": "$418", "2010-09-30": "$355", "2010-06-30": "$309", "2010-03-31": "$379", "2009-12-31": "$399", "2009-09-30": "$292", "2009-06-30": "$378", "2009-03-31": "$359", "2008-12-31": "$319", "2008-09-30": "$277", "2008-06-30": "$376", "2008-03-31": "$393", "2007-12-31": "$414", "2007-09-30": "$184", "2007-06-30": "$379", "2007-03-31": "$381", "2006-12-31": "$391", "2006-09-30": "$306", "2006-06-30": "$329", "2006-03-31": "$337", "2005-12-31": "$331", "2005-09-30": "$286", "2005-06-30": "$321", "2005-03-31": "$303"}}, "net-income": {"Zimmer Biomet Holdings Annual Net Income (Millions of US $)": {"2020": "$-139", "2019": "$1,132", "2018": "$-379", "2017": "$1,814", "2016": "$306", "2015": "$147", "2014": "$720", "2013": "$780", "2012": "$755", "2011": "$761", "2010": "$597", "2009": "$717", "2008": "$849", "2007": "$773", "2006": "$835", "2005": "$733"}, "Zimmer Biomet Holdings Quarterly Net Income (Millions of US $)": {"2020-12-31": "$334", "2020-09-30": "$243", "2020-06-30": "$-207", "2020-03-31": "$-509", "2019-12-31": "$321", "2019-09-30": "$431", "2019-06-30": "$134", "2019-03-31": "$246", "2018-12-31": "$-901", "2018-09-30": "$162", "2018-06-30": "$185", "2018-03-31": "$175", "2017-12-31": "$1,231", "2017-09-30": "$99", "2017-06-30": "$184", "2017-03-31": "$299", "2016-12-31": "$70", "2016-09-30": "$159", "2016-06-30": "$-31", "2016-03-31": "$109", "2015-12-31": "$127", "2015-09-30": "$22", "2015-06-30": "$-174", "2015-03-31": "$171", "2014-12-31": "$149", "2014-09-30": "$173", "2014-06-30": "$177", "2014-03-31": "$222", "2013-12-31": "$255", "2013-09-30": "$154", "2013-06-30": "$152", "2013-03-31": "$219", "2012-12-31": "$153", "2012-09-30": "$178", "2012-06-30": "$215", "2012-03-31": "$210", "2011-12-31": "$157", "2011-09-30": "$192", "2011-06-30": "$204", "2011-03-31": "$209", "2010-12-31": "$35", "2010-09-30": "$191", "2010-06-30": "$166", "2010-03-31": "$205", "2009-12-31": "$155", "2009-09-30": "$150", "2009-06-30": "$210", "2009-03-31": "$202", "2008-12-31": "$168", "2008-09-30": "$215", "2008-06-30": "$227", "2008-03-31": "$239", "2007-12-31": "$264", "2007-09-30": "$45", "2007-06-30": "$232", "2007-03-31": "$233", "2006-12-31": "$245", "2006-09-30": "$183", "2006-06-30": "$201", "2006-03-31": "$206", "2005-12-31": "$200", "2005-09-30": "$169", "2005-06-30": "$191", "2005-03-31": "$174"}}, "eps-earnings-per-share-diluted": {"Zimmer Biomet Holdings Annual EPS": {"2020": "$-0.67", "2019": "$5.47", "2018": "$-1.86", "2017": "$8.90", "2016": "$1.51", "2015": "$0.77", "2014": "$4.20", "2013": "$4.54", "2012": "$4.29", "2011": "$4.03", "2010": "$2.97", "2009": "$3.32", "2008": "$3.72", "2007": "$3.26", "2006": "$3.40", "2005": "$2.93"}, "Zimmer Biomet Holdings Quarterly EPS": {"2020-12-31": "$1.59", "2020-09-30": "$1.16", "2020-06-30": "$-1.00", "2020-03-31": "$-2.46", "2019-12-31": "$1.54", "2019-09-30": "$2.08", "2019-06-30": "$0.65", "2019-03-31": "$1.20", "2018-12-31": "$-4.40", "2018-09-30": "$0.79", "2018-06-30": "$0.90", "2018-03-31": "$0.85", "2017-12-31": "$6.05", "2017-09-30": "$0.48", "2017-06-30": "$0.90", "2017-03-31": "$1.47", "2016-12-31": "$0.35", "2016-09-30": "$0.78", "2016-06-30": "$-0.16", "2016-03-31": "$0.54", "2015-12-31": "$0.67", "2015-09-30": "$0.11", "2015-06-30": "$-1.00", "2015-03-31": "$0.99", "2014-12-31": "$0.87", "2014-09-30": "$1.01", "2014-06-30": "$1.03", "2014-03-31": "$1.29", "2013-12-31": "$1.47", "2013-09-30": "$0.90", "2013-06-30": "$0.89", "2013-03-31": "$1.28", "2012-12-31": "$0.88", "2012-09-30": "$1.02", "2012-06-30": "$1.22", "2012-03-31": "$1.17", "2011-12-31": "$0.88", "2011-09-30": "$1.01", "2011-06-30": "$1.06", "2011-03-31": "$1.08", "2010-12-31": "$0.18", "2010-09-30": "$0.96", "2010-06-30": "$0.82", "2010-03-31": "$1.01", "2009-12-31": "$0.73", "2009-09-30": "$0.70", "2009-06-30": "$0.98", "2009-03-31": "$0.91", "2008-12-31": "$0.76", "2008-09-30": "$0.95", "2008-06-30": "$0.99", "2008-03-31": "$1.02", "2007-12-31": "$1.12", "2007-09-30": "$0.19", "2007-06-30": "$0.97", "2007-03-31": "$0.98", "2006-12-31": "$1.01", "2006-09-30": "$0.76", "2006-06-30": "$0.81", "2006-03-31": "$0.82", "2005-12-31": "$0.80", "2005-09-30": "$0.67", "2005-06-30": "$0.76", "2005-03-31": "$0.70"}}, "shares-outstanding": {"Zimmer Biomet Holdings Annual Shares Outstanding (Millions of Shares)": {"2020": "207", "2019": "207", "2018": "204", "2017": "204", "2016": "202", "2015": "190", "2014": "172", "2013": "172", "2012": "176", "2011": "189", "2010": "201", "2009": "216", "2008": "228", "2007": "238", "2006": "245", "2005": "250"}, "Zimmer Biomet Holdings Quarterly Shares Outstanding (Millions of Shares)": {"2020-12-31": "209", "2020-09-30": "209", "2020-06-30": "207", "2020-03-31": "207", "2019-12-31": "207", "2019-09-30": "207", "2019-06-30": "206", "2019-03-31": "206", "2018-12-31": "204", "2018-09-30": "205", "2018-06-30": "205", "2018-03-31": "205", "2017-12-31": "204", "2017-09-30": "204", "2017-06-30": "204", "2017-03-31": "203", "2016-12-31": "202", "2016-09-30": "203", "2016-06-30": "199", "2016-03-31": "202", "2015-12-31": "190", "2015-09-30": "206", "2015-06-30": "173", "2015-03-31": "173", "2014-12-31": "172", "2014-09-30": "172", "2014-06-30": "171", "2014-03-31": "172", "2013-12-31": "172", "2013-09-30": "172", "2013-06-30": "171", "2013-03-31": "171", "2012-12-31": "176", "2012-09-30": "175", "2012-06-30": "176", "2012-03-31": "179", "2011-12-31": "189", "2011-09-30": "189", "2011-06-30": "193", "2011-03-31": "194", "2010-12-31": "201", "2010-09-30": "200", "2010-06-30": "203", "2010-03-31": "204", "2009-12-31": "216", "2009-09-30": "215", "2009-06-30": "216", "2009-03-31": "222", "2008-12-31": "228", "2008-09-30": "226", "2008-06-30": "230", "2008-03-31": "234", "2007-12-31": "238", "2007-09-30": "237", "2007-06-30": "239", "2007-03-31": "239", "2006-12-31": "245", "2006-09-30": "243", "2006-06-30": "248", "2006-03-31": "250", "2005-12-31": "250", "2005-09-30": "250", "2005-06-30": "250", "2005-03-31": "249"}}, "total-assets": {"Zimmer Biomet Holdings Annual Total Assets (Millions of US $)": {"2019": "$24,639", "2018": "$24,127", "2017": "$26,014", "2016": "$26,684", "2015": "$27,161", "2014": "$9,658", "2013": "$9,581", "2012": "$9,012", "2011": "$8,515", "2010": "$8,000", "2009": "$7,786", "2008": "$7,239", "2007": "$6,634", "2006": "$5,974", "2005": "$5,722"}, "Zimmer Biomet Holdings Quarterly Total Assets (Millions of US $)": {"2020-09-30": "$24,026", "2020-06-30": "$23,648", "2020-03-31": "$25,513", "2019-12-31": "$24,639", "2019-09-30": "$24,315", "2019-06-30": "$24,206", "2019-03-31": "$24,289", "2018-12-31": "$24,127", "2018-09-30": "$25,382", "2018-06-30": "$25,491", "2018-03-31": "$27,181", "2017-12-31": "$26,014", "2017-09-30": "$26,418", "2017-06-30": "$26,459", "2017-03-31": "$26,988", "2016-12-31": "$26,684", "2016-09-30": "$27,037", "2016-06-30": "$25,971", "2016-03-31": "$26,297", "2015-12-31": "$27,161", "2015-09-30": "$26,689", "2015-06-30": "$27,204", "2015-03-31": "$17,190", "2014-12-31": "$9,658", "2014-09-30": "$9,671", "2014-06-30": "$9,638", "2014-03-31": "$9,380", "2013-12-31": "$9,581", "2013-09-30": "$9,357", "2013-06-30": "$9,097", "2013-03-31": "$8,745", "2012-12-31": "$9,012", "2012-09-30": "$8,784", "2012-06-30": "$8,617", "2012-03-31": "$8,604", "2011-12-31": "$8,515", "2011-09-30": "$8,199", "2011-06-30": "$8,249", "2011-03-31": "$8,118", "2010-12-31": "$8,000", "2010-09-30": "$8,004", "2010-06-30": "$7,827", "2010-03-31": "$7,822", "2009-12-31": "$7,786", "2009-09-30": "$7,648", "2009-06-30": "$7,462", "2009-03-31": "$7,232", "2008-12-31": "$7,239", "2008-09-30": "$7,079", "2008-06-30": "$6,942", "2008-03-31": "$6,919", "2007-12-31": "$6,634", "2007-09-30": "$6,367", "2007-06-30": "$6,321", "2007-03-31": "$6,098", "2006-12-31": "$5,974", "2006-09-30": "$5,909", "2006-06-30": "$5,964", "2006-03-31": "$5,917", "2005-12-31": "$5,722", "2005-09-30": "$5,622", "2005-06-30": "$5,552", "2005-03-31": "$5,591"}}, "cash-on-hand": {"Zimmer Biomet Holdings Annual Cash on Hand (Millions of US $)": {"2019": "$618", "2018": "$543", "2017": "$524", "2016": "$634", "2015": "$1,624", "2014": "$1,696", "2013": "$1,808", "2012": "$1,556", "2011": "$1,224", "2010": "$934", "2009": "$758", "2008": "$215", "2007": "$466", "2006": "$268", "2005": "$245"}, "Zimmer Biomet Holdings Quarterly Cash on Hand (Millions of US $)": {"2020-09-30": "$967", "2020-06-30": "$713", "2020-03-31": "$2,434", "2019-12-31": "$618", "2019-09-30": "$513", "2019-06-30": "$403", "2019-03-31": "$587", "2018-12-31": "$543", "2018-09-30": "$525", "2018-06-30": "$481", "2018-03-31": "$1,765", "2017-12-31": "$524", "2017-09-30": "$481", "2017-06-30": "$450", "2017-03-31": "$1,040", "2016-12-31": "$634", "2016-09-30": "$489", "2016-06-30": "$976", "2016-03-31": "$1,010", "2015-12-31": "$1,624", "2015-09-30": "$1,810", "2015-06-30": "$1,884", "2015-03-31": "$9,282", "2014-12-31": "$1,696", "2014-09-30": "$1,747", "2014-06-30": "$1,698", "2014-03-31": "$1,588", "2013-12-31": "$1,808", "2013-09-30": "$1,506", "2013-06-30": "$1,236", "2013-03-31": "$1,201", "2012-12-31": "$1,556", "2012-09-30": "$1,489", "2012-06-30": "$1,336", "2012-03-31": "$1,229", "2011-12-31": "$1,224", "2011-09-30": "$978", "2011-06-30": "$946", "2011-03-31": "$866", "2010-12-31": "$934", "2010-09-30": "$982", "2010-06-30": "$987", "2010-03-31": "$871", "2009-12-31": "$758", "2009-09-30": "$443", "2009-06-30": "$280", "2009-03-31": "$216", "2008-12-31": "$215", "2008-09-30": "$545", "2008-06-30": "$391", "2008-03-31": "$479", "2007-12-31": "$466", "2007-09-30": "$316", "2007-06-30": "$361", "2007-03-31": "$328", "2006-12-31": "$268", "2006-09-30": "$278", "2006-06-30": "$338", "2006-03-31": "$416", "2005-12-31": "$245", "2005-09-30": "$104", "2005-06-30": "$95", "2005-03-31": "$75"}}, "long-term-debt": {"Zimmer Biomet Holdings Annual Long Term Debt (Millions of US $)": {"2019": "$6,721", "2018": "$8,414", "2017": "$8,918", "2016": "$10,666", "2015": "$11,497", "2014": "$1,426", "2013": "$1,672", "2012": "$1,721", "2011": "$1,576", "2010": "$1,142", "2009": "$1,128", "2008": "$460", "2007": "$104", "2006": "$100", "2005": "$82"}, "Zimmer Biomet Holdings Quarterly Long Term Debt (Millions of US $)": {"2020-09-30": "$7,840", "2020-06-30": "$7,759", "2020-03-31": "$7,724", "2019-12-31": "$6,721", "2019-09-30": "$6,346", "2019-06-30": "$6,719", "2019-03-31": "$8,311", "2018-12-31": "$8,414", "2018-09-30": "$8,597", "2018-06-30": "$9,413", "2018-03-31": "$9,487", "2017-12-31": "$8,918", "2017-09-30": "$9,200", "2017-06-30": "$9,354", "2017-03-31": "$10,538", "2016-12-31": "$10,666", "2016-09-30": "$11,006", "2016-06-30": "$10,534", "2016-03-31": "$11,117", "2015-12-31": "$11,497", "2015-09-30": "$11,690", "2015-06-30": "$11,750", "2015-03-31": "$9,061", "2014-12-31": "$1,426", "2014-09-30": "$1,426", "2014-06-30": "$1,687", "2014-03-31": "$1,680", "2013-12-31": "$1,672", "2013-09-30": "$1,686", "2013-06-30": "$1,688", "2013-03-31": "$1,703", "2012-12-31": "$1,721", "2012-09-30": "$1,734", "2012-06-30": "$1,727", "2012-03-31": "$1,573", "2011-12-31": "$1,576", "2011-09-30": "$1,544", "2011-06-30": "$1,147", "2011-03-31": "$1,140", "2010-12-31": "$1,142", "2010-09-30": "$1,139", "2010-06-30": "$1,131", "2010-03-31": "$1,127", "2009-12-31": "$1,128", "2009-09-30": "$600", "2009-06-30": "$654", "2009-03-31": "$660", "2008-12-31": "$460", "2008-09-30": "$331", "2008-06-30": "$329", "2008-03-31": "$117", "2007-12-31": "$104", "2007-09-30": "$103", "2007-06-30": "$95", "2007-03-31": "$100", "2006-12-31": "$100", "2006-09-30": "$101", "2006-06-30": "$83", "2006-03-31": "$82", "2005-12-31": "$82", "2005-09-30": "$86", "2005-06-30": "$268", "2005-03-31": "$426"}}, "total-liabilities": {"Zimmer Biomet Holdings Annual Total Liabilities (Millions of US $)": {"2019": "$12,246", "2018": "$12,851", "2017": "$14,279", "2016": "$17,015", "2015": "$17,271", "2014": "$3,106", "2013": "$3,281", "2012": "$3,146", "2011": "$3,001", "2010": "$2,229", "2009": "$2,147", "2008": "$1,585", "2007": "$1,184", "2006": "$1,054", "2005": "$1,039"}, "Zimmer Biomet Holdings Quarterly Total Liabilities (Millions of US $)": {"2020-09-30": "$12,147", "2020-06-30": "$12,004", "2020-03-31": "$13,630", "2019-12-31": "$12,246", "2019-09-30": "$12,230", "2019-06-30": "$12,544", "2019-03-31": "$12,750", "2018-12-31": "$12,851", "2018-09-30": "$13,159", "2018-06-30": "$13,447", "2018-03-31": "$15,182", "2017-12-31": "$14,279", "2017-09-30": "$15,967", "2017-06-30": "$16,180", "2017-03-31": "$17,054", "2016-12-31": "$17,015", "2016-09-30": "$17,290", "2016-06-30": "$16,422", "2016-03-31": "$16,636", "2015-12-31": "$17,271", "2015-09-30": "$16,696", "2015-06-30": "$17,078", "2015-03-31": "$10,607", "2014-12-31": "$3,106", "2014-09-30": "$3,130", "2014-06-30": "$3,186", "2014-03-31": "$3,142", "2013-12-31": "$3,281", "2013-09-30": "$3,218", "2013-06-30": "$3,208", "2013-03-31": "$3,032", "2012-12-31": "$3,146", "2012-09-30": "$2,953", "2012-06-30": "$2,904", "2012-03-31": "$2,942", "2011-12-31": "$3,001", "2011-09-30": "$2,590", "2011-06-30": "$2,233", "2011-03-31": "$2,253", "2010-12-31": "$2,229", "2010-09-30": "$2,182", "2010-06-30": "$2,093", "2010-03-31": "$2,108", "2009-12-31": "$2,147", "2009-09-30": "$1,669", "2009-06-30": "$1,657", "2009-03-31": "$1,677", "2008-12-31": "$1,585", "2008-09-30": "$1,458", "2008-06-30": "$1,437", "2008-03-31": "$1,213", "2007-12-31": "$1,184", "2007-09-30": "$1,114", "2007-06-30": "$1,038", "2007-03-31": "$981", "2006-12-31": "$1,054", "2006-09-30": "$1,105", "2006-06-30": "$1,068", "2006-03-31": "$993", "2005-12-31": "$1,039", "2005-09-30": "$1,115", "2005-06-30": "$1,247", "2005-03-31": "$1,438"}}, "total-share-holder-equity": {"Zimmer Biomet Holdings Annual Share Holder Equity (Millions of US $)": {"2019": "$12,393", "2018": "$11,276", "2017": "$11,736", "2016": "$9,670", "2015": "$9,889", "2014": "$6,552", "2013": "$6,300", "2012": "$5,866", "2011": "$5,515", "2010": "$5,771", "2009": "$5,639", "2008": "$5,654", "2007": "$5,450", "2006": "$4,921", "2005": "$4,683"}, "Zimmer Biomet Holdings Quarterly Share Holder Equity (Millions of US $)": {"2020-09-30": "$11,878", "2020-06-30": "$11,644", "2020-03-31": "$11,883", "2019-12-31": "$12,393", "2019-09-30": "$12,086", "2019-06-30": "$11,662", "2019-03-31": "$11,539", "2018-12-31": "$11,276", "2018-09-30": "$12,223", "2018-06-30": "$12,044", "2018-03-31": "$12,000", "2017-12-31": "$11,736", "2017-09-30": "$10,450", "2017-06-30": "$10,280", "2017-03-31": "$9,934", "2016-12-31": "$9,670", "2016-09-30": "$9,746", "2016-06-30": "$9,549", "2016-03-31": "$9,661", "2015-12-31": "$9,889", "2015-09-30": "$9,993", "2015-06-30": "$10,126", "2015-03-31": "$6,583", "2014-12-31": "$6,552", "2014-09-30": "$6,541", "2014-06-30": "$6,452", "2014-03-31": "$6,238", "2013-12-31": "$6,300", "2013-09-30": "$6,139", "2013-06-30": "$5,890", "2013-03-31": "$5,712", "2012-12-31": "$5,866", "2012-09-30": "$5,831", "2012-06-30": "$5,712", "2012-03-31": "$5,662", "2011-12-31": "$5,515", "2011-09-30": "$5,609", "2011-06-30": "$6,016", "2011-03-31": "$5,864", "2010-12-31": "$5,771", "2010-09-30": "$5,822", "2010-06-30": "$5,735", "2010-03-31": "$5,714", "2009-12-31": "$5,639", "2009-09-30": "$5,979", "2009-06-30": "$5,806", "2009-03-31": "$5,555", "2008-12-31": "$5,654", "2008-09-30": "$5,621", "2008-06-30": "$5,505", "2008-03-31": "$5,707", "2007-12-31": "$5,450", "2007-09-30": "$5,253", "2007-06-30": "$5,283", "2007-03-31": "$5,117", "2006-12-31": "$4,921", "2006-09-30": "$4,804", "2006-06-30": "$4,896", "2006-03-31": "$4,924", "2005-12-31": "$4,683", "2005-09-30": "$4,506", "2005-06-30": "$4,305", "2005-03-31": "$4,154"}}, "profit-margins": {"current": "-2.15%"}, "gross margin": {"2020-12-31": "69.72%", "2020-09-30": "70.81%", "2020-06-30": "71.14%", "2020-03-31": "71.94%", "2019-12-31": "71.78%", "2019-09-30": "71.57%", "2019-06-30": "71.45%", "2019-03-31": "71.49%", "2018-12-31": "71.36%", "2018-09-30": "71.25%", "2018-06-30": "71.52%", "2018-03-31": "72.02%", "2017-12-31": "72.68%", "2017-09-30": "72.03%", "2017-06-30": "72.38%", "2017-03-31": "70.88%", "2016-12-31": "68.94%", "2016-09-30": "68.05%", "2016-06-30": "66.78%", "2016-03-31": "68.11%", "2015-12-31": "69.97%", "2015-09-30": "72.71%", "2015-06-30": "74.37%", "2015-03-31": "73.65%", "2014-12-31": "73.38%", "2014-09-30": "73.27%", "2014-06-30": "72.40%", "2014-03-31": "72.50%", "2013-12-31": "72.60%", "2013-09-30": "72.74%", "2013-06-30": "74.05%", "2013-03-31": "74.73%", "2012-12-31": "74.83%", "2012-09-30": "74.66%", "2012-06-30": "74.78%", "2012-03-31": "74.74%", "2011-12-31": "74.82%", "2011-09-30": "75.29%", "2011-06-30": "75.67%", "2011-03-31": "76.06%", "2010-12-31": "76.00%", "2010-09-30": "75.84%", "2010-06-30": "75.17%", "2010-03-31": "75.28%", "2009-12-31": "75.78%", "2009-09-30": "76.09%", "2009-06-30": "76.27%", "2009-03-31": "75.98%", "2008-12-31": "75.78%", "2008-09-30": "75.77%", "2008-06-30": "76.41%", "2008-03-31": "76.92%", "2007-12-31": "77.53%", "2007-09-30": "77.91%", "2007-06-30": "77.85%", "2007-03-31": "77.77%", "2006-12-31": "77.69%", "2006-09-30": "77.80%", "2006-06-30": "77.66%", "2006-03-31": "77.76%", "2005-12-31": "77.49%"}, "operating margin": {"2020-12-31": "-1.25%", "2020-09-30": "0.11%", "2020-06-30": "-0.64%", "2020-03-31": "4.26%", "2019-12-31": "14.26%", "2019-09-30": "0.13%", "2019-06-30": "-0.17%", "2019-03-31": "0.99%", "2018-12-31": "0.42%", "2018-09-30": "9.89%", "2018-06-30": "9.76%", "2018-03-31": "9.63%", "2017-12-31": "10.24%", "2017-09-30": "13.15%", "2017-06-30": "12.92%", "2017-03-31": "11.94%", "2016-12-31": "10.72%", "2016-09-30": "11.27%", "2016-06-30": "10.31%", "2016-03-31": "6.55%", "2015-12-31": "7.79%", "2015-09-30": "8.98%", "2015-06-30": "13.26%", "2015-03-31": "21.67%", "2014-12-31": "22.19%", "2014-09-30": "24.81%", "2014-06-30": "24.06%", "2014-03-31": "23.03%", "2013-12-31": "23.10%", "2013-09-30": "20.18%", "2013-06-30": "21.21%", "2013-03-31": "23.48%", "2012-12-31": "23.43%", "2012-09-30": "23.50%", "2012-06-30": "23.87%", "2012-03-31": "22.85%", "2011-12-31": "23.00%", "2011-09-30": "21.40%", "2011-06-30": "21.85%", "2011-03-31": "21.53%", "2010-12-31": "21.72%", "2010-09-30": "24.64%", "2010-06-30": "22.95%", "2010-03-31": "24.82%", "2009-12-31": "24.90%", "2009-09-30": "25.40%", "2009-06-30": "25.71%", "2009-03-31": "25.60%", "2008-12-31": "26.45%", "2008-09-30": "28.86%", "2008-06-30": "27.16%", "2008-03-31": "28.28%", "2007-12-31": "28.94%", "2007-09-30": "29.64%", "2007-06-30": "33.82%", "2007-03-31": "33.52%", "2006-12-31": "33.35%", "2006-09-30": "32.52%", "2006-06-30": "32.66%", "2006-03-31": "32.82%", "2005-12-31": "32.13%"}, "ebitda margin": {"2020-09-30": "23.71%", "2020-06-30": "22.97%", "2020-03-31": "25.99%", "2019-12-31": "27.73%", "2019-09-30": "26.02%", "2019-06-30": "26.09%", "2019-03-31": "26.41%", "2018-12-31": "25.90%", "2018-09-30": "26.62%", "2018-06-30": "26.98%", "2018-03-31": "27.34%", "2017-12-31": "28.10%", "2017-09-30": "27.56%", "2017-06-30": "27.15%", "2017-03-31": "26.06%", "2016-12-31": "24.67%", "2016-09-30": "25.72%", "2016-06-30": "24.26%", "2016-03-31": "19.40%", "2015-12-31": "19.67%", "2015-09-30": "18.84%", "2015-06-30": "21.29%", "2015-03-31": "29.51%", "2014-12-31": "30.23%", "2014-09-30": "32.76%", "2014-06-30": "32.08%", "2014-03-31": "31.10%", "2013-12-31": "30.86%", "2013-09-30": "30.15%", "2013-06-30": "31.09%", "2013-03-31": "33.48%", "2012-12-31": "33.67%", "2012-09-30": "31.71%", "2012-06-30": "32.25%", "2012-03-31": "31.11%", "2011-12-31": "31.09%", "2011-09-30": "34.10%", "2011-06-30": "34.55%", "2011-03-31": "34.28%", "2010-12-31": "34.61%", "2010-09-30": "34.39%", "2010-06-30": "32.80%", "2010-03-31": "34.76%", "2009-12-31": "34.86%", "2009-09-30": "33.54%", "2009-06-30": "33.37%", "2009-03-31": "32.82%", "2008-12-31": "33.12%", "2008-09-30": "35.05%", "2008-06-30": "33.21%", "2008-03-31": "34.19%", "2007-12-31": "34.84%", "2007-09-30": "35.52%", "2007-06-30": "39.65%", "2007-03-31": "39.24%", "2006-12-31": "38.99%", "2006-09-30": "38.21%", "2006-06-30": "38.26%", "2006-03-31": "38.43%", "2005-12-31": "37.75%"}, "pre tax profit margin": {"2020-12-31": "-3.90%", "2020-09-30": "-2.56%", "2020-06-30": "-3.59%", "2020-03-31": "1.41%", "2019-12-31": "11.35%", "2019-09-30": "-3.14%", "2019-06-30": "-3.56%", "2019-03-31": "-2.56%", "2018-12-31": "-3.42%", "2018-09-30": "5.94%", "2018-06-30": "5.62%", "2018-03-31": "5.38%", "2017-12-31": "5.95%", "2017-09-30": "8.00%", "2017-06-30": "7.69%", "2017-03-31": "6.60%", "2016-12-31": "5.23%", "2016-09-30": "6.61%", "2016-06-30": "5.72%", "2016-03-31": "1.20%", "2015-12-31": "2.55%", "2015-09-30": "3.92%", "2015-06-30": "8.75%", "2015-03-31": "18.94%", "2014-12-31": "20.09%", "2014-09-30": "23.06%", "2014-06-30": "22.53%", "2014-03-31": "21.73%", "2013-12-31": "21.80%", "2013-09-30": "18.93%", "2013-06-30": "19.95%", "2013-03-31": "22.21%", "2012-12-31": "22.13%", "2012-09-30": "22.27%", "2012-06-30": "22.69%", "2012-03-31": "21.76%", "2011-12-31": "21.99%", "2011-09-30": "20.36%", "2011-06-30": "20.72%", "2011-03-31": "20.29%", "2010-12-31": "20.40%", "2010-09-30": "23.40%", "2010-06-30": "21.98%", "2010-03-31": "24.08%", "2009-12-31": "24.39%", "2009-09-30": "25.01%", "2009-06-30": "26.13%", "2009-03-31": "26.29%", "2008-12-31": "27.25%", "2008-09-30": "29.77%", "2008-06-30": "27.43%", "2008-03-31": "28.40%", "2007-12-31": "29.04%", "2007-09-30": "29.78%", "2007-06-30": "33.90%", "2007-03-31": "33.60%", "2006-12-31": "33.44%", "2006-09-30": "32.52%", "2006-06-30": "32.60%", "2006-03-31": "32.61%", "2005-12-31": "31.67%"}, "net profit margin": {"2020-12-31": "-1.98%", "2020-09-30": "-2.15%", "2020-06-30": "0.51%", "2020-03-31": "4.84%", "2019-12-31": "14.18%", "2019-09-30": "-1.14%", "2019-06-30": "-4.56%", "2019-03-31": "-3.90%", "2018-12-31": "-4.78%", "2018-09-30": "22.10%", "2018-06-30": "21.37%", "2018-03-31": "21.52%", "2017-12-31": "23.23%", "2017-09-30": "8.43%", "2017-06-30": "9.18%", "2017-03-31": "6.42%", "2016-12-31": "4.00%", "2016-09-30": "4.79%", "2016-06-30": "3.01%", "2016-03-31": "1.24%", "2015-12-31": "2.43%", "2015-09-30": "3.18%", "2015-06-30": "6.89%", "2015-03-31": "14.42%", "2014-12-31": "15.43%", "2014-09-30": "17.63%", "2014-06-30": "17.34%", "2014-03-31": "16.85%", "2013-12-31": "16.87%", "2013-09-30": "14.86%", "2013-06-30": "15.54%", "2013-03-31": "17.11%", "2012-12-31": "16.90%", "2012-09-30": "17.04%", "2012-06-30": "17.33%", "2012-03-31": "17.04%", "2011-12-31": "17.12%", "2011-09-30": "14.48%", "2011-06-30": "14.68%", "2011-03-31": "14.06%", "2010-12-31": "14.14%", "2010-09-30": "17.10%", "2010-06-30": "16.08%", "2010-03-31": "17.28%", "2009-12-31": "17.50%", "2009-09-30": "18.16%", "2009-06-30": "19.90%", "2009-03-31": "20.02%", "2008-12-31": "20.60%", "2008-09-30": "22.69%", "2008-06-30": "18.83%", "2008-03-31": "19.47%", "2007-12-31": "19.86%", "2007-09-30": "20.09%", "2007-06-30": "24.30%", "2007-03-31": "24.04%", "2006-12-31": "23.88%", "2006-09-30": "23.17%", "2006-06-30": "23.14%", "2006-03-31": "23.09%", "2005-12-31": "22.33%"}, "pe ratio": {"current": "28.20", "2021-02-05": "0.00", "2020-12-31": "0.00", "2020-09-30": "0.00", "2020-06-30": "743.46", "2020-03-31": "55.54", "2019-12-31": "27.15", "2019-09-30": "0.00", "2019-06-30": "0.00", "2019-03-31": "0.00", "2018-12-31": "0.00", "2018-09-30": "14.85", "2018-06-30": "13.03", "2018-03-31": "12.72", "2017-12-31": "13.08", "2017-09-30": "35.88", "2017-06-30": "35.88", "2017-03-31": "48.98", "2016-12-31": "68.01", "2016-09-30": "98.18", "2016-06-30": "190.38", "2016-03-31": "0.00", "2015-12-31": "273.74", "2015-09-30": "79.68", "2015-06-30": "52.75", "2015-03-31": "28.61", "2014-12-31": "25.79", "2014-09-30": "20.60", "2014-06-30": "21.52", "2014-03-31": "20.17", "2013-12-31": "19.87", "2013-09-30": "19.60", "2013-06-30": "17.31", "2013-03-31": "16.03", "2012-12-31": "14.53", "2012-09-30": "14.74", "2012-06-30": "14.02", "2012-03-31": "14.51", "2011-12-31": "12.29", "2011-09-30": "14.85", "2011-06-30": "17.82", "2011-03-31": "18.42", "2010-12-31": "16.72", "2010-09-30": "13.71", "2010-06-30": "15.29", "2010-03-31": "15.96", "2009-12-31": "16.42", "2009-09-30": "14.80", "2009-06-30": "10.97", "2009-03-31": "9.38", "2008-12-31": "10.08", "2008-09-30": "14.63", "2008-06-30": "18.96", "2008-03-31": "21.82", "2007-12-31": "18.77", "2007-09-30": "23.70", "2007-06-30": "21.05", "2007-03-31": "22.13", "2006-12-31": "21.26"}, "price sales": {"2021-02-05": "4.73", "2020-12-31": "4.56", "2020-09-30": "3.99", "2020-06-30": "3.50", "2020-03-31": "2.67", "2019-12-31": "3.84", "2019-09-30": "3.53", "2019-06-30": "3.03", "2019-03-31": "3.27", "2018-12-31": "2.63", "2018-09-30": "3.33", "2018-06-30": "2.82", "2018-03-31": "2.77", "2017-12-31": "3.07", "2017-09-30": "3.00", "2017-06-30": "3.27", "2017-03-31": "3.09", "2016-12-31": "2.63", "2016-09-30": "3.28", "2016-06-30": "3.07", "2016-03-31": "2.94", "2015-12-31": "3.07", "2015-09-30": "3.10", "2015-06-30": "3.89", "2015-03-31": "4.15", "2014-12-31": "3.97", "2014-09-30": "3.50", "2014-06-30": "3.63", "2014-03-31": "3.31", "2013-12-31": "3.26", "2013-09-30": "2.92", "2013-06-30": "2.70", "2013-03-31": "2.75", "2012-12-31": "2.46", "2012-09-30": "2.54", "2012-06-30": "2.45", "2012-03-31": "2.49", "2011-12-31": "2.12", "2011-09-30": "2.17", "2011-06-30": "2.64", "2011-03-31": "2.61", "2010-12-31": "2.38", "2010-09-30": "2.37", "2010-06-30": "2.49", "2010-03-31": "2.79", "2009-12-31": "2.90", "2009-09-30": "2.71", "2009-06-30": "2.20", "2009-03-31": "1.89", "2008-12-31": "2.08", "2008-09-30": "3.32", "2008-06-30": "3.58", "2008-03-31": "4.26", "2007-12-31": "3.74", "2007-09-30": "4.79", "2007-06-30": "5.16", "2007-03-31": "5.37", "2006-12-31": "5.11"}, "price book": {"current": "2.79", "2021-02-05": "2.79", "2020-09-30": "2.37", "2020-06-30": "2.11", "2020-03-31": "1.75", "2019-12-31": "2.47", "2019-09-30": "2.31", "2019-06-30": "2.05", "2019-03-31": "2.24", "2018-12-31": "1.85", "2018-09-30": "2.16", "2018-06-30": "1.85", "2018-03-31": "1.81", "2017-12-31": "2.03", "2017-09-30": "2.21", "2017-06-30": "2.46", "2017-03-31": "2.41", "2016-12-31": "2.07", "2016-09-30": "2.58", "2016-06-30": "2.43", "2016-03-31": "2.12", "2015-12-31": "2.02", "2015-09-30": "1.84", "2015-06-30": "2.10", "2015-03-31": "2.90", "2014-12-31": "2.80", "2014-09-30": "2.47", "2014-06-30": "2.58", "2014-03-31": "2.41", "2013-12-31": "2.37", "2013-09-30": "2.15", "2013-06-30": "2.02", "2013-03-31": "2.07", "2012-12-31": "1.82", "2012-09-30": "1.88", "2012-06-30": "1.83", "2012-03-31": "1.85", "2011-12-31": "1.59", "2011-09-30": "1.59", "2011-06-30": "1.85", "2011-03-31": "1.83", "2010-12-31": "1.68", "2010-09-30": "1.64", "2010-06-30": "1.76", "2010-03-31": "1.94", "2009-12-31": "1.98", "2009-09-30": "1.76", "2009-06-30": "1.45", "2009-03-31": "1.31", "2008-12-31": "1.48", "2008-09-30": "2.39", "2008-06-30": "2.57", "2008-03-31": "2.92", "2007-12-31": "2.61", "2007-09-30": "3.34", "2007-06-30": "3.51", "2007-03-31": "3.65", "2006-12-31": "3.49", "2006-09-30": "3.10", "2006-06-30": "2.60", "2006-03-31": "3.15"}, "price fcf": {"2021-02-05": "", "2020-09-30": "$3.67", "2020-06-30": "$4.35", "2020-03-31": "$5.83", "2019-12-31": "$5.14", "2019-09-30": "$5.03", "2019-06-30": "$4.65", "2019-03-31": "$5.34", "2018-12-31": "$6.43", "2018-09-30": "$6.47", "2018-06-30": "$6.48", "2018-03-31": "$6.60", "2017-12-31": "$5.35", "2017-09-30": "$6.36", "2017-06-30": "$5.64", "2017-03-31": "$5.37", "2016-12-31": "$5.44", "2016-09-30": "$4.95", "2016-06-30": "$3.84", "2016-03-31": "$3.38", "2015-12-31": "$2.56", "2015-09-30": "$2.30", "2015-06-30": "$3.45", "2015-03-31": "$3.52", "2014-12-31": "$4.18", "2014-09-30": "$4.03", "2014-06-30": "$4.21", "2014-03-31": "$3.91", "2013-12-31": "$3.90", "2013-09-30": "$4.02", "2013-06-30": "$4.45", "2013-03-31": "$4.77", "2012-12-31": "$5.05", "2012-09-30": "$5.17", "2012-06-30": "$5.03", "2012-03-31": "$5.09", "2011-12-31": "$4.81", "2011-09-30": "$4.29", "2011-06-30": "$4.13", "2011-03-31": "$4.18", "2010-12-31": "$4.58", "2010-09-30": "$4.94", "2010-06-30": "$5.04", "2010-03-31": "$4.65", "2009-12-31": "$4.12", "2009-09-30": "$2.97", "2009-06-30": "$2.34", "2009-03-31": "$2.33", "2008-12-31": "$2.41", "2008-09-30": "$3.34", "2008-06-30": "$2.93", "2008-03-31": "$3.15", "2007-12-31": "$3.17", "2007-09-30": "$2.46", "2007-06-30": "$3.03", "2007-03-31": "$3.14", "2006-12-31": "$3.21"}, "net worth": {"value": "$33.14B"}, "current ratio": {"2020-12-31": "1.99", "2020-09-30": "2.27", "2020-06-30": "2.18", "2020-03-31": "1.69", "2019-12-31": "1.37", "2019-09-30": "1.17", "2019-06-30": "1.19", "2019-03-31": "2.00", "2018-12-31": "1.83", "2018-09-30": "1.89", "2018-06-30": "2.41", "2018-03-31": "1.69", "2017-12-31": "1.49", "2017-09-30": "1.47", "2017-06-30": "1.48", "2017-03-31": "1.91", "2016-12-31": "1.96", "2016-09-30": "2.03", "2016-06-30": "2.40", "2016-03-31": "3.36", "2015-12-31": "3.62", "2015-09-30": "3.58", "2015-06-30": "3.12", "2015-03-31": "13.12", "2014-12-31": "4.21", "2014-09-30": "3.96", "2014-06-30": "4.44", "2014-03-31": "4.41", "2013-12-31": "4.07", "2013-09-30": "4.77", "2013-06-30": "4.47", "2013-03-31": "4.54", "2012-12-31": "4.28", "2012-09-30": "4.81", "2012-06-30": "5.09", "2012-03-31": "3.86", "2011-12-31": "3.78", "2011-09-30": "4.56", "2011-06-30": "4.58", "2011-03-31": "4.25", "2010-12-31": "4.28", "2010-09-30": "4.31", "2010-06-30": "4.96", "2010-03-31": "4.39", "2009-12-31": "3.96", "2009-09-30": "3.62", "2009-06-30": "3.48", "2009-03-31": "3.12", "2008-12-31": "2.83", "2008-09-30": "2.78", "2008-06-30": "2.73", "2008-03-31": "2.82", "2007-12-31": "2.78", "2007-09-30": "2.69", "2007-06-30": "3.03", "2007-03-31": "3.15", "2006-12-31": "2.78", "2006-09-30": "2.51", "2006-06-30": "2.84", "2006-03-31": "3.21", "2005-12-31": "2.60", "2005-09-30": "2.29", "2005-06-30": "2.43", "2005-03-31": "2.43"}, "quick ratio": {"2020-12-31": "1.03", "2020-09-30": "1.17", "2020-06-30": "1.02", "2020-03-31": "1.03", "2019-12-31": "0.68", "2019-09-30": "0.54", "2019-06-30": "0.56", "2019-03-31": "0.97", "2018-12-31": "0.90", "2018-09-30": "0.96", "2018-06-30": "1.25", "2018-03-31": "1.07", "2017-12-31": "0.81", "2017-09-30": "0.78", "2017-06-30": "0.80", "2017-03-31": "1.17", "2016-12-31": "1.14", "2016-09-30": "1.14", "2016-06-30": "1.47", "2016-03-31": "1.98", "2015-12-31": "2.23", "2015-09-30": "2.26", "2015-06-30": "1.99", "2015-03-31": "11.78", "2014-12-31": "3.05", "2014-09-30": "2.89", "2014-06-30": "3.24", "2014-03-31": "3.18", "2013-12-31": "3.03", "2013-09-30": "3.43", "2013-06-30": "3.16", "2013-03-31": "3.18", "2012-12-31": "3.13", "2012-09-30": "3.49", "2012-06-30": "3.69", "2012-03-31": "2.77", "2011-12-31": "2.71", "2011-09-30": "3.12", "2011-06-30": "3.14", "2011-03-31": "2.91", "2010-12-31": "2.95", "2010-09-30": "2.98", "2010-06-30": "3.49", "2010-03-31": "3.02", "2009-12-31": "2.64", "2009-09-30": "2.18", "2009-06-30": "2.01", "2009-03-31": "1.78", "2008-12-31": "1.62", "2008-09-30": "1.78", "2008-06-30": "1.74", "2008-03-31": "1.86", "2007-12-31": "1.81", "2007-09-30": "1.65", "2007-06-30": "1.97", "2007-03-31": "2.05", "2006-12-31": "1.76", "2006-09-30": "1.58", "2006-06-30": "1.88", "2006-03-31": "2.15", "2005-12-31": "1.63", "2005-09-30": "1.39", "2005-06-30": "1.51", "2005-03-31": "1.52"}, "debt equity ratio": {"current": "0.66", "2020-12-31": "1.00", "2020-09-30": "1.02", "2020-06-30": "1.03", "2020-03-31": "1.15", "2019-12-31": "0.99", "2019-09-30": "1.01", "2019-06-30": "1.08", "2019-03-31": "1.11", "2018-12-31": "1.14", "2018-09-30": "1.08", "2018-06-30": "1.12", "2018-03-31": "1.27", "2017-12-31": "1.22", "2017-09-30": "1.53", "2017-06-30": "1.57", "2017-03-31": "1.72", "2016-12-31": "1.76", "2016-09-30": "1.77", "2016-06-30": "1.72", "2016-03-31": "1.72", "2015-12-31": "1.75", "2015-09-30": "1.67", "2015-06-30": "1.69", "2015-03-31": "1.61", "2014-12-31": "0.47", "2014-09-30": "0.48", "2014-06-30": "0.49", "2014-03-31": "0.50", "2013-12-31": "0.52", "2013-09-30": "0.52", "2013-06-30": "0.55", "2013-03-31": "0.53", "2012-12-31": "0.54", "2012-09-30": "0.51", "2012-06-30": "0.51", "2012-03-31": "0.52", "2011-12-31": "0.54", "2011-09-30": "0.46", "2011-06-30": "0.37", "2011-03-31": "0.38", "2010-12-31": "0.39", "2010-09-30": "0.38", "2010-06-30": "0.37", "2010-03-31": "0.37", "2009-12-31": "0.38", "2009-09-30": "0.28", "2009-06-30": "0.29", "2009-03-31": "0.30", "2008-12-31": "0.28", "2008-09-30": "0.26", "2008-06-30": "0.26", "2008-03-31": "0.21", "2007-12-31": "0.22", "2007-09-30": "0.21", "2007-06-30": "0.20", "2007-03-31": "0.19", "2006-12-31": "0.21", "2006-09-30": "0.23", "2006-06-30": "0.22", "2006-03-31": "0.20", "2005-12-31": "0.22", "2005-09-30": "0.25", "2005-06-30": "0.29", "2005-03-31": "0.35"}, "return on equity": {"2020-12-31": "-1.17%", "2020-09-30": "-1.27%", "2020-06-30": "0.30%", "2020-03-31": "3.14%", "2019-12-31": "9.50%", "2019-09-30": "-0.77%", "2019-06-30": "-3.07%", "2019-03-31": "-2.62%", "2018-12-31": "-3.19%", "2018-09-30": "14.61%", "2018-06-30": "14.62%", "2018-03-31": "15.19%", "2017-12-31": "17.10%", "2017-09-30": "6.47%", "2017-06-30": "7.19%", "2017-03-31": "5.11%", "2016-12-31": "3.18%", "2016-09-30": "3.75%", "2016-06-30": "2.32%", "2016-03-31": "0.85%", "2015-12-31": "1.60%", "2015-09-30": "2.02%", "2015-06-30": "4.28%", "2015-03-31": "10.26%", "2014-12-31": "11.19%", "2014-09-30": "12.96%", "2014-06-30": "12.86%", "2014-03-31": "12.75%", "2013-12-31": "12.98%", "2013-09-30": "11.49%", "2013-06-30": "12.05%", "2013-03-31": "13.23%", "2012-12-31": "13.11%", "2012-09-30": "13.38%", "2012-06-30": "13.76%", "2012-03-31": "13.38%", "2011-12-31": "13.25%", "2011-09-30": "11.01%", "2011-06-30": "10.89%", "2011-03-31": "10.37%", "2010-12-31": "10.36%", "2010-09-30": "12.52%", "2010-06-30": "11.72%", "2010-03-31": "12.45%", "2009-12-31": "12.48%", "2009-09-30": "12.70%", "2009-06-30": "14.05%", "2009-03-31": "14.54%", "2008-12-31": "15.10%", "2008-09-30": "16.96%", "2008-06-30": "14.15%", "2008-03-31": "14.38%", "2007-12-31": "14.67%", "2007-09-30": "14.68%", "2007-06-30": "17.75%", "2007-03-31": "17.47%", "2006-12-31": "17.09%", "2006-09-30": "16.37%", "2006-06-30": "16.33%", "2006-03-31": "16.64%", "2005-12-31": "16.64%"}, "return on assets": {"2020-12-31": "-0.57%", "2020-09-30": "-0.62%", "2020-06-30": "0.15%", "2020-03-31": "1.53%", "2019-12-31": "4.65%", "2019-09-30": "-0.37%", "2019-06-30": "-1.47%", "2019-03-31": "-1.24%", "2018-12-31": "-1.48%", "2018-09-30": "6.74%", "2018-06-30": "6.43%", "2018-03-31": "6.37%", "2017-12-31": "6.85%", "2017-09-30": "2.45%", "2017-06-30": "2.66%", "2017-03-31": "1.86%", "2016-12-31": "1.16%", "2016-09-30": "1.37%", "2016-06-30": "0.86%", "2016-03-31": "0.31%", "2015-12-31": "0.59%", "2015-09-30": "0.83%", "2015-06-30": "2.00%", "2015-03-31": "5.81%", "2014-12-31": "7.52%", "2014-09-30": "8.64%", "2014-06-30": "8.52%", "2014-03-31": "8.37%", "2013-12-31": "8.48%", "2013-09-30": "7.49%", "2013-06-30": "7.88%", "2013-03-31": "8.70%", "2012-12-31": "8.64%", "2012-09-30": "8.81%", "2012-06-30": "9.12%", "2012-03-31": "9.09%", "2011-12-31": "9.21%", "2011-09-30": "7.86%", "2011-06-30": "7.90%", "2011-03-31": "7.52%", "2010-12-31": "7.54%", "2010-09-30": "9.12%", "2010-06-30": "8.70%", "2010-03-31": "9.38%", "2009-12-31": "9.52%", "2009-09-30": "9.87%", "2009-06-30": "10.96%", "2009-03-31": "11.40%", "2008-12-31": "12.05%", "2008-09-30": "13.71%", "2008-06-30": "11.54%", "2008-03-31": "11.89%", "2007-12-31": "12.18%", "2007-09-30": "12.20%", "2007-06-30": "14.70%", "2007-03-31": "14.40%", "2006-12-31": "14.05%", "2006-09-30": "13.44%", "2006-06-30": "13.36%", "2006-03-31": "13.43%", "2005-12-31": "13.06%"}, "return on investments": {"2020-12-31": "-0.45%", "2020-09-30": "0.04%", "2020-06-30": "-0.24%", "2020-03-31": "1.76%", "2019-12-31": "6.01%", "2019-09-30": "0.05%", "2019-06-30": "-0.07%", "2019-03-31": "0.38%", "2018-12-31": "0.16%", "2018-09-30": "3.71%", "2018-06-30": "3.71%", "2018-03-31": "3.71%", "2017-12-31": "3.97%", "2017-09-30": "5.08%", "2017-06-30": "4.94%", "2017-03-31": "4.53%", "2016-12-31": "4.01%", "2016-09-30": "4.13%", "2016-06-30": "3.70%", "2016-03-31": "2.07%", "2015-12-31": "2.32%", "2015-09-30": "2.83%", "2015-06-30": "4.59%", "2015-03-31": "10.14%", "2014-12-31": "12.96%", "2014-09-30": "14.55%", "2014-06-30": "14.08%", "2014-03-31": "13.68%", "2013-12-31": "13.87%", "2013-09-30": "12.12%", "2013-06-30": "12.71%", "2013-03-31": "14.00%", "2012-12-31": "14.06%", "2012-09-30": "14.29%", "2012-06-30": "14.75%", "2012-03-31": "14.29%", "2011-12-31": "14.42%", "2011-09-30": "13.40%", "2011-06-30": "13.57%", "2011-03-31": "13.26%", "2010-12-31": "13.30%", "2010-09-30": "15.06%", "2010-06-30": "14.27%", "2010-03-31": "15.52%", "2009-12-31": "15.68%", "2009-09-30": "16.10%", "2009-06-30": "16.60%", "2009-03-31": "17.22%", "2008-12-31": "18.38%", "2008-09-30": "20.76%", "2008-06-30": "19.82%", "2008-03-31": "20.50%", "2007-12-31": "20.98%", "2007-09-30": "21.25%", "2007-06-30": "24.23%", "2007-03-31": "23.90%", "2006-12-31": "23.43%", "2006-09-30": "22.57%", "2006-06-30": "22.65%", "2006-03-31": "23.01%", "2005-12-31": "22.82%"}, "return on tangible equity": {"2020-09-30": "3.60%", "2020-06-30": "-0.81%", "2020-03-31": "-7.99%", "2019-12-31": "-22.34%", "2019-09-30": "1.65%", "2019-06-30": "6.19%", "2019-03-31": "5.07%", "2018-12-31": "5.90%", "2018-09-30": "-25.97%", "2018-06-30": "-22.75%", "2018-03-31": "-20.92%", "2017-12-31": "-20.88%", "2017-09-30": "-7.01%", "2017-06-30": "-7.43%", "2017-03-31": "-5.23%", "2016-12-31": "-3.27%", "2016-09-30": "-3.98%", "2016-06-30": "-2.67%", "2016-03-31": "-1.02%", "2015-12-31": "-2.88%", "2015-09-30": "-8.36%", "2015-06-30": "44.55%", "2015-03-31": "19.70%", "2014-12-31": "22.25%", "2014-09-30": "26.45%", "2014-06-30": "27.06%", "2014-03-31": "27.62%", "2013-12-31": "28.75%", "2013-09-30": "26.01%", "2013-06-30": "28.01%", "2013-03-31": "31.36%", "2012-12-31": "31.76%", "2012-09-30": "33.57%", "2012-06-30": "35.12%", "2012-03-31": "33.91%", "2011-12-31": "33.36%", "2011-09-30": "27.21%", "2011-06-30": "26.91%", "2011-03-31": "25.94%", "2010-12-31": "26.31%", "2010-09-30": "32.92%", "2010-06-30": "31.21%", "2010-03-31": "33.87%", "2009-12-31": "34.64%", "2009-09-30": "35.23%", "2009-06-30": "38.20%", "2009-03-31": "39.27%", "2008-12-31": "39.55%", "2008-09-30": "43.63%", "2008-06-30": "37.08%", "2008-03-31": "37.48%", "2007-12-31": "38.66%", "2007-09-30": "39.65%", "2007-06-30": "49.60%", "2007-03-31": "50.65%", "2006-12-31": "50.64%", "2006-09-30": "49.38%", "2006-06-30": "50.64%", "2006-03-31": "54.83%", "2005-12-31": "62.11%"}, "dividend yield history": {"last payout": "$0.96", "last yield": "0.60%"}}