{"ticker": "ZION", "price": {"title": "Zions Bancorporation, N.A Historical Annual Stock Price Data", "value": 47.73, "historical": {"2021": {"Average Stock Price": "47.3265", "Year Open": "42.9300", "Year High": "50.9150", "Year Low": "42.9300", "Year Close": "47.7300", "Annual % Change": "9.88%"}, "2020": {"Average Stock Price": "35.4836", "Year Open": "52.4400", "Year High": "52.4400", "Year Low": "24.0800", "Year Close": "43.4400", "Annual % Change": "-16.33%"}, "2019": {"Average Stock Price": "46.4179", "Year Open": "41.5800", "Year High": "51.9200", "Year Low": "39.2000", "Year Close": "51.9200", "Annual % Change": "27.44%"}, "2018": {"Average Stock Price": "52.1036", "Year Open": "50.7000", "Year High": "58.5400", "Year Low": "38.5100", "Year Close": "40.7400", "Annual % Change": "-19.85%"}, "2017": {"Average Stock Price": "44.2539", "Year Open": "43.1800", "Year High": "51.7400", "Year Low": "38.9900", "Year Close": "50.8300", "Annual % Change": "18.10%"}, "2016": {"Average Stock Price": "28.7312", "Year Open": "26.7100", "Year High": "43.9300", "Year Low": "19.9000", "Year Close": "43.0400", "Annual % Change": "57.66%"}, "2015": {"Average Stock Price": "28.5158", "Year Open": "28.2900", "Year High": "32.4950", "Year Low": "23.8700", "Year Close": "27.3000", "Annual % Change": "-4.24%"}, "2014": {"Average Stock Price": "29.2432", "Year Open": "29.6500", "Year High": "32.9900", "Year Low": "25.9600", "Year Close": "28.5100", "Annual % Change": "-4.84%"}, "2013": {"Average Stock Price": "27.0498", "Year Open": "21.9900", "Year High": "31.1600", "Year Low": "21.7500", "Year Close": "29.9600", "Annual % Change": "40.00%"}, "2012": {"Average Stock Price": "19.7265", "Year Open": "16.7650", "Year High": "22.6400", "Year Low": "16.5800", "Year Close": "21.4000", "Annual % Change": "31.45%"}, "2011": {"Average Stock Price": "20.5175", "Year Open": "25.1725", "Year High": "25.4000", "Year Low": "13.6800", "Year Close": "16.2800", "Annual % Change": "-32.81%"}, "2010": {"Average Stock Price": "21.6592", "Year Open": "13.3300", "Year High": "30.0000", "Year Low": "13.3300", "Year Close": "24.2300", "Annual % Change": "88.85%"}, "2009": {"Average Stock Price": "14.0515", "Year Open": "25.0000", "Year High": "25.1500", "Year Low": "6.4800", "Year Close": "12.8300", "Annual % Change": "-47.65%"}, "2008": {"Average Stock Price": "38.1145", "Year Open": "45.2900", "Year High": "55.3500", "Year Low": "19.2700", "Year Close": "24.5100", "Annual % Change": "-47.50%"}, "2007": {"Average Stock Price": "74.0548", "Year Open": "82.9100", "Year High": "88.2800", "Year Low": "46.1400", "Year Close": "46.6900", "Annual % Change": "-43.36%"}, "2006": {"Average Stock Price": "80.3161", "Year Open": "76.4800", "Year High": "85.0400", "Year Low": "75.3500", "Year Close": "82.4400", "Annual % Change": "9.11%"}, "2005": {"Average Stock Price": "70.8528", "Year Open": "67.3900", "Year High": "76.8500", "Year Low": "63.5600", "Year Close": "75.5600", "Annual % Change": "11.07%"}, "2004": {"Average Stock Price": "61.0669", "Year Open": "60.2000", "Year High": "69.2500", "Year Low": "54.5500", "Year Close": "68.0300", "Annual % Change": "10.91%"}, "2003": {"Average Stock Price": "51.9568", "Year Open": "40.6400", "Year High": "63.5000", "Year Low": "39.9400", "Year Close": "61.3400", "Annual % Change": "55.88%"}, "2002": {"Average Stock Price": "49.4908", "Year Open": "51.5800", "Year High": "59.4000", "Year Low": "34.4500", "Year Close": "39.3500", "Annual % Change": "-25.16%"}, "2001": {"Average Stock Price": "54.0885", "Year Open": "59.9400", "Year High": "61.9400", "Year Low": "42.4500", "Year Close": "52.5800", "Annual % Change": "-15.79%"}, "2000": {"Average Stock Price": "48.4665", "Year Open": "55.5000", "Year High": "62.7500", "Year Low": "36.4400", "Year Close": "62.4400", "Annual % Change": "5.49%"}, "1999": {"Average Stock Price": "60.6076", "Year Open": "60.3100", "Year High": "75.8800", "Year Low": "49.0000", "Year Close": "59.1900", "Annual % Change": "-5.16%"}, "1998": {"Average Stock Price": "48.7980", "Year Open": "45.5000", "Year High": "62.4100", "Year Low": "38.3800", "Year Close": "62.4100", "Annual % Change": "37.53%"}, "1997": {"Average Stock Price": "34.7884", "Year Open": "25.7000", "Year High": "46.0000", "Year Low": "25.7000", "Year Close": "45.3800", "Annual % Change": "74.54%"}, "1996": {"Average Stock Price": "20.1752", "Year Open": "19.8125", "Year High": "26.0000", "Year Low": "16.6875", "Year Close": "26.0000", "Annual % Change": "29.60%"}, "1995": {"Average Stock Price": "12.9853", "Year Open": "8.9075", "Year High": "20.2825", "Year Low": "8.8750", "Year Close": "20.0625", "Annual % Change": "122.92%"}, "1994": {"Average Stock Price": "9.6117", "Year Open": "9.1250", "Year High": "10.5000", "Year Low": "8.3750", "Year Close": "9.0000", "Annual % Change": "-2.70%"}, "1993": {"Average Stock Price": "10.4255", "Year Open": "9.5000", "Year High": "12.2500", "Year Low": "9.0000", "Year Close": "9.2500", "Annual % Change": "-2.63%"}, "1992": {"Average Stock Price": "6.9042", "Year Open": "5.2500", "Year High": "9.7500", "Year Low": "4.9375", "Year Close": "9.5000", "Annual % Change": "76.74%"}, "1991": {"Average Stock Price": "5.1366", "Year Open": "3.7813", "Year High": "6.2188", "Year Low": "3.5938", "Year Close": "5.3750", "Annual % Change": "35.43%"}}}, "market cap": {"value": "$7.83B"}, "income statement": {"Revenue": {"2020-12-31": "2942.00000", "2019-12-31": "3245.00000", "2018-12-31": "3033.00000", "2017-12-31": "2736.00000", "2016-12-31": "2470.00000", "2015-12-31": "2190.00000", "2014-12-31": "2345.70600", "2013-12-31": "2278.81200", "2012-12-31": "2458.59200", "2011-12-31": "2686.76500", "2010-12-31": "2760.30700", "2009-12-31": "3319.42700", "2008-12-31": "3164.59100", "2007-12-31": "3617.67000", "2006-12-31": "3369.33000", "2005-12-31": "2347.20900"}, "Cost Of Goods Sold": {"2020-12-31": "153.00000", "2019-12-31": "411.00000", "2018-12-31": "251.00000", "2017-12-31": "127.00000", "2016-12-31": "87.00000", "2015-12-31": "118.00000", "2014-12-31": "172.99800", "2013-12-31": "245.07700", "2012-12-31": "306.78200", "2011-12-31": "432.39600", "2010-12-31": "592.45600", "2009-12-31": "617.79400", "2008-12-31": "1002.25300", "2007-12-31": "1323.37400", "2006-12-31": "1053.39700", "2005-12-31": "548.90600"}, "Gross Profit": {"2020-12-31": "2789.00000", "2019-12-31": "2834.00000", "2018-12-31": "2782.00000", "2017-12-31": "2609.00000", "2016-12-31": "2383.00000", "2015-12-31": "2072.00000", "2014-12-31": "2172.70800", "2013-12-31": "2033.73500", "2012-12-31": "2151.81000", "2011-12-31": "2254.36900", "2010-12-31": "2167.85100", "2009-12-31": "2701.63300", "2008-12-31": "2162.33800", "2007-12-31": "2294.29600", "2006-12-31": "2315.93300", "2005-12-31": "1798.30300"}, "Research And Development Expenses": {"2020-12-31": "", "2019-12-31": "", "2018-12-31": "", "2017-12-31": "", "2016-12-31": "", "2015-12-31": "", "2014-12-31": "", "2013-12-31": "", "2012-12-31": "", "2011-12-31": "", "2010-12-31": "", "2009-12-31": "", "2008-12-31": "", "2007-12-31": "", "2006-12-31": "", "2005-12-31": ""}, "SG&A Expenses": {"2020-12-31": "2117.00000", "2019-12-31": "1781.00000", "2018-12-31": "1639.00000", "2017-12-31": "1673.00000", "2016-12-31": "1678.00000", "2015-12-31": "1612.00000", "2014-12-31": "1540.36200", "2013-12-31": "1612.92800", "2012-12-31": "1593.23400", "2011-12-31": "1713.02600", "2010-12-31": "2545.50200", "2009-12-31": "3656.76300", "2008-12-31": "2090.07000", "2007-12-31": "1511.90300", "2006-12-31": "1338.24400", "2005-12-31": "1030.02300"}, "Other Operating Income Or Expenses": {"2020-12-31": "", "2019-12-31": "", "2018-12-31": "", "2017-12-31": "", "2016-12-31": "", "2015-12-31": "", "2014-12-31": "", "2013-12-31": "", "2012-12-31": "", "2011-12-31": "", "2010-12-31": "", "2009-12-31": "", "2008-12-31": "", "2007-12-31": "", "2006-12-31": "", "2005-12-31": ""}, "Operating Expenses": {"2020-12-31": "2270.00000", "2019-12-31": "2192.00000", "2018-12-31": "1890.00000", "2017-12-31": "1800.00000", "2016-12-31": "1765.00000", "2015-12-31": "1739.00000", "2014-12-31": "1724.28300", "2013-12-31": "1872.38000", "2012-12-31": "1917.02600", "2011-12-31": "2165.49200", "2010-12-31": "3163.47500", "2009-12-31": "4942.44700", "2008-12-31": "3125.48500", "2007-12-31": "2880.17200", "2006-12-31": "2434.64100", "2005-12-31": "1595.83400"}, "Operating Income": {"2020-12-31": "672.00000", "2019-12-31": "1053.00000", "2018-12-31": "1143.00000", "2017-12-31": "936.00000", "2016-12-31": "705.00000", "2015-12-31": "451.00000", "2014-12-31": "621.42310", "2013-12-31": "406.43200", "2012-12-31": "541.56620", "2011-12-31": "521.27320", "2010-12-31": "-403.16820", "2009-12-31": "-1623.02000", "2008-12-31": "39.10570", "2007-12-31": "737.49780", "2006-12-31": "934.68900", "2005-12-31": "751.37500"}, "Total Non-Operating Income/Expense": {"2020-12-31": "", "2019-12-31": "", "2018-12-31": "", "2017-12-31": "", "2016-12-31": "", "2015-12-31": "", "2014-12-31": "", "2013-12-31": "", "2012-12-31": "", "2011-12-31": "", "2010-12-31": "", "2009-12-31": "", "2008-12-31": "-353.80400", "2007-12-31": "", "2006-12-31": "-21.76500", "2005-12-31": "-9.48800"}, "Pre-Tax Income": {"2020-12-31": "672.00000", "2019-12-31": "1053.00000", "2018-12-31": "1143.00000", "2017-12-31": "936.00000", "2016-12-31": "705.00000", "2015-12-31": "451.00000", "2014-12-31": "621.42300", "2013-12-31": "406.43200", "2012-12-31": "541.56600", "2011-12-31": "521.27300", "2010-12-31": "-403.16800", "2009-12-31": "-1623.02000", "2008-12-31": "-314.69800", "2007-12-31": "737.49800", "2006-12-31": "912.92400", "2005-12-31": "741.88700"}, "Income Taxes": {"2020-12-31": "133.00000", "2019-12-31": "237.00000", "2018-12-31": "259.00000", "2017-12-31": "344.00000", "2016-12-31": "236.00000", "2015-12-31": "142.00000", "2014-12-31": "222.96100", "2013-12-31": "142.97700", "2012-12-31": "193.41600", "2011-12-31": "198.58300", "2010-12-31": "-106.81900", "2009-12-31": "-401.34300", "2008-12-31": "-43.36500", "2007-12-31": "235.73700", "2006-12-31": "317.95000", "2005-12-31": "263.41800"}, "Income After Taxes": {"2020-12-31": "539.00000", "2019-12-31": "816.00000", "2018-12-31": "884.00000", "2017-12-31": "592.00000", "2016-12-31": "469.00000", "2015-12-31": "309.00000", "2014-12-31": "398.46200", "2013-12-31": "263.45500", "2012-12-31": "348.15000", "2011-12-31": "322.69000", "2010-12-31": "-296.34900", "2009-12-31": "-1221.67700", "2008-12-31": "-271.33300", "2007-12-31": "501.76100", "2006-12-31": "594.97400", "2005-12-31": "478.46900"}, "Other Income": {"2020-12-31": "", "2019-12-31": "", "2018-12-31": "", "2017-12-31": "", "2016-12-31": "", "2015-12-31": "", "2014-12-31": "", "2013-12-31": "", "2012-12-31": "", "2011-12-31": "", "2010-12-31": "", "2009-12-31": "", "2008-12-31": "", "2007-12-31": "", "2006-12-31": "", "2005-12-31": ""}, "Income From Continuous Operations": {"2020-12-31": "539.00000", "2019-12-31": "816.00000", "2018-12-31": "884.00000", "2017-12-31": "592.00000", "2016-12-31": "469.00000", "2015-12-31": "309.00000", "2014-12-31": "398.46200", "2013-12-31": "263.45500", "2012-12-31": "348.15000", "2011-12-31": "322.69000", "2010-12-31": "-296.34900", "2009-12-31": "-1221.67700", "2008-12-31": "-271.33300", "2007-12-31": "501.76100", "2006-12-31": "583.12500", "2005-12-31": "480.12100"}, "Income From Discontinued Operations": {"2020-12-31": "", "2019-12-31": "", "2018-12-31": "", "2017-12-31": "", "2016-12-31": "", "2015-12-31": "", "2014-12-31": "", "2013-12-31": "", "2012-12-31": "", "2011-12-31": "", "2010-12-31": "", "2009-12-31": "", "2008-12-31": "", "2007-12-31": "", "2006-12-31": "", "2005-12-31": ""}, "Net Income": {"2020-12-31": "505.00000", "2019-12-31": "782.00000", "2018-12-31": "850.00000", "2017-12-31": "550.00000", "2016-12-31": "411.00000", "2015-12-31": "247.00000", "2014-12-31": "326.56800", "2013-12-31": "293.97900", "2012-12-31": "178.63100", "2011-12-31": "153.39000", "2010-12-31": "-412.50500", "2009-12-31": "-1234.44700", "2008-12-31": "-290.69300", "2007-12-31": "479.42200", "2006-12-31": "579.29000", "2005-12-31": "480.12100"}, "EBITDA": {"2020-12-31": "", "2019-12-31": "", "2018-12-31": "", "2017-12-31": "", "2016-12-31": "", "2015-12-31": "", "2014-12-31": "", "2013-12-31": "", "2012-12-31": "", "2011-12-31": "", "2010-12-31": "", "2009-12-31": "", "2008-12-31": "", "2007-12-31": "", "2006-12-31": "", "2005-12-31": ""}, "EBIT": {"2020-12-31": "", "2019-12-31": "", "2018-12-31": "", "2017-12-31": "", "2016-12-31": "", "2015-12-31": "", "2014-12-31": "", "2013-12-31": "", "2012-12-31": "", "2011-12-31": "", "2010-12-31": "", "2009-12-31": "", "2008-12-31": "", "2007-12-31": "", "2006-12-31": "", "2005-12-31": ""}, "Basic Shares Outstanding": {"2020-12-31": "163.73700", "2019-12-31": "175.98400", "2018-12-31": "193.58900", "2017-12-31": "200.77600", "2016-12-31": "203.85500", "2015-12-31": "203.26500", "2014-12-31": "192.20700", "2013-12-31": "183.84400", "2012-12-31": "183.08100", "2011-12-31": "182.39300", "2010-12-31": "166.05400", "2009-12-31": "124.44300", "2008-12-31": "108.90800", "2007-12-31": "107.36500", "2006-12-31": "106.05700", "2005-12-31": "91.18700"}, "Shares Outstanding": {"2020-12-31": "165.61300", "2019-12-31": "186.50400", "2018-12-31": "206.50100", "2017-12-31": "209.65300", "2016-12-31": "204.26900", "2015-12-31": "203.69800", "2014-12-31": "192.78900", "2013-12-31": "184.29700", "2012-12-31": "183.23600", "2011-12-31": "182.60500", "2010-12-31": "166.05400", "2009-12-31": "124.44300", "2008-12-31": "108.90800", "2007-12-31": "108.40800", "2006-12-31": "108.02800", "2005-12-31": "92.99400"}, "Basic EPS": {"2020-12-31": "3.06000", "2019-12-31": "4.41000", "2018-12-31": "4.36000", "2017-12-31": "2.71000", "2016-12-31": "2.00000", "2015-12-31": "1.20000", "2014-12-31": "1.68000", "2013-12-31": "1.58000", "2012-12-31": "0.97000", "2011-12-31": "0.83000", "2010-12-31": "-2.48000", "2009-12-31": "-9.92000", "2008-12-31": "-2.68000", "2007-12-31": "4.45000", "2006-12-31": "5.46000", "2005-12-31": "5.27000"}, "EPS - Earnings Per Share": {"2020-12-31": "3.02000", "2019-12-31": "4.16000", "2018-12-31": "4.08000", "2017-12-31": "2.60000", "2016-12-31": "1.99000", "2015-12-31": "1.20000", "2014-12-31": "1.68000", "2013-12-31": "1.58000", "2012-12-31": "0.97000", "2011-12-31": "0.83000", "2010-12-31": "-2.48000", "2009-12-31": "-9.92000", "2008-12-31": "-2.68000", "2007-12-31": "4.40000", "2006-12-31": "5.36000", "2005-12-31": "5.16000"}}, "income statement, quarterly": {"Revenue": {"2020-12-31": "737.00000", "2020-09-30": "738.00000", "2020-06-30": "712.00000", "2020-03-31": "756.00000", "2019-12-31": "799.00000", "2019-09-30": "823.00000", "2019-06-30": "816.00000", "2019-03-31": "807.00000", "2018-12-31": "795.00000", "2018-09-30": "767.00000", "2018-06-30": "744.00000", "2018-03-31": "727.00000", "2017-12-31": "703.00000", "2017-09-30": "696.00000", "2017-06-30": "690.00000", "2017-03-31": "647.00000", "2016-12-31": "629.00000", "2016-09-30": "636.00000", "2016-06-30": "613.00000", "2016-03-31": "592.00000", "2015-12-31": "591.48800", "2015-09-30": "582.17400", "2015-06-30": "450.55400", "2015-03-31": "565.78400", "2014-12-31": "575.43110", "2014-09-30": "576.34700", "2014-06-30": "588.04100", "2014-03-31": "605.88700", "2013-12-31": "458.86700", "2013-09-30": "595.59700", "2013-06-30": "618.38100", "2013-03-31": "605.96700", "2012-12-31": "552.41600", "2012-09-30": "634.22600", "2012-06-30": "641.25300", "2012-03-31": "630.69700", "2011-12-31": "637.77710", "2011-09-30": "675.43800", "2011-06-30": "687.01500", "2011-03-31": "686.53500", "2010-12-31": "687.27690", "2010-09-30": "692.13400", "2010-06-30": "693.15100", "2010-03-31": "687.74500", "2009-12-31": "672.01290", "2009-09-30": "902.54200", "2009-06-30": "1250.43200", "2009-03-31": "494.44000", "2008-12-31": "642.90990", "2008-09-30": "825.26200", "2008-06-30": "795.30400", "2008-03-31": "901.11500", "2007-12-31": "807.28490", "2007-09-30": "963.56500", "2007-06-30": "930.95500", "2007-03-31": "915.86500", "2006-12-31": "901.17820", "2006-09-30": "876.88200", "2006-06-30": "824.12700", "2006-03-31": "767.14310", "2005-12-31": "665.93200", "2005-09-30": "593.77200", "2005-06-30": "561.66800", "2005-03-31": "525.83700"}, "Cost Of Goods Sold": {"2020-12-31": "21.00000", "2020-09-30": "26.00000", "2020-06-30": "32.00000", "2020-03-31": "74.00000", "2019-12-31": "87.00000", "2019-09-30": "110.00000", "2019-06-30": "115.00000", "2019-03-31": "99.00000", "2018-12-31": "80.00000", "2018-09-30": "66.00000", "2018-06-30": "58.00000", "2018-03-31": "47.00000", "2017-12-31": "36.00000", "2017-09-30": "35.00000", "2017-06-30": "30.00000", "2017-03-31": "26.00000", "2016-12-31": "21.00000", "2016-09-30": "22.00000", "2016-06-30": "22.00000", "2016-03-31": "22.00000", "2015-12-31": "24.51500", "2015-09-30": "30.85300", "2015-06-30": "31.53200", "2015-03-31": "31.10000", "2014-12-31": "31.53000", "2014-09-30": "43.45700", "2014-06-30": "46.90800", "2014-03-31": "51.10300", "2013-12-31": "57.98200", "2013-09-30": "57.88600", "2013-06-30": "62.57600", "2013-03-31": "66.63300", "2012-12-31": "68.30000", "2012-09-30": "70.83900", "2012-06-30": "86.24400", "2012-03-31": "81.39900", "2011-12-31": "77.56500", "2011-09-30": "83.80100", "2011-06-30": "142.49400", "2011-03-31": "128.53600", "2010-12-31": "167.17000", "2010-09-30": "130.05900", "2010-06-30": "170.39200", "2010-03-31": "124.83500", "2009-12-31": "149.23700", "2009-09-30": "159.62200", "2009-06-30": "144.00800", "2009-03-31": "164.92700", "2008-12-31": "216.75800", "2008-09-30": "243.64900", "2008-06-30": "238.18900", "2008-03-31": "303.65700", "2007-12-31": "348.63410", "2007-09-30": "341.10500", "2007-06-30": "320.26700", "2007-03-31": "313.36800", "2006-12-31": "302.25800", "2006-09-30": "285.04200", "2006-06-30": "250.28900", "2006-03-31": "215.80800", "2005-12-31": "173.58300", "2005-09-30": "142.62500", "2005-06-30": "124.80800", "2005-03-31": "107.89000"}, "Gross Profit": {"2020-12-31": "716.00000", "2020-09-30": "712.00000", "2020-06-30": "680.00000", "2020-03-31": "682.00000", "2019-12-31": "712.00000", "2019-09-30": "713.00000", "2019-06-30": "701.00000", "2019-03-31": "708.00000", "2018-12-31": "715.00000", "2018-09-30": "701.00000", "2018-06-30": "686.00000", "2018-03-31": "680.00000", "2017-12-31": "667.00000", "2017-09-30": "661.00000", "2017-06-30": "660.00000", "2017-03-31": "621.00000", "2016-12-31": "608.00000", "2016-09-30": "614.00000", "2016-06-30": "591.00000", "2016-03-31": "570.00000", "2015-12-31": "566.97300", "2015-09-30": "551.32100", "2015-06-30": "419.02200", "2015-03-31": "534.68400", "2014-12-31": "543.90110", "2014-09-30": "532.89000", "2014-06-30": "541.13300", "2014-03-31": "554.78400", "2013-12-31": "400.88500", "2013-09-30": "537.71110", "2013-06-30": "555.80500", "2013-03-31": "539.33400", "2012-12-31": "484.11600", "2012-09-30": "563.38700", "2012-06-30": "555.00900", "2012-03-31": "549.29800", "2011-12-31": "560.21210", "2011-09-30": "591.63700", "2011-06-30": "544.52100", "2011-03-31": "557.99900", "2010-12-31": "520.10690", "2010-09-30": "562.07500", "2010-06-30": "522.75900", "2010-03-31": "562.91000", "2009-12-31": "522.77590", "2009-09-30": "742.92000", "2009-06-30": "1106.42400", "2009-03-31": "329.51300", "2008-12-31": "426.15190", "2008-09-30": "581.61300", "2008-06-30": "557.11500", "2008-03-31": "597.45800", "2007-12-31": "458.65080", "2007-09-30": "622.46000", "2007-06-30": "610.68800", "2007-03-31": "602.49690", "2006-12-31": "598.92020", "2006-09-30": "591.84000", "2006-06-30": "573.83800", "2006-03-31": "551.33510", "2005-12-31": "492.34900", "2005-09-30": "451.14700", "2005-06-30": "436.86000", "2005-03-31": "417.94700"}, "Research And Development Expenses": {"2020-12-31": "", "2020-09-30": "", "2020-06-30": "", "2020-03-31": "", "2019-12-31": "", "2019-09-30": "", "2019-06-30": "", "2019-03-31": "", "2018-12-31": "", "2018-09-30": "", "2018-06-30": "", "2018-03-31": "", "2017-12-31": "", "2017-09-30": "", "2017-06-30": "", "2017-03-31": "", "2016-12-31": "", "2016-09-30": "", "2016-06-30": "", "2016-03-31": "", "2015-12-31": "", "2015-09-30": "", "2015-06-30": "", "2015-03-31": "", "2014-12-31": "", "2014-09-30": "", "2014-06-30": "", "2014-03-31": "", "2013-12-31": "", "2013-09-30": "", "2013-06-30": "", "2013-03-31": "", "2012-12-31": "", "2012-09-30": "", "2012-06-30": "", "2012-03-31": "", "2011-12-31": "", "2011-09-30": "", "2011-06-30": "", "2011-03-31": "", "2010-12-31": "", "2010-09-30": "", "2010-06-30": "", "2010-03-31": "", "2009-12-31": "", "2009-09-30": "", "2009-06-30": "", "2009-03-31": "", "2008-12-31": "", "2008-09-30": "", "2008-06-30": "", "2008-03-31": "", "2007-12-31": "", "2007-09-30": "", "2007-06-30": "", "2007-03-31": "", "2006-12-31": "", "2006-09-30": "", "2006-06-30": "", "2006-03-31": "", "2005-12-31": "", "2005-09-30": "", "2005-06-30": "", "2005-03-31": ""}, "SG&A Expenses": {"2020-12-31": "357.00000", "2020-09-30": "497.00000", "2020-06-30": "598.00000", "2020-03-31": "666.00000", "2019-12-31": "477.00000", "2019-09-30": "425.00000", "2019-06-30": "445.00000", "2019-03-31": "434.00000", "2018-12-31": "425.00000", "2018-09-30": "409.00000", "2018-06-30": "433.00000", "2018-03-31": "372.00000", "2017-12-31": "406.00000", "2017-09-30": "418.00000", "2017-06-30": "412.00000", "2017-03-31": "437.00000", "2016-12-31": "407.00000", "2016-09-30": "420.00000", "2016-06-30": "415.00000", "2016-03-31": "436.00000", "2015-12-31": "418.38600", "2015-09-30": "407.24400", "2015-06-30": "397.24500", "2015-03-31": "389.12500", "2014-12-31": "415.68800", "2014-09-30": "381.22800", "2014-06-30": "348.87500", "2014-03-31": "394.57100", "2013-12-31": "460.98790", "2013-09-30": "361.52000", "2013-06-30": "425.92600", "2013-03-31": "364.49400", "2012-12-31": "392.39690", "2012-09-30": "388.84500", "2012-06-30": "408.24700", "2012-03-31": "403.74500", "2011-12-31": "418.82310", "2011-09-30": "418.79800", "2011-06-30": "412.73100", "2011-03-31": "462.67400", "2010-12-31": "610.36800", "2010-09-30": "634.41600", "2010-06-30": "652.60400", "2010-03-31": "648.11400", "2009-12-31": "821.71300", "2009-09-30": "993.06200", "2009-06-30": "1175.04500", "2009-03-31": "666.94310", "2008-12-31": "675.30100", "2008-09-30": "520.78600", "2008-06-30": "460.41800", "2008-03-31": "433.56500", "2007-12-31": "406.16300", "2007-09-30": "395.20800", "2007-06-30": "352.07200", "2007-03-31": "347.55500", "2006-12-31": "350.96700", "2006-09-30": "331.12600", "2006-06-30": "330.45200", "2006-03-31": "320.16300", "2005-12-31": "279.76200", "2005-09-30": "255.93400", "2005-06-30": "249.76700", "2005-03-31": "244.56000"}, "Other Operating Income Or Expenses": {"2020-12-31": "", "2020-09-30": "", "2020-06-30": "", "2020-03-31": "", "2019-12-31": "", "2019-09-30": "", "2019-06-30": "", "2019-03-31": "", "2018-12-31": "", "2018-09-30": "", "2018-06-30": "", "2018-03-31": "", "2017-12-31": "", "2017-09-30": "", "2017-06-30": "", "2017-03-31": "", "2016-12-31": "", "2016-09-30": "", "2016-06-30": "", "2016-03-31": "", "2015-12-31": "", "2015-09-30": "", "2015-06-30": "", "2015-03-31": "", "2014-12-31": "", "2014-09-30": "", "2014-06-30": "", "2014-03-31": "", "2013-12-31": "", "2013-09-30": "", "2013-06-30": "", "2013-03-31": "", "2012-12-31": "", "2012-09-30": "", "2012-06-30": "", "2012-03-31": "", "2011-12-31": "", "2011-09-30": "", "2011-06-30": "", "2011-03-31": "", "2010-12-31": "", "2010-09-30": "", "2010-06-30": "", "2010-03-31": "", "2009-12-31": "", "2009-09-30": "", "2009-06-30": "", "2009-03-31": "", "2008-12-31": "", "2008-09-30": "", "2008-06-30": "", "2008-03-31": "", "2007-12-31": "", "2007-09-30": "", "2007-06-30": "", "2007-03-31": "", "2006-12-31": "", "2006-09-30": "", "2006-06-30": "", "2006-03-31": "", "2005-12-31": "", "2005-09-30": "", "2005-06-30": "", "2005-03-31": ""}, "Operating Expenses": {"2020-12-31": "378.00000", "2020-09-30": "523.00000", "2020-06-30": "630.00000", "2020-03-31": "740.00000", "2019-12-31": "564.00000", "2019-09-30": "535.00000", "2019-06-30": "560.00000", "2019-03-31": "533.00000", "2018-12-31": "505.00000", "2018-09-30": "475.00000", "2018-06-30": "491.00000", "2018-03-31": "419.00000", "2017-12-31": "442.00000", "2017-09-30": "453.00000", "2017-06-30": "442.00000", "2017-03-31": "463.00000", "2016-12-31": "428.00000", "2016-09-30": "444.00000", "2016-06-30": "439.00000", "2016-03-31": "460.00000", "2015-12-31": "444.92700", "2015-09-30": "440.39500", "2015-06-30": "431.09500", "2015-03-31": "422.58300", "2014-12-31": "449.85800", "2014-09-30": "427.35000", "2014-06-30": "398.51900", "2014-03-31": "448.55600", "2013-12-31": "522.19390", "2013-09-30": "422.97600", "2013-06-30": "492.26400", "2013-03-31": "434.94600", "2012-12-31": "464.91300", "2012-09-30": "463.92500", "2012-06-30": "498.75300", "2012-03-31": "489.43500", "2011-12-31": "501.12910", "2011-09-30": "507.37200", "2011-06-30": "560.08000", "2011-03-31": "596.91100", "2010-12-31": "783.76800", "2010-09-30": "770.77100", "2010-06-30": "829.41000", "2010-03-31": "779.52590", "2009-12-31": "1617.30100", "2009-09-30": "1160.25900", "2009-06-30": "1326.13100", "2009-03-31": "838.75600", "2008-12-31": "900.11400", "2008-09-30": "772.53100", "2008-06-30": "706.79800", "2008-03-31": "746.04210", "2007-12-31": "765.25600", "2007-09-30": "747.80800", "2007-06-30": "684.15100", "2007-03-31": "672.05200", "2006-12-31": "664.12400", "2006-09-30": "626.88400", "2006-06-30": "591.43300", "2006-03-31": "546.66390", "2005-12-31": "459.43700", "2005-09-30": "402.24300", "2005-06-30": "378.27100", "2005-03-31": "355.88300"}, "Operating Income": {"2020-12-31": "359.00000", "2020-09-30": "215.00000", "2020-06-30": "82.00000", "2020-03-31": "16.00000", "2019-12-31": "235.00000", "2019-09-30": "288.00000", "2019-06-30": "256.00000", "2019-03-31": "274.00000", "2018-12-31": "290.00000", "2018-09-30": "292.00000", "2018-06-30": "253.00000", "2018-03-31": "308.00000", "2017-12-31": "261.00000", "2017-09-30": "243.00000", "2017-06-30": "248.00000", "2017-03-31": "184.00000", "2016-12-31": "201.00000", "2016-09-30": "192.00000", "2016-06-30": "174.00000", "2016-03-31": "132.00000", "2015-12-31": "146.56090", "2015-09-30": "141.77910", "2015-06-30": "19.45900", "2015-03-31": "143.20100", "2014-12-31": "125.57310", "2014-09-30": "148.99700", "2014-06-30": "189.52200", "2014-03-31": "157.33110", "2013-12-31": "-63.32690", "2013-09-30": "172.62100", "2013-06-30": "126.11690", "2013-03-31": "171.02100", "2012-12-31": "87.50310", "2012-09-30": "170.30100", "2012-06-30": "142.50000", "2012-03-31": "141.26200", "2011-12-31": "136.64800", "2011-09-30": "168.06600", "2011-06-30": "126.93500", "2011-03-31": "89.62400", "2010-12-31": "-96.49120", "2010-09-30": "-78.63700", "2010-06-30": "-136.25900", "2010-03-31": "-91.78090", "2009-12-31": "-945.28810", "2009-09-30": "-257.71700", "2009-06-30": "-75.69910", "2009-03-31": "-344.31600", "2008-12-31": "-257.20410", "2008-09-30": "52.73100", "2008-06-30": "88.50600", "2008-03-31": "155.07290", "2007-12-31": "42.02890", "2007-09-30": "215.75700", "2007-06-30": "246.80400", "2007-03-31": "243.81300", "2006-12-31": "237.05420", "2006-09-30": "249.99790", "2006-06-30": "232.69400", "2006-03-31": "220.47910", "2005-12-31": "206.49500", "2005-09-30": "191.52910", "2005-06-30": "183.39700", "2005-03-31": "169.95400"}, "Total Non-Operating Income/Expense": {"2020-12-31": "", "2020-09-30": "", "2020-06-30": "", "2020-03-31": "", "2019-12-31": "", "2019-09-30": "", "2019-06-30": "", "2019-03-31": "", "2018-12-31": "", "2018-09-30": "", "2018-06-30": "", "2018-03-31": "", "2017-12-31": "", "2017-09-30": "", "2017-06-30": "", "2017-03-31": "", "2016-12-31": "", "2016-09-30": "", "2016-06-30": "", "2016-03-31": "", "2015-12-31": "", "2015-09-30": "", "2015-06-30": "", "2015-03-31": "", "2014-12-31": "", "2014-09-30": "", "2014-06-30": "", "2014-03-31": "", "2013-12-31": "", "2013-09-30": "", "2013-06-30": "", "2013-03-31": "", "2012-12-31": "", "2012-09-30": "", "2012-06-30": "", "2012-03-31": "", "2011-12-31": "", "2011-09-30": "", "2011-06-30": "", "2011-03-31": "", "2010-12-31": "", "2010-09-30": "", "2010-06-30": "", "2010-03-31": "", "2009-12-31": "", "2009-09-30": "", "2009-06-30": "", "2009-03-31": "-633.99200", "2008-12-31": "", "2008-09-30": "", "2008-06-30": "", "2008-03-31": "", "2007-12-31": "", "2007-09-30": "-0.68200", "2007-06-30": "-1.49100", "2007-03-31": "-2.40600", "2006-12-31": "-2.19900", "2006-09-30": "-2.54900", "2006-06-30": "-8.90600", "2006-03-31": "-8.11100", "2005-12-31": "-8.55600", "2005-09-30": "-0.20700", "2005-06-30": "", "2005-03-31": "-0.72500"}, "Pre-Tax Income": {"2020-12-31": "359.00000", "2020-09-30": "215.00000", "2020-06-30": "82.00000", "2020-03-31": "16.00000", "2019-12-31": "235.00000", "2019-09-30": "288.00000", "2019-06-30": "256.00000", "2019-03-31": "274.00000", "2018-12-31": "290.00000", "2018-09-30": "292.00000", "2018-06-30": "253.00000", "2018-03-31": "308.00000", "2017-12-31": "261.00000", "2017-09-30": "243.00000", "2017-06-30": "248.00000", "2017-03-31": "184.00000", "2016-12-31": "207.00000", "2016-09-30": "192.00000", "2016-06-30": "174.00000", "2016-03-31": "132.00000", "2015-12-31": "146.56100", "2015-09-30": "141.77900", "2015-06-30": "19.45900", "2015-03-31": "143.20100", "2014-12-31": "125.57300", "2014-09-30": "148.99700", "2014-06-30": "189.52200", "2014-03-31": "157.33100", "2013-12-31": "-63.32700", "2013-09-30": "172.62100", "2013-06-30": "126.11700", "2013-03-31": "171.02100", "2012-12-31": "87.50300", "2012-09-30": "170.30100", "2012-06-30": "142.50000", "2012-03-31": "141.26200", "2011-12-31": "136.64800", "2011-09-30": "168.06600", "2011-06-30": "126.93500", "2011-03-31": "89.62400", "2010-12-31": "-96.49100", "2010-09-30": "-78.63700", "2010-06-30": "-136.25900", "2010-03-31": "-91.78100", "2009-12-31": "-311.29600", "2009-09-30": "-257.71700", "2009-06-30": "-75.69900", "2009-03-31": "-978.30800", "2008-12-31": "-611.00800", "2008-09-30": "52.73100", "2008-06-30": "88.50600", "2008-03-31": "155.07300", "2007-12-31": "35.70300", "2007-09-30": "215.07500", "2007-06-30": "245.31300", "2007-03-31": "241.40700", "2006-12-31": "229.31900", "2006-09-30": "247.44900", "2006-06-30": "223.78800", "2006-03-31": "212.36800", "2005-12-31": "197.93900", "2005-09-30": "191.32200", "2005-06-30": "183.39700", "2005-03-31": "169.22900"}, "Income Taxes": {"2020-12-31": "75.00000", "2020-09-30": "40.00000", "2020-06-30": "16.00000", "2020-03-31": "2.00000", "2019-12-31": "52.00000", "2019-09-30": "66.00000", "2019-06-30": "58.00000", "2019-03-31": "61.00000", "2018-12-31": "64.00000", "2018-09-30": "69.00000", "2018-06-30": "56.00000", "2018-03-31": "70.00000", "2017-12-31": "136.00000", "2017-09-30": "83.00000", "2017-06-30": "80.00000", "2017-03-31": "45.00000", "2016-12-31": "70.00000", "2016-09-30": "65.00000", "2016-06-30": "60.00000", "2016-03-31": "41.00000", "2015-12-31": "44.54500", "2015-09-30": "40.78000", "2015-06-30": "5.49900", "2015-03-31": "51.17600", "2014-12-31": "43.75900", "2014-09-30": "53.10900", "2014-06-30": "69.97200", "2014-03-31": "56.12100", "2013-12-31": "-21.85500", "2013-09-30": "61.10700", "2013-06-30": "43.09100", "2013-03-31": "60.63400", "2012-12-31": "29.81700", "2012-09-30": "60.70400", "2012-06-30": "51.03600", "2012-03-31": "51.85900", "2011-12-31": "47.87700", "2011-09-30": "59.34800", "2011-06-30": "54.32500", "2011-03-31": "37.03300", "2010-12-31": "-24.09700", "2010-09-30": "-31.18000", "2010-06-30": "-22.89800", "2010-03-31": "-28.64400", "2009-12-31": "-125.80900", "2009-09-30": "-100.04600", "2009-06-30": "-23.76100", "2009-03-31": "-151.72700", "2008-12-31": "-126.51200", "2008-09-30": "11.21400", "2008-06-30": "22.03700", "2008-03-31": "49.89600", "2007-12-31": "-11.03500", "2007-09-30": "71.85300", "2007-06-30": "86.06500", "2007-03-31": "88.85400", "2006-12-31": "80.08100", "2006-09-30": "83.79000", "2006-06-30": "78.82100", "2006-03-31": "75.25800", "2005-12-31": "69.13900", "2005-09-30": "68.20000", "2005-06-30": "66.33000", "2005-03-31": "59.74900"}, "Income After Taxes": {"2020-12-31": "284.00000", "2020-09-30": "175.00000", "2020-06-30": "66.00000", "2020-03-31": "14.00000", "2019-12-31": "183.00000", "2019-09-30": "222.00000", "2019-06-30": "198.00000", "2019-03-31": "213.00000", "2018-12-31": "226.00000", "2018-09-30": "223.00000", "2018-06-30": "197.00000", "2018-03-31": "238.00000", "2017-12-31": "125.00000", "2017-09-30": "160.00000", "2017-06-30": "168.00000", "2017-03-31": "139.00000", "2016-12-31": "137.00000", "2016-09-30": "127.00000", "2016-06-30": "114.00000", "2016-03-31": "91.00000", "2015-12-31": "102.01600", "2015-09-30": "100.99900", "2015-06-30": "13.96000", "2015-03-31": "92.02500", "2014-12-31": "81.81400", "2014-09-30": "95.88800", "2014-06-30": "119.55000", "2014-03-31": "101.21000", "2013-12-31": "-41.47200", "2013-09-30": "111.51400", "2013-06-30": "83.02600", "2013-03-31": "110.38700", "2012-12-31": "57.68600", "2012-09-30": "109.59700", "2012-06-30": "91.46400", "2012-03-31": "89.40300", "2011-12-31": "88.77100", "2011-09-30": "108.71800", "2011-06-30": "72.61000", "2011-03-31": "52.59100", "2010-12-31": "-72.39400", "2010-09-30": "-47.45700", "2010-06-30": "-113.36100", "2010-03-31": "-63.13700", "2009-12-31": "-185.48700", "2009-09-30": "-157.67100", "2009-06-30": "-51.93800", "2009-03-31": "-826.58100", "2008-12-31": "-484.49600", "2008-09-30": "41.51700", "2008-06-30": "66.46900", "2008-03-31": "105.17700", "2007-12-31": "46.73800", "2007-09-30": "143.22200", "2007-06-30": "159.24800", "2007-03-31": "152.55300", "2006-12-31": "149.23800", "2006-09-30": "163.65900", "2006-06-30": "144.96700", "2006-03-31": "137.11000", "2005-12-31": "128.80000", "2005-09-30": "123.12200", "2005-06-30": "117.06700", "2005-03-31": "109.48000"}, "Other Income": {"2020-12-31": "", "2020-09-30": "", "2020-06-30": "", "2020-03-31": "", "2019-12-31": "", "2019-09-30": "", "2019-06-30": "", "2019-03-31": "", "2018-12-31": "", "2018-09-30": "", "2018-06-30": "", "2018-03-31": "", "2017-12-31": "", "2017-09-30": "", "2017-06-30": "", "2017-03-31": "", "2016-12-31": "", "2016-09-30": "", "2016-06-30": "", "2016-03-31": "", "2015-12-31": "", "2015-09-30": "", "2015-06-30": "", "2015-03-31": "", "2014-12-31": "", "2014-09-30": "", "2014-06-30": "", "2014-03-31": "", "2013-12-31": "", "2013-09-30": "", "2013-06-30": "", "2013-03-31": "", "2012-12-31": "", "2012-09-30": "", "2012-06-30": "", "2012-03-31": "", "2011-12-31": "", "2011-09-30": "", "2011-06-30": "", "2011-03-31": "", "2010-12-31": "", "2010-09-30": "", "2010-06-30": "", "2010-03-31": "", "2009-12-31": "", "2009-09-30": "", "2009-06-30": "", "2009-03-31": "", "2008-12-31": "", "2008-09-30": "", "2008-06-30": "", "2008-03-31": "", "2007-12-31": "", "2007-09-30": "", "2007-06-30": "", "2007-03-31": "", "2006-12-31": "", "2006-09-30": "", "2006-06-30": "", "2006-03-31": "", "2005-12-31": "", "2005-09-30": "", "2005-06-30": "", "2005-03-31": ""}, "Income From Continuous Operations": {"2020-12-31": "284.00000", "2020-09-30": "175.00000", "2020-06-30": "66.00000", "2020-03-31": "14.00000", "2019-12-31": "183.00000", "2019-09-30": "222.00000", "2019-06-30": "198.00000", "2019-03-31": "213.00000", "2018-12-31": "226.00000", "2018-09-30": "223.00000", "2018-06-30": "197.00000", "2018-03-31": "238.00000", "2017-12-31": "125.00000", "2017-09-30": "160.00000", "2017-06-30": "168.00000", "2017-03-31": "139.00000", "2016-12-31": "137.00000", "2016-09-30": "127.00000", "2016-06-30": "114.00000", "2016-03-31": "91.00000", "2015-12-31": "102.01600", "2015-09-30": "100.99900", "2015-06-30": "13.96000", "2015-03-31": "92.02500", "2014-12-31": "81.81400", "2014-09-30": "95.88800", "2014-06-30": "119.55000", "2014-03-31": "101.21000", "2013-12-31": "-41.47200", "2013-09-30": "111.51400", "2013-06-30": "83.02600", "2013-03-31": "110.38700", "2012-12-31": "57.68600", "2012-09-30": "109.59700", "2012-06-30": "91.46400", "2012-03-31": "89.40300", "2011-12-31": "88.77100", "2011-09-30": "108.71800", "2011-06-30": "72.61000", "2011-03-31": "52.59100", "2010-12-31": "-72.39400", "2010-09-30": "-47.45700", "2010-06-30": "-113.36100", "2010-03-31": "-63.13700", "2009-12-31": "-185.48700", "2009-09-30": "-157.67100", "2009-06-30": "-51.93800", "2009-03-31": "-826.58100", "2008-12-31": "-484.49600", "2008-09-30": "41.51700", "2008-06-30": "66.46900", "2008-03-31": "105.17700", "2007-12-31": "53.55700", "2007-09-30": "135.73200", "2007-06-30": "159.21400", "2007-03-31": "153.25800", "2006-12-31": "146.50800", "2006-09-30": "153.67400", "2006-06-30": "145.31000", "2006-03-31": "137.63300", "2005-12-31": "128.10700", "2005-09-30": "122.97000", "2005-06-30": "118.81000", "2005-03-31": "110.23400"}, "Income From Discontinued Operations": {"2020-12-31": "", "2020-09-30": "", "2020-06-30": "", "2020-03-31": "", "2019-12-31": "", "2019-09-30": "", "2019-06-30": "", "2019-03-31": "", "2018-12-31": "", "2018-09-30": "", "2018-06-30": "", "2018-03-31": "", "2017-12-31": "", "2017-09-30": "", "2017-06-30": "", "2017-03-31": "", "2016-12-31": "", "2016-09-30": "", "2016-06-30": "", "2016-03-31": "", "2015-12-31": "", "2015-09-30": "", "2015-06-30": "", "2015-03-31": "", "2014-12-31": "", "2014-09-30": "", "2014-06-30": "", "2014-03-31": "", "2013-12-31": "", "2013-09-30": "", "2013-06-30": "", "2013-03-31": "", "2012-12-31": "", "2012-09-30": "", "2012-06-30": "", "2012-03-31": "", "2011-12-31": "", "2011-09-30": "", "2011-06-30": "", "2011-03-31": "", "2010-12-31": "", "2010-09-30": "", "2010-06-30": "", "2010-03-31": "", "2009-12-31": "", "2009-09-30": "", "2009-06-30": "", "2009-03-31": "", "2008-12-31": "", "2008-09-30": "", "2008-06-30": "", "2008-03-31": "", "2007-12-31": "", "2007-09-30": "", "2007-06-30": "", "2007-03-31": "", "2006-12-31": "", "2006-09-30": "", "2006-06-30": "", "2006-03-31": "", "2005-12-31": "", "2005-09-30": "", "2005-06-30": "", "2005-03-31": ""}, "Net Income": {"2020-12-31": "275.00000", "2020-09-30": "167.00000", "2020-06-30": "57.00000", "2020-03-31": "6.00000", "2019-12-31": "174.00000", "2019-09-30": "214.00000", "2019-06-30": "189.00000", "2019-03-31": "205.00000", "2018-12-31": "217.00000", "2018-09-30": "215.00000", "2018-06-30": "187.00000", "2018-03-31": "231.00000", "2017-12-31": "115.00000", "2017-09-30": "152.00000", "2017-06-30": "154.00000", "2017-03-31": "129.00000", "2016-12-31": "124.00000", "2016-09-30": "117.00000", "2016-06-30": "91.00000", "2016-03-31": "79.00000", "2015-12-31": "88.58300", "2015-09-30": "84.23800", "2015-06-30": "-1.10000", "2015-03-31": "75.27900", "2014-12-31": "66.76100", "2014-09-30": "79.12700", "2014-06-30": "104.49000", "2014-03-31": "76.19000", "2013-12-31": "-59.43700", "2013-09-30": "209.70700", "2013-06-30": "55.38500", "2013-03-31": "88.32400", "2012-12-31": "35.60500", "2012-09-30": "62.32200", "2012-06-30": "55.21500", "2012-03-31": "25.48900", "2011-12-31": "44.42000", "2011-09-30": "65.16500", "2011-06-30": "29.03800", "2011-03-31": "14.76700", "2010-12-31": "-110.28700", "2010-09-30": "-80.46900", "2010-06-30": "-135.22800", "2010-03-31": "-86.52100", "2009-12-31": "-176.48190", "2009-09-30": "-181.88000", "2009-06-30": "-23.75800", "2009-03-31": "-852.32700", "2008-12-31": "-498.08400", "2008-09-30": "33.35100", "2008-06-30": "69.74400", "2008-03-31": "104.29600", "2007-12-31": "42.19800", "2007-09-30": "131.96200", "2007-06-30": "155.60700", "2007-03-31": "149.65500", "2006-12-31": "142.67300", "2006-09-30": "153.67400", "2006-06-30": "145.31000", "2006-03-31": "137.63300", "2005-12-31": "128.10700", "2005-09-30": "122.97000", "2005-06-30": "118.81000", "2005-03-31": "110.23400"}, "EBITDA": {"2020-12-31": "", "2020-09-30": "", "2020-06-30": "", "2020-03-31": "", "2019-12-31": "", "2019-09-30": "", "2019-06-30": "", "2019-03-31": "", "2018-12-31": "", "2018-09-30": "", "2018-06-30": "", "2018-03-31": "", "2017-12-31": "", "2017-09-30": "", "2017-06-30": "", "2017-03-31": "", "2016-12-31": "", "2016-09-30": "", "2016-06-30": "", "2016-03-31": "", "2015-12-31": "", "2015-09-30": "", "2015-06-30": "", "2015-03-31": "", "2014-12-31": "", "2014-09-30": "", "2014-06-30": "", "2014-03-31": "", "2013-12-31": "", "2013-09-30": "", "2013-06-30": "", "2013-03-31": "", "2012-12-31": "", "2012-09-30": "", "2012-06-30": "", "2012-03-31": "", "2011-12-31": "", "2011-09-30": "", "2011-06-30": "", "2011-03-31": "", "2010-12-31": "", "2010-09-30": "", "2010-06-30": "", "2010-03-31": "", "2009-12-31": "", "2009-09-30": "", "2009-06-30": "", "2009-03-31": "", "2008-12-31": "", "2008-09-30": "", "2008-06-30": "", "2008-03-31": "", "2007-12-31": "", "2007-09-30": "", "2007-06-30": "", "2007-03-31": "", "2006-12-31": "", "2006-09-30": "", "2006-06-30": "", "2006-03-31": "", "2005-12-31": "", "2005-09-30": "", "2005-06-30": "", "2005-03-31": ""}, "EBIT": {"2020-12-31": "", "2020-09-30": "", "2020-06-30": "", "2020-03-31": "", "2019-12-31": "", "2019-09-30": "", "2019-06-30": "", "2019-03-31": "", "2018-12-31": "", "2018-09-30": "", "2018-06-30": "", "2018-03-31": "", "2017-12-31": "", "2017-09-30": "", "2017-06-30": "", "2017-03-31": "", "2016-12-31": "", "2016-09-30": "", "2016-06-30": "", "2016-03-31": "", "2015-12-31": "", "2015-09-30": "", "2015-06-30": "", "2015-03-31": "", "2014-12-31": "", "2014-09-30": "", "2014-06-30": "", "2014-03-31": "", "2013-12-31": "", "2013-09-30": "", "2013-06-30": "", "2013-03-31": "", "2012-12-31": "", "2012-09-30": "", "2012-06-30": "", "2012-03-31": "", "2011-12-31": "", "2011-09-30": "", "2011-06-30": "", "2011-03-31": "", "2010-12-31": "", "2010-09-30": "", "2010-06-30": "", "2010-03-31": "", "2009-12-31": "", "2009-09-30": "", "2009-06-30": "", "2009-03-31": "", "2008-12-31": "", "2008-09-30": "", "2008-06-30": "", "2008-03-31": "", "2007-12-31": "", "2007-09-30": "", "2007-06-30": "", "2007-03-31": "", "2006-12-31": "", "2006-09-30": "", "2006-06-30": "", "2006-03-31": "", "2005-12-31": "", "2005-09-30": "", "2005-06-30": "", "2005-03-31": ""}, "Basic Shares Outstanding": {"2020-12-31": "163.65800", "2020-09-30": "163.60800", "2020-06-30": "163.54200", "2020-03-31": "164.14300", "2019-12-31": "175.98400", "2019-09-30": "173.16000", "2019-06-30": "179.15600", "2019-03-31": "184.76700", "2018-12-31": "193.58900", "2018-09-30": "192.97300", "2018-06-30": "195.58300", "2018-03-31": "196.72200", "2017-12-31": "200.77600", "2017-09-30": "200.33200", "2017-06-30": "201.82200", "2017-03-31": "202.34700", "2016-12-31": "203.85500", "2016-09-30": "204.31200", "2016-06-30": "204.23600", "2016-03-31": "203.96700", "2015-12-31": "203.26500", "2015-09-30": "203.66800", "2015-06-30": "202.88800", "2015-03-31": "202.60300", "2014-12-31": "192.20700", "2014-09-30": "196.68700", "2014-06-30": "184.66800", "2014-03-31": "184.44000", "2013-12-31": "183.84400", "2013-09-30": "184.11200", "2013-06-30": "183.64700", "2013-03-31": "183.39600", "2012-12-31": "183.08100", "2012-09-30": "183.23700", "2012-06-30": "182.98500", "2012-03-31": "182.79800", "2011-12-31": "182.39300", "2011-09-30": "182.67600", "2011-06-30": "182.47200", "2011-03-31": "181.70700", "2010-12-31": "166.05400", "2010-09-30": "172.86500", "2010-06-30": "161.81000", "2010-03-31": "151.07300", "2009-12-31": "124.44300", "2009-09-30": "127.58100", "2009-06-30": "115.90800", "2009-03-31": "114.10600", "2008-12-31": "108.90800", "2008-09-30": "108.40700", "2008-06-30": "106.59500", "2008-03-31": "106.51400", "2007-12-31": "107.36500", "2007-09-30": "106.81400", "2007-06-30": "107.80300", "2007-03-31": "108.41400", "2006-12-31": "106.05700", "2006-09-30": "106.28500", "2006-06-30": "106.00100", "2006-03-31": "105.47200", "2005-12-31": "91.18700", "2005-09-30": "89.98000", "2005-06-30": "89.84600", "2005-03-31": "89.87700"}, "Shares Outstanding": {"2020-12-31": "163.90000", "2020-09-30": "163.77900", "2020-06-30": "164.42500", "2020-03-31": "172.99800", "2019-12-31": "186.50400", "2019-09-30": "181.87000", "2019-06-30": "189.09800", "2019-03-31": "195.24100", "2018-12-31": "206.50100", "2018-09-30": "205.76500", "2018-06-30": "209.24700", "2018-03-31": "210.24300", "2017-12-31": "209.65300", "2017-09-30": "209.10600", "2017-06-30": "208.18300", "2017-03-31": "210.40500", "2016-12-31": "204.26900", "2016-09-30": "204.71400", "2016-06-30": "204.53600", "2016-03-31": "204.09600", "2015-12-31": "203.69800", "2015-09-30": "204.15500", "2015-06-30": "202.88800", "2015-03-31": "202.94400", "2014-12-31": "192.78900", "2014-09-30": "197.27100", "2014-06-30": "185.28600", "2014-03-31": "185.12300", "2013-12-31": "184.29700", "2013-09-30": "184.74200", "2013-06-30": "184.06200", "2013-03-31": "183.65500", "2012-12-31": "183.23600", "2012-09-30": "183.38300", "2012-06-30": "183.13700", "2012-03-31": "182.96400", "2011-12-31": "182.60500", "2011-09-30": "183.85800", "2011-06-30": "182.72800", "2011-03-31": "181.99800", "2010-12-31": "166.05400", "2010-09-30": "172.86500", "2010-06-30": "161.81000", "2010-03-31": "151.07300", "2009-12-31": "124.44300", "2009-09-30": "127.58100", "2009-06-30": "115.90800", "2009-03-31": "114.10600", "2008-12-31": "108.90800", "2008-09-30": "108.49700", "2008-06-30": "106.71200", "2008-03-31": "106.68700", "2007-12-31": "108.40800", "2007-09-30": "107.88000", "2007-06-30": "109.12400", "2007-03-31": "110.10700", "2006-12-31": "108.02800", "2006-09-30": "108.06100", "2006-06-30": "107.88300", "2006-03-31": "107.72500", "2005-12-31": "92.99400", "2005-09-30": "91.60500", "2005-06-30": "91.61000", "2005-03-31": "91.49400"}, "Basic EPS": {"2020-12-31": "1.66000", "2020-09-30": "1.01000", "2020-06-30": "0.34000", "2020-03-31": "0.04000", "2019-12-31": "1.03000", "2019-09-30": "1.23000", "2019-06-30": "1.05000", "2019-03-31": "1.10000", "2018-12-31": "1.14000", "2018-09-30": "1.11000", "2018-06-30": "0.95000", "2018-03-31": "1.16000", "2017-12-31": "0.57000", "2017-09-30": "0.75000", "2017-06-30": "0.76000", "2017-03-31": "0.63000", "2016-12-31": "0.61000", "2016-09-30": "0.57000", "2016-06-30": "0.44000", "2016-03-31": "0.38000", "2015-12-31": "0.43000", "2015-09-30": "0.41000", "2015-06-30": "-0.01000", "2015-03-31": "0.37000", "2014-12-31": "0.31000", "2014-09-30": "0.40000", "2014-06-30": "0.56000", "2014-03-31": "0.41000", "2013-12-31": "-0.33000", "2013-09-30": "1.13000", "2013-06-30": "0.30000", "2013-03-31": "0.48000", "2012-12-31": "0.19000", "2012-09-30": "0.34000", "2012-06-30": "0.30000", "2012-03-31": "0.14000", "2011-12-31": "0.24000", "2011-09-30": "0.35000", "2011-06-30": "0.16000", "2011-03-31": "0.08000", "2010-12-31": "-0.60000", "2010-09-30": "-0.47000", "2010-06-30": "-0.84000", "2010-03-31": "-0.57000", "2009-12-31": "-0.81000", "2009-09-30": "-1.43000", "2009-06-30": "-0.21000", "2009-03-31": "-7.47000", "2008-12-31": "-4.61000", "2008-09-30": "0.31000", "2008-06-30": "0.65000", "2008-03-31": "0.97000", "2007-12-31": "0.39000", "2007-09-30": "1.24000", "2007-06-30": "1.44000", "2007-03-31": "1.38000", "2006-12-31": "1.34000", "2006-09-30": "1.45000", "2006-06-30": "1.37000", "2006-03-31": "1.30000", "2005-12-31": "1.35000", "2005-09-30": "1.37000", "2005-06-30": "1.32000", "2005-03-31": "1.23000"}, "EPS - Earnings Per Share": {"2020-12-31": "1.66000", "2020-09-30": "1.01000", "2020-06-30": "0.34000", "2020-03-31": "0.04000", "2019-12-31": "0.96000", "2019-09-30": "1.17000", "2019-06-30": "0.99000", "2019-03-31": "1.04000", "2018-12-31": "1.06000", "2018-09-30": "1.04000", "2018-06-30": "0.89000", "2018-03-31": "1.09000", "2017-12-31": "0.54000", "2017-09-30": "0.72000", "2017-06-30": "0.73000", "2017-03-31": "0.61000", "2016-12-31": "0.60000", "2016-09-30": "0.57000", "2016-06-30": "0.44000", "2016-03-31": "0.38000", "2015-12-31": "0.43000", "2015-09-30": "0.41000", "2015-06-30": "-0.01000", "2015-03-31": "0.37000", "2014-12-31": "0.31000", "2014-09-30": "0.40000", "2014-06-30": "0.56000", "2014-03-31": "0.41000", "2013-12-31": "-0.32000", "2013-09-30": "1.12000", "2013-06-30": "0.30000", "2013-03-31": "0.48000", "2012-12-31": "0.19000", "2012-09-30": "0.34000", "2012-06-30": "0.30000", "2012-03-31": "0.14000", "2011-12-31": "0.24000", "2011-09-30": "0.35000", "2011-06-30": "0.16000", "2011-03-31": "0.08000", "2010-12-31": "-0.60000", "2010-09-30": "-0.47000", "2010-06-30": "-0.84000", "2010-03-31": "-0.57000", "2009-12-31": "-0.81000", "2009-09-30": "-1.43000", "2009-06-30": "-0.21000", "2009-03-31": "-7.47000", "2008-12-31": "-4.61000", "2008-09-30": "0.31000", "2008-06-30": "0.65000", "2008-03-31": "0.97000", "2007-12-31": "0.39000", "2007-09-30": "1.22000", "2007-06-30": "1.43000", "2007-03-31": "1.36000", "2006-12-31": "1.31000", "2006-09-30": "1.42000", "2006-06-30": "1.35000", "2006-03-31": "1.28000", "2005-12-31": "1.32000", "2005-09-30": "1.34000", "2005-06-30": "1.30000", "2005-03-31": "1.20000"}}, "balance sheet": {"Cash On Hand": {"2020-12-31": "7648.00000", "2019-12-31": "2114.00000", "2018-12-31": "2800.00000", "2017-12-31": "1992.00000", "2016-12-31": "2831.00000", "2015-12-31": "7574.36900", "2014-12-31": "9476.93200", "2013-12-31": "9666.93800", "2012-12-31": "10624.53000", "2011-12-31": "8387.67800", "2010-12-31": "5679.10600", "2009-12-31": "2125.23700", "2008-12-31": "4220.95700", "2007-12-31": "3377.21200", "2006-12-31": "2371.52200", "2005-12-31": "2474.89400"}, "Receivables": {"2020-12-31": "", "2019-12-31": "", "2018-12-31": "", "2017-12-31": "", "2016-12-31": "", "2015-12-31": "", "2014-12-31": "", "2013-12-31": "", "2012-12-31": "", "2011-12-31": "", "2010-12-31": "", "2009-12-31": "", "2008-12-31": "", "2007-12-31": "", "2006-12-31": "", "2005-12-31": ""}, "Inventory": {"2020-12-31": "", "2019-12-31": "", "2018-12-31": "", "2017-12-31": "", "2016-12-31": "", "2015-12-31": "", "2014-12-31": "", "2013-12-31": "", "2012-12-31": "", "2011-12-31": "", "2010-12-31": "", "2009-12-31": "", "2008-12-31": "", "2007-12-31": "", "2006-12-31": "", "2005-12-31": ""}, "Pre-Paid Expenses": {"2020-12-31": "", "2019-12-31": "", "2018-12-31": "", "2017-12-31": "", "2016-12-31": "", "2015-12-31": "", "2014-12-31": "", "2013-12-31": "", "2012-12-31": "", "2011-12-31": "", "2010-12-31": "", "2009-12-31": "", "2008-12-31": "", "2007-12-31": "", "2006-12-31": "", "2005-12-31": ""}, "Other Current Assets": {"2020-12-31": "", "2019-12-31": "", "2018-12-31": "", "2017-12-31": "", "2016-12-31": "", "2015-12-31": "", "2014-12-31": "", "2013-12-31": "", "2012-12-31": "", "2011-12-31": "", "2010-12-31": "", "2009-12-31": "", "2008-12-31": "", "2007-12-31": "", "2006-12-31": "", "2005-12-31": ""}, "Total Current Assets": {"2020-12-31": "60428.00000", "2019-12-31": "50457.00000", "2018-12-31": "49112.00000", "2017-12-31": "46298.00000", "2016-12-31": "45085.00000", "2015-12-31": "47767.74000", "2014-12-31": "49068.43000", "2013-12-31": "48135.34000", "2012-12-31": "47645.34000", "2011-12-31": "44795.49000", "2010-12-31": "41192.48000", "2009-12-31": "40991.45000", "2008-12-31": "45393.01000", "2007-12-31": "42005.61000", "2006-12-31": "36673.93000", "2005-12-31": "32263.43000"}, "Property, Plant, And Equipment": {"2020-12-31": "1209.00000", "2019-12-31": "1142.00000", "2018-12-31": "1124.00000", "2017-12-31": "1094.00000", "2016-12-31": "1020.00000", "2015-12-31": "905.46200", "2014-12-31": "829.80900", "2013-12-31": "726.37200", "2012-12-31": "708.88200", "2011-12-31": "719.27600", "2010-12-31": "720.98500", "2009-12-31": "710.53400", "2008-12-31": "687.09600", "2007-12-31": "655.71200", "2006-12-31": "609.47200", "2005-12-31": "564.74500"}, "Long-Term Investments": {"2020-12-31": "17184.00000", "2019-12-31": "15215.00000", "2018-12-31": "16557.00000", "2017-12-31": "16960.00000", "2016-12-31": "15124.00000", "2015-12-31": "9036.90800", "2014-12-31": "5357.45000", "2013-12-31": "5146.50900", "2012-12-31": "4703.68100", "2011-12-31": "4903.83000", "2010-12-31": "5904.75100", "2009-12-31": "5625.17500", "2008-12-31": "5511.33600", "2007-12-31": "6873.46300", "2006-12-31": "6726.41400", "2005-12-31": "6894.16500"}, "Goodwill And Intangible Assets": {"2020-12-31": "1015.00000", "2019-12-31": "1014.00000", "2018-12-31": "1015.00000", "2017-12-31": "1016.00000", "2016-12-31": "1022.00000", "2015-12-31": "1030.40100", "2014-12-31": "1039.64900", "2013-12-31": "1050.57300", "2012-12-31": "1064.94700", "2011-12-31": "1082.95900", "2010-12-31": "1103.05900", "2009-12-31": "1128.57700", "2008-12-31": "1777.31200", "2007-12-31": "2159.00600", "2006-12-31": "2062.65100", "2005-12-31": "2086.75400"}, "Other Long-Term Assets": {"2020-12-31": "1640.00000", "2019-12-31": "1344.00000", "2018-12-31": "938.00000", "2017-12-31": "920.00000", "2016-12-31": "988.00000", "2015-12-31": "924.02900", "2014-12-31": "913.53600", "2013-12-31": "972.33300", "2012-12-31": "1389.06800", "2011-12-31": "1647.55300", "2010-12-31": "2113.60900", "2009-12-31": "2667.26900", "2008-12-31": "1724.03300", "2007-12-31": "1253.61800", "2006-12-31": "897.76100", "2005-12-31": "970.54410"}, "Total Long-Term Assets": {"2020-12-31": "21048.00000", "2019-12-31": "18715.00000", "2018-12-31": "19634.00000", "2017-12-31": "19990.00000", "2016-12-31": "18154.00000", "2015-12-31": "11896.80000", "2014-12-31": "8140.44400", "2013-12-31": "7895.78700", "2012-12-31": "7866.57800", "2011-12-31": "8353.61800", "2010-12-31": "9842.40400", "2009-12-31": "10131.55000", "2008-12-31": "9699.77700", "2007-12-31": "10941.80000", "2006-12-31": "10296.30000", "2005-12-31": "10516.21000"}, "Total Assets": {"2020-12-31": "81476.00000", "2019-12-31": "69172.00000", "2018-12-31": "68746.00000", "2017-12-31": "66288.00000", "2016-12-31": "63239.00000", "2015-12-31": "59664.54000", "2014-12-31": "57208.88000", "2013-12-31": "56031.13000", "2012-12-31": "55511.92000", "2011-12-31": "53149.11000", "2010-12-31": "51034.89000", "2009-12-31": "51123.01000", "2008-12-31": "55092.79000", "2007-12-31": "52947.41000", "2006-12-31": "46970.23000", "2005-12-31": "42779.64000"}, "Total Current Liabilities": {"2020-12-31": "71225.00000", "2019-12-31": "57085.00000", "2018-12-31": "54101.00000", "2017-12-31": "52621.00000", "2016-12-31": "53236.00000", "2015-12-31": "50721.08000", "2014-12-31": "48092.30000", "2013-12-31": "46702.23000", "2012-12-31": "46485.70000", "2011-12-31": "43598.46000", "2010-12-31": "41866.20000", "2009-12-31": "42791.28000", "2008-12-31": "43233.20000", "2007-12-31": "41206.44000", "2006-12-31": "38305.79000", "2005-12-31": "35157.57000"}, "Long Term Debt": {"2020-12-31": "1336.00000", "2019-12-31": "3776.00000", "2018-12-31": "6377.00000", "2017-12-31": "5359.00000", "2016-12-31": "1362.00000", "2015-12-31": "812.36600", "2014-12-31": "1092.28200", "2013-12-31": "2273.57500", "2012-12-31": "2337.11300", "2011-12-31": "1954.46200", "2010-12-31": "1942.62200", "2009-12-31": "2032.94200", "2008-12-31": "4661.47400", "2007-12-31": "5772.85600", "2006-12-31": "3012.70400", "2005-12-31": "2764.65500"}, "Other Non-Current Liabilities": {"2020-12-31": "1029.00000", "2019-12-31": "958.00000", "2018-12-31": "690.00000", "2017-12-31": "629.00000", "2016-12-31": "1007.00000", "2015-12-31": "623.58000", "2014-12-31": "654.76400", "2013-12-31": "590.76100", "2012-12-31": "640.46900", "2011-12-31": "612.95300", "2010-12-31": "578.85000", "2009-12-31": "588.52700", "2008-12-31": "669.11100", "2007-12-31": "644.37500", "2006-12-31": "621.92200", "2005-12-31": "592.59900"}, "Total Long Term Liabilities": {"2020-12-31": "2365.00000", "2019-12-31": "4734.00000", "2018-12-31": "7067.00000", "2017-12-31": "5988.00000", "2016-12-31": "2369.00000", "2015-12-31": "1435.94600", "2014-12-31": "1747.04600", "2013-12-31": "2864.33600", "2012-12-31": "2977.58200", "2011-12-31": "2567.41500", "2010-12-31": "2521.47200", "2009-12-31": "2621.46900", "2008-12-31": "5330.58400", "2007-12-31": "6448.17000", "2006-12-31": "3677.41700", "2005-12-31": "3384.80500"}, "Total Liabilities": {"2020-12-31": "73590.00000", "2019-12-31": "61819.00000", "2018-12-31": "61168.00000", "2017-12-31": "58609.00000", "2016-12-31": "55605.00000", "2015-12-31": "52157.02000", "2014-12-31": "49839.34000", "2013-12-31": "49566.56000", "2012-12-31": "49463.28000", "2011-12-31": "46165.88000", "2010-12-31": "44387.67000", "2009-12-31": "45412.75000", "2008-12-31": "48563.77000", "2007-12-31": "47654.61000", "2006-12-31": "41983.20000", "2005-12-31": "38542.38000"}, "Common Stock Net": {"2020-12-31": "2686.00000", "2019-12-31": "2735.00000", "2018-12-31": "3806.00000", "2017-12-31": "4445.00000", "2016-12-31": "4725.00000", "2015-12-31": "4766.73100", "2014-12-31": "4723.85500", "2013-12-31": "4179.02400", "2012-12-31": "4166.10900", "2011-12-31": "4163.24200", "2010-12-31": "4163.61900", "2009-12-31": "3318.41700", "2008-12-31": "2599.91600", "2007-12-31": "2212.23700", "2006-12-31": "2230.30300", "2005-12-31": "2156.73200"}, "Retained Earnings (Accumulated Deficit)": {"2020-12-31": "4309.00000", "2019-12-31": "4009.00000", "2018-12-31": "3456.00000", "2017-12-31": "2807.00000", "2016-12-31": "2321.00000", "2015-12-31": "1966.91000", "2014-12-31": "1769.70500", "2013-12-31": "1473.67000", "2012-12-31": "1203.81500", "2011-12-31": "1036.59000", "2010-12-31": "889.28400", "2009-12-31": "1308.35600", "2008-12-31": "2433.36300", "2007-12-31": "2910.69200", "2006-12-31": "2602.18900", "2005-12-31": "2179.88500"}, "Comprehensive Income": {"2020-12-31": "325.00000", "2019-12-31": "43.00000", "2018-12-31": "-250.00000", "2017-12-31": "-139.00000", "2016-12-31": "-122.00000", "2015-12-31": "-54.61200", "2014-12-31": "-128.04100", "2013-12-31": "-192.10100", "2012-12-31": "-446.15700", "2011-12-31": "-592.08400", "2010-12-31": "-461.29600", "2009-12-31": "-436.89900", "2008-12-31": "-98.95800", "2007-12-31": "-58.83500", "2006-12-31": "-75.84900", "2005-12-31": "-83.04300"}, "Other Share Holders Equity": {"2020-12-31": "", "2019-12-31": "", "2018-12-31": "", "2017-12-31": "", "2016-12-31": "", "2015-12-31": "", "2014-12-31": "", "2013-12-31": "", "2012-12-31": "", "2011-12-31": "", "2010-12-31": "", "2009-12-31": "", "2008-12-31": "", "2007-12-31": "", "2006-12-31": "", "2005-12-31": ""}, "Share Holder Equity": {"2020-12-31": "7886.00000", "2019-12-31": "7353.00000", "2018-12-31": "7578.00000", "2017-12-31": "7679.00000", "2016-12-31": "7634.00000", "2015-12-31": "7507.51900", "2014-12-31": "7369.53000", "2013-12-31": "6464.56300", "2012-12-31": "6048.64100", "2011-12-31": "6983.22800", "2010-12-31": "6647.21400", "2009-12-31": "5710.25700", "2008-12-31": "6529.01600", "2007-12-31": "5292.80000", "2006-12-31": "4987.02300", "2005-12-31": "4237.26400"}, "Total Liabilities And Share Holders Equity": {"2020-12-31": "81476.00000", "2019-12-31": "69172.00000", "2018-12-31": "68746.00000", "2017-12-31": "66288.00000", "2016-12-31": "63239.00000", "2015-12-31": "59664.54000", "2014-12-31": "57208.88000", "2013-12-31": "56031.13000", "2012-12-31": "55511.92000", "2011-12-31": "53149.11000", "2010-12-31": "51034.89000", "2009-12-31": "51123.01000", "2008-12-31": "55092.79000", "2007-12-31": "52947.41000", "2006-12-31": "46970.23000", "2005-12-31": "42779.64000"}}, "balance sheet, quarterly": {"Cash On Hand": {"2020-12-31": "7648.00000", "2020-09-30": "4434.00000", "2020-06-30": "2575.00000", "2020-03-31": "2665.00000", "2019-12-31": "2114.00000", "2019-09-30": "2729.00000", "2019-06-30": "1940.00000", "2019-03-31": "1992.00000", "2018-12-31": "2800.00000", "2018-09-30": "1843.00000", "2018-06-30": "1931.00000", "2018-03-31": "2026.00000", "2017-12-31": "1992.00000", "2017-09-30": "1829.00000", "2017-06-30": "2136.00000", "2017-03-31": "2730.00000", "2016-12-31": "2831.00000", "2016-09-30": "3825.93500", "2016-06-30": "3454.46500", "2016-03-31": "5209.94300", "2015-12-31": "7574.36900", "2015-09-30": "8560.39500", "2015-06-30": "9898.31300", "2015-03-31": "9103.36400", "2014-12-31": "9476.93200", "2014-09-30": "8464.81900", "2014-06-30": "8305.59100", "2014-03-31": "9935.27500", "2013-12-31": "9666.93800", "2013-09-30": "9793.06900", "2013-06-30": "9611.29000", "2013-03-31": "9082.56300", "2012-12-31": "10624.53000", "2012-09-30": "8554.63800", "2012-06-30": "9115.91600", "2012-03-31": "8783.25200", "2011-12-31": "8387.67800", "2011-09-30": "6435.72200", "2011-06-30": "6134.30400", "2011-03-31": "5762.20900", "2010-12-31": "5679.10600", "2010-09-30": "5688.69300", "2010-06-30": "6120.00700", "2010-03-31": "4623.84800", "2009-12-31": "2125.23700", "2009-09-30": "3400.58100", "2009-06-30": "2760.96800", "2009-03-31": "3658.11300", "2008-12-31": "4220.95700", "2008-09-30": "2500.73900", "2008-06-30": "3066.65100", "2008-03-31": "3756.33300", "2007-12-31": "3377.21200", "2007-09-30": "2518.37200", "2007-06-30": "2307.48700", "2007-03-31": "2591.69500", "2006-12-31": "2371.52200", "2006-09-30": "2094.08600", "2006-06-30": "2420.10600", "2006-03-31": "2205.89100", "2005-12-31": "2474.89400", "2005-09-30": "2463.54100", "2005-06-30": "2115.26700", "2005-03-31": "1989.01500"}, "Receivables": {"2020-12-31": "", "2020-09-30": "", "2020-06-30": "", "2020-03-31": "", "2019-12-31": "", "2019-09-30": "", "2019-06-30": "", "2019-03-31": "", "2018-12-31": "", "2018-09-30": "", "2018-06-30": "", "2018-03-31": "", "2017-12-31": "", "2017-09-30": "", "2017-06-30": "", "2017-03-31": "", "2016-12-31": "", "2016-09-30": "", "2016-06-30": "", "2016-03-31": "", "2015-12-31": "", "2015-09-30": "", "2015-06-30": "", "2015-03-31": "", "2014-12-31": "", "2014-09-30": "", "2014-06-30": "", "2014-03-31": "", "2013-12-31": "", "2013-09-30": "", "2013-06-30": "", "2013-03-31": "", "2012-12-31": "", "2012-09-30": "", "2012-06-30": "", "2012-03-31": "", "2011-12-31": "", "2011-09-30": "", "2011-06-30": "", "2011-03-31": "", "2010-12-31": "", "2010-09-30": "", "2010-06-30": "", "2010-03-31": "", "2009-12-31": "", "2009-09-30": "", "2009-06-30": "", "2009-03-31": "", "2008-12-31": "", "2008-09-30": "", "2008-06-30": "", "2008-03-31": "", "2007-12-31": "", "2007-09-30": "", "2007-06-30": "", "2007-03-31": "", "2006-12-31": "", "2006-09-30": "", "2006-06-30": "", "2006-03-31": "", "2005-12-31": "", "2005-09-30": "", "2005-06-30": "", "2005-03-31": ""}, "Inventory": {"2020-12-31": "", "2020-09-30": "", "2020-06-30": "", "2020-03-31": "", "2019-12-31": "", "2019-09-30": "", "2019-06-30": "", "2019-03-31": "", "2018-12-31": "", "2018-09-30": "", "2018-06-30": "", "2018-03-31": "", "2017-12-31": "", "2017-09-30": "", "2017-06-30": "", "2017-03-31": "", "2016-12-31": "", "2016-09-30": "", "2016-06-30": "", "2016-03-31": "", "2015-12-31": "", "2015-09-30": "", "2015-06-30": "", "2015-03-31": "", "2014-12-31": "", "2014-09-30": "", "2014-06-30": "", "2014-03-31": "", "2013-12-31": "", "2013-09-30": "", "2013-06-30": "", "2013-03-31": "", "2012-12-31": "", "2012-09-30": "", "2012-06-30": "", "2012-03-31": "", "2011-12-31": "", "2011-09-30": "", "2011-06-30": "", "2011-03-31": "", "2010-12-31": "", "2010-09-30": "", "2010-06-30": "", "2010-03-31": "", "2009-12-31": "", "2009-09-30": "", "2009-06-30": "", "2009-03-31": "", "2008-12-31": "", "2008-09-30": "", "2008-06-30": "", "2008-03-31": "", "2007-12-31": "", "2007-09-30": "", "2007-06-30": "", "2007-03-31": "", "2006-12-31": "", "2006-09-30": "", "2006-06-30": "", "2006-03-31": "", "2005-12-31": "", "2005-09-30": "", "2005-06-30": "", "2005-03-31": ""}, "Pre-Paid Expenses": {"2020-12-31": "", "2020-09-30": "", "2020-06-30": "", "2020-03-31": "", "2019-12-31": "", "2019-09-30": "", "2019-06-30": "", "2019-03-31": "", "2018-12-31": "", "2018-09-30": "", "2018-06-30": "", "2018-03-31": "", "2017-12-31": "", "2017-09-30": "", "2017-06-30": "", "2017-03-31": "", "2016-12-31": "", "2016-09-30": "", "2016-06-30": "", "2016-03-31": "", "2015-12-31": "", "2015-09-30": "", "2015-06-30": "", "2015-03-31": "", "2014-12-31": "", "2014-09-30": "", "2014-06-30": "", "2014-03-31": "", "2013-12-31": "", "2013-09-30": "", "2013-06-30": "", "2013-03-31": "", "2012-12-31": "", "2012-09-30": "", "2012-06-30": "", "2012-03-31": "", "2011-12-31": "", "2011-09-30": "", "2011-06-30": "", "2011-03-31": "", "2010-12-31": "", "2010-09-30": "", "2010-06-30": "", "2010-03-31": "", "2009-12-31": "", "2009-09-30": "", "2009-06-30": "", "2009-03-31": "", "2008-12-31": "", "2008-09-30": "", "2008-06-30": "", "2008-03-31": "", "2007-12-31": "", "2007-09-30": "", "2007-06-30": "", "2007-03-31": "", "2006-12-31": "", "2006-09-30": "", "2006-06-30": "", "2006-03-31": "", "2005-12-31": "", "2005-09-30": "", "2005-06-30": "", "2005-03-31": ""}, "Other Current Assets": {"2020-12-31": "", "2020-09-30": "", "2020-06-30": "", "2020-03-31": "", "2019-12-31": "", "2019-09-30": "", "2019-06-30": "", "2019-03-31": "", "2018-12-31": "", "2018-09-30": "", "2018-06-30": "", "2018-03-31": "", "2017-12-31": "", "2017-09-30": "", "2017-06-30": "", "2017-03-31": "", "2016-12-31": "", "2016-09-30": "", "2016-06-30": "", "2016-03-31": "", "2015-12-31": "", "2015-09-30": "", "2015-06-30": "", "2015-03-31": "", "2014-12-31": "", "2014-09-30": "", "2014-06-30": "", "2014-03-31": "", "2013-12-31": "", "2013-09-30": "", "2013-06-30": "", "2013-03-31": "", "2012-12-31": "", "2012-09-30": "", "2012-06-30": "", "2012-03-31": "", "2011-12-31": "", "2011-09-30": "", "2011-06-30": "", "2011-03-31": "", "2010-12-31": "", "2010-09-30": "", "2010-06-30": "", "2010-03-31": "", "2009-12-31": "", "2009-09-30": "", "2009-06-30": "", "2009-03-31": "", "2008-12-31": "", "2008-09-30": "", "2008-06-30": "", "2008-03-31": "", "2007-12-31": "", "2007-09-30": "", "2007-06-30": "", "2007-03-31": "", "2006-12-31": "", "2006-09-30": "", "2006-06-30": "", "2006-03-31": "", "2005-12-31": "", "2005-09-30": "", "2005-06-30": "", "2005-03-31": ""}, "Total Current Assets": {"2020-12-31": "60428.00000", "2020-09-30": "58415.00000", "2020-06-30": "56949.00000", "2020-03-31": "52002.00000", "2019-12-31": "50457.00000", "2019-09-30": "51195.00000", "2019-06-30": "50159.00000", "2019-03-31": "49170.00000", "2018-12-31": "49112.00000", "2018-09-30": "47234.00000", "2018-06-30": "46755.00000", "2018-03-31": "46726.00000", "2017-12-31": "46298.00000", "2017-09-30": "45515.00000", "2017-06-30": "45328.00000", "2017-03-31": "45056.00000", "2016-12-31": "45085.00000", "2016-09-30": "45928.75000", "2016-06-30": "45494.21000", "2016-03-31": "46125.00000", "2015-12-31": "47767.74000", "2015-09-30": "48216.20000", "2015-06-30": "49465.37000", "2015-03-31": "48792.41000", "2014-12-31": "49068.43000", "2014-09-30": "47703.48000", "2014-06-30": "47424.42000", "2014-03-31": "48522.80000", "2013-12-31": "48135.34000", "2013-09-30": "47383.09000", "2013-06-30": "47149.94000", "2013-03-31": "46164.76000", "2012-12-31": "47645.34000", "2012-09-30": "45020.35000", "2012-06-30": "45156.80000", "2012-03-31": "44548.38000", "2011-12-31": "44795.49000", "2011-09-30": "42170.63000", "2011-06-30": "41879.09000", "2011-03-31": "41153.25000", "2010-12-31": "41192.48000", "2010-09-30": "41925.50000", "2010-06-30": "42748.57000", "2010-03-31": "42188.20000", "2009-12-31": "40991.45000", "2009-09-30": "43429.36000", "2009-06-30": "43072.44000", "2009-03-31": "44844.78000", "2008-12-31": "45393.01000", "2008-09-30": "43778.99000", "2008-06-30": "44390.67000", "2008-03-31": "43160.80000", "2007-12-31": "42005.61000", "2007-09-30": "39922.46000", "2007-06-30": "38715.40000", "2007-03-31": "38165.32000", "2006-12-31": "36673.93000", "2006-09-30": "35443.85000", "2006-06-30": "34753.96000", "2006-03-31": "33004.96000", "2005-12-31": "32263.43000", "2005-09-30": "26106.31000", "2005-06-30": "25655.40000", "2005-03-31": "24682.38000"}, "Property, Plant, And Equipment": {"2020-12-31": "1209.00000", "2020-09-30": "1187.00000", "2020-06-30": "1173.00000", "2020-03-31": "1144.00000", "2019-12-31": "1142.00000", "2019-09-30": "1146.00000", "2019-06-30": "1133.00000", "2019-03-31": "1125.00000", "2018-12-31": "1124.00000", "2018-09-30": "1111.00000", "2018-06-30": "1099.00000", "2018-03-31": "1098.00000", "2017-12-31": "1094.00000", "2017-09-30": "1083.00000", "2017-06-30": "1069.00000", "2017-03-31": "1047.00000", "2016-12-31": "1020.00000", "2016-09-30": "986.55300", "2016-06-30": "955.54000", "2016-03-31": "925.43000", "2015-12-31": "905.46200", "2015-09-30": "873.80000", "2015-06-30": "856.57700", "2015-03-31": "844.90000", "2014-12-31": "829.80900", "2014-09-30": "811.12700", "2014-06-30": "803.21400", "2014-03-31": "785.51900", "2013-12-31": "726.37200", "2013-09-30": "720.36500", "2013-06-30": "717.29900", "2013-03-31": "706.74600", "2012-12-31": "708.88200", "2012-09-30": "709.18800", "2012-06-30": "714.91300", "2012-03-31": "715.81500", "2011-12-31": "719.27600", "2011-09-30": "726.50300", "2011-06-30": "722.60000", "2011-03-31": "721.48700", "2010-12-31": "720.98500", "2010-09-30": "719.59200", "2010-06-30": "705.37200", "2010-03-31": "707.38700", "2009-12-31": "710.53400", "2009-09-30": "698.22500", "2009-06-30": "703.61300", "2009-03-31": "701.74200", "2008-12-31": "687.09600", "2008-09-30": "675.48000", "2008-06-30": "656.01300", "2008-03-31": "657.18300", "2007-12-31": "655.71200", "2007-09-30": "658.29400", "2007-06-30": "648.73100", "2007-03-31": "645.39100", "2006-12-31": "609.47200", "2006-09-30": "587.80700", "2006-06-30": "574.15400", "2006-03-31": "565.32700", "2005-12-31": "564.74500", "2005-09-30": "410.80000", "2005-06-30": "409.48800", "2005-03-31": "407.26200"}, "Long-Term Investments": {"2020-12-31": "17184.00000", "2020-09-30": "16084.00000", "2020-06-30": "15702.00000", "2020-03-31": "15732.00000", "2019-12-31": "15215.00000", "2019-09-30": "15673.00000", "2019-06-30": "16423.00000", "2019-03-31": "16661.00000", "2018-12-31": "16557.00000", "2018-09-30": "16403.00000", "2018-06-30": "16559.00000", "2018-03-31": "16737.00000", "2017-12-31": "16960.00000", "2017-09-30": "16996.00000", "2017-06-30": "17128.00000", "2017-03-31": "17394.00000", "2016-12-31": "15124.00000", "2016-09-30": "11967.47000", "2016-06-30": "11041.06000", "2016-03-31": "10189.34000", "2015-12-31": "9036.90800", "2015-09-30": "7395.40400", "2015-06-30": "6086.72700", "2015-03-31": "5911.57700", "2014-12-31": "5357.45000", "2014-09-30": "5028.90900", "2014-06-30": "4932.89100", "2014-03-31": "4878.25900", "2013-12-31": "5146.50900", "2013-09-30": "4963.08700", "2013-06-30": "4829.70500", "2013-03-31": "4879.39000", "2012-12-31": "4703.68100", "2012-09-30": "4742.83300", "2012-06-30": "4808.48800", "2012-03-31": "4895.27200", "2011-12-31": "4903.83000", "2011-09-30": "5622.21600", "2011-06-30": "5773.34300", "2011-03-31": "5809.93600", "2010-12-31": "5904.75100", "2010-09-30": "4995.83900", "2010-06-30": "5136.02400", "2010-03-31": "5249.60100", "2009-12-31": "5625.17500", "2009-09-30": "5485.66100", "2009-06-30": "5887.96800", "2009-03-31": "5787.71500", "2008-12-31": "5511.33600", "2008-09-30": "5879.95700", "2008-06-30": "5886.44800", "2008-03-31": "6076.30200", "2007-12-31": "6873.46300", "2007-09-30": "6289.03800", "2007-06-30": "6239.20200", "2007-03-31": "6564.50400", "2006-12-31": "6726.41400", "2006-09-30": "6730.94500", "2006-06-30": "6719.81200", "2006-03-31": "6803.76000", "2005-12-31": "6894.16500", "2005-09-30": "5348.64800", "2005-06-30": "5321.68600", "2005-03-31": "5327.94000"}, "Goodwill And Intangible Assets": {"2020-12-31": "1015.00000", "2020-09-30": "1016.00000", "2020-06-30": "1014.00000", "2020-03-31": "1014.00000", "2019-12-31": "1014.00000", "2019-09-30": "1014.00000", "2019-06-30": "1014.00000", "2019-03-31": "1014.00000", "2018-12-31": "1015.00000", "2018-09-30": "1015.00000", "2018-06-30": "1015.00000", "2018-03-31": "1016.00000", "2017-12-31": "1016.00000", "2017-09-30": "1017.00000", "2017-06-30": "1019.00000", "2017-03-31": "1021.00000", "2016-12-31": "1022.00000", "2016-09-30": "1024.45800", "2016-06-30": "1026.41000", "2016-03-31": "1028.38800", "2015-12-31": "1030.40100", "2015-09-30": "1032.67500", "2015-06-30": "1034.97200", "2015-03-31": "1037.29100", "2014-12-31": "1039.64900", "2014-09-30": "1042.28900", "2014-06-30": "1044.95500", "2014-03-31": "1047.69100", "2013-12-31": "1050.57300", "2013-09-30": "1053.79600", "2013-06-30": "1057.36800", "2013-03-31": "1061.12900", "2012-12-31": "1064.94700", "2012-09-30": "1070.16300", "2012-06-30": "1074.40600", "2012-03-31": "1078.66700", "2011-12-31": "1082.95900", "2011-09-30": "1087.70000", "2011-06-30": "1092.50700", "2011-03-31": "1097.36000", "2010-12-31": "1103.05900", "2010-09-30": "1109.28900", "2010-06-30": "1115.58600", "2010-03-31": "1122.00000", "2009-12-31": "1128.57700", "2009-09-30": "1140.93600", "2009-06-30": "1139.06000", "2009-03-31": "1159.05000", "2008-12-31": "1777.31200", "2008-09-30": "2143.49300", "2008-06-30": "2141.99200", "2008-03-31": "2150.18900", "2007-12-31": "2159.00600", "2007-09-30": "2193.65900", "2007-06-30": "2194.18100", "2007-03-31": "2204.56600", "2006-12-31": "2062.65100", "2006-09-30": "2052.46300", "2006-06-30": "2058.94800", "2006-03-31": "2072.60900", "2005-12-31": "2086.75400", "2005-09-30": "686.79000", "2005-06-30": "690.33000", "2005-03-31": "690.94000"}, "Other Long-Term Assets": {"2020-12-31": "1640.00000", "2020-09-30": "1655.00000", "2020-06-30": "1609.00000", "2020-03-31": "1575.00000", "2019-12-31": "1344.00000", "2019-09-30": "1333.00000", "2019-06-30": "1336.00000", "2019-03-31": "1225.00000", "2018-12-31": "938.00000", "2018-09-30": "968.00000", "2018-06-30": "1029.00000", "2018-03-31": "904.00000", "2017-12-31": "920.00000", "2017-09-30": "953.00000", "2017-06-30": "902.00000", "2017-03-31": "945.00000", "2016-12-31": "988.00000", "2016-09-30": "1131.62000", "2016-06-30": "1125.77600", "2016-03-31": "911.75300", "2015-12-31": "924.02900", "2015-09-30": "892.84900", "2015-06-30": "921.81200", "2015-03-31": "969.75200", "2014-12-31": "913.53600", "2014-09-30": "873.06900", "2014-06-30": "905.79390", "2014-03-31": "846.57300", "2013-12-31": "972.33300", "2013-09-30": "1067.97800", "2013-06-30": "1150.22500", "2013-03-31": "1298.53900", "2012-12-31": "1389.06800", "2012-09-30": "1544.46100", "2012-06-30": "1652.41000", "2012-03-31": "1658.18000", "2011-12-31": "1647.55300", "2011-09-30": "1924.27400", "2011-06-30": "1893.87300", "2011-03-31": "2025.66700", "2010-12-31": "2113.60900", "2010-09-30": "2297.55000", "2010-06-30": "2441.74500", "2010-03-31": "2445.79500", "2009-12-31": "2667.26900", "2009-09-30": "2543.97100", "2009-06-30": "1964.87600", "2009-03-31": "2051.73200", "2008-12-31": "1724.03300", "2008-09-30": "1496.23900", "2008-06-30": "1555.76000", "2008-03-31": "1363.81400", "2007-12-31": "1253.61800", "2007-09-30": "981.22900", "2007-06-30": "893.93400", "2007-03-31": "979.07500", "2006-12-31": "897.76100", "2006-09-30": "962.67800", "2006-06-30": "1035.20600", "2006-03-31": "871.37710", "2005-12-31": "970.54410", "2005-09-30": "870.14200", "2005-06-30": "798.38900", "2005-03-31": "774.96610"}, "Total Long-Term Assets": {"2020-12-31": "21048.00000", "2020-09-30": "19942.00000", "2020-06-30": "19498.00000", "2020-03-31": "19465.00000", "2019-12-31": "18715.00000", "2019-09-30": "19166.00000", "2019-06-30": "19906.00000", "2019-03-31": "20025.00000", "2018-12-31": "19634.00000", "2018-09-30": "19497.00000", "2018-06-30": "19702.00000", "2018-03-31": "19755.00000", "2017-12-31": "19990.00000", "2017-09-30": "20049.00000", "2017-06-30": "20118.00000", "2017-03-31": "20407.00000", "2016-12-31": "18154.00000", "2016-09-30": "15110.10000", "2016-06-30": "14148.79000", "2016-03-31": "13054.91000", "2015-12-31": "11896.80000", "2015-09-30": "10194.73000", "2015-06-30": "8900.08800", "2015-03-31": "8763.52000", "2014-12-31": "8140.44400", "2014-09-30": "7755.39400", "2014-06-30": "7686.85400", "2014-03-31": "7558.04200", "2013-12-31": "7895.78700", "2013-09-30": "7805.22600", "2013-06-30": "7754.59700", "2013-03-31": "7945.80400", "2012-12-31": "7866.57800", "2012-09-30": "8066.64500", "2012-06-30": "8250.21700", "2012-03-31": "8347.93400", "2011-12-31": "8353.61800", "2011-09-30": "9360.69300", "2011-06-30": "9482.32200", "2011-03-31": "9654.44900", "2010-12-31": "9842.40400", "2010-09-30": "9122.27000", "2010-06-30": "9398.72800", "2010-03-31": "9524.78300", "2009-12-31": "10131.55000", "2009-09-30": "9868.79300", "2009-06-30": "9695.51700", "2009-03-31": "9700.23800", "2008-12-31": "9699.77700", "2008-09-30": "10195.17000", "2008-06-30": "10240.21000", "2008-03-31": "10247.49000", "2007-12-31": "10941.80000", "2007-09-30": "10122.22000", "2007-06-30": "9976.04800", "2007-03-31": "10393.54000", "2006-12-31": "10296.30000", "2006-09-30": "10333.89000", "2006-06-30": "10388.12000", "2006-03-31": "10313.07000", "2005-12-31": "10516.21000", "2005-09-30": "7316.38000", "2005-06-30": "7219.89300", "2005-03-31": "7201.10800"}, "Total Assets": {"2020-12-31": "81476.00000", "2020-09-30": "78357.00000", "2020-06-30": "76447.00000", "2020-03-31": "71467.00000", "2019-12-31": "69172.00000", "2019-09-30": "70361.00000", "2019-06-30": "70065.00000", "2019-03-31": "69195.00000", "2018-12-31": "68746.00000", "2018-09-30": "66731.00000", "2018-06-30": "66457.00000", "2018-03-31": "66481.00000", "2017-12-31": "66288.00000", "2017-09-30": "65564.00000", "2017-06-30": "65446.00000", "2017-03-31": "65463.00000", "2016-12-31": "63239.00000", "2016-09-30": "61038.86000", "2016-06-30": "59642.99000", "2016-03-31": "59179.91000", "2015-12-31": "59664.54000", "2015-09-30": "58410.93000", "2015-06-30": "58365.46000", "2015-03-31": "57555.93000", "2014-12-31": "57208.88000", "2014-09-30": "55458.87000", "2014-06-30": "55111.27000", "2014-03-31": "56080.84000", "2013-12-31": "56031.13000", "2013-09-30": "55188.31000", "2013-06-30": "54904.54000", "2013-03-31": "54110.56000", "2012-12-31": "55511.92000", "2012-09-30": "53087.00000", "2012-06-30": "53407.01000", "2012-03-31": "52896.31000", "2011-12-31": "53149.11000", "2011-09-30": "51531.32000", "2011-06-30": "51361.41000", "2011-03-31": "50807.71000", "2010-12-31": "51034.89000", "2010-09-30": "51047.78000", "2010-06-30": "52147.30000", "2010-03-31": "51712.98000", "2009-12-31": "51123.01000", "2009-09-30": "53298.15000", "2009-06-30": "52767.95000", "2009-03-31": "54545.01000", "2008-12-31": "55092.79000", "2008-09-30": "53974.17000", "2008-06-30": "54630.88000", "2008-03-31": "53408.29000", "2007-12-31": "52947.41000", "2007-09-30": "50044.69000", "2007-06-30": "48691.45000", "2007-03-31": "48558.87000", "2006-12-31": "46970.23000", "2006-09-30": "45777.75000", "2006-06-30": "45142.09000", "2006-03-31": "43318.03000", "2005-12-31": "42779.64000", "2005-09-30": "33422.70000", "2005-06-30": "32875.29000", "2005-03-31": "31883.49000"}, "Total Current Liabilities": {"2020-12-31": "71225.00000", "2020-09-30": "68346.00000", "2020-06-30": "66544.00000", "2020-03-31": "61283.00000", "2019-12-31": "59138.00000", "2019-09-30": "60718.00000", "2019-06-30": "60355.00000", "2019-03-31": "59479.00000", "2018-12-31": "54101.00000", "2018-09-30": "57565.00000", "2018-06-30": "57738.00000", "2018-03-31": "57830.00000", "2017-12-31": "52621.00000", "2017-09-30": "56723.00000", "2017-06-30": "56720.00000", "2017-03-31": "56612.00000", "2016-12-31": "53236.00000", "2016-09-30": "51964.22000", "2016-06-30": "50541.18000", "2016-03-31": "50120.04000", "2015-12-31": "50721.08000", "2015-09-30": "49192.54000", "2015-06-30": "49164.25000", "2015-03-31": "48326.96000", "2014-12-31": "48092.30000", "2014-09-30": "46457.13000", "2014-06-30": "45929.02000", "2014-03-31": "46811.92000", "2013-12-31": "46702.23000", "2013-09-30": "45943.14000", "2013-06-30": "45272.67000", "2013-03-31": "44816.96000", "2012-12-31": "46485.70000", "2012-09-30": "44252.07000", "2012-06-30": "44032.34000", "2012-03-31": "43653.14000", "2011-12-31": "43598.46000", "2011-09-30": "42149.41000", "2011-06-30": "42011.94000", "2011-03-31": "41603.77000", "2010-12-31": "41866.20000", "2010-09-30": "41977.14000", "2010-06-30": "43206.00000", "2010-03-31": "43275.93000", "2009-12-31": "42791.28000", "2009-09-30": "44564.54000", "2009-06-30": "44491.75000", "2009-03-31": "45113.77000", "2008-12-31": "43233.20000", "2008-09-30": "40574.50000", "2008-06-30": "41180.95000", "2008-03-31": "40827.28000", "2007-12-31": "41206.44000", "2007-09-30": "39669.27000", "2007-06-30": "39726.12000", "2007-03-31": "39761.20000", "2006-12-31": "38305.79000", "2006-09-30": "37355.89000", "2006-06-30": "36093.71000", "2006-03-31": "35662.04000", "2005-12-31": "35157.57000", "2005-09-30": "27900.00000", "2005-06-30": "27113.97000", "2005-03-31": "26347.95000"}, "Long Term Debt": {"2020-12-31": "1336.00000", "2020-09-30": "1347.00000", "2020-06-30": "1353.00000", "2020-03-31": "1795.00000", "2019-12-31": "1723.00000", "2019-09-30": "1242.00000", "2019-06-30": "1236.00000", "2019-03-31": "1228.00000", "2018-12-31": "6377.00000", "2018-09-30": "879.00000", "2018-06-30": "383.00000", "2018-03-31": "383.00000", "2017-12-31": "5359.00000", "2017-09-30": "383.00000", "2017-06-30": "383.00000", "2017-03-31": "383.00000", "2016-12-31": "1362.00000", "2016-09-30": "570.38500", "2016-06-30": "698.71200", "2016-03-31": "802.44800", "2015-12-31": "812.36600", "2015-09-30": "944.75200", "2015-06-30": "1050.93800", "2015-03-31": "1089.32100", "2014-12-31": "1092.28200", "2014-09-30": "1113.67700", "2014-06-30": "1933.13600", "2014-03-31": "2158.70100", "2013-12-31": "2273.57500", "2013-09-30": "2304.30100", "2013-06-30": "2173.17600", "2013-03-31": "2352.56900", "2012-12-31": "2337.11300", "2012-09-30": "2326.65900", "2012-06-30": "2274.57100", "2012-03-31": "2283.12100", "2011-12-31": "1954.46200", "2011-09-30": "1898.43900", "2011-06-30": "1879.66900", "2011-03-31": "1913.08300", "2010-12-31": "1942.62200", "2010-09-30": "1939.39500", "2010-06-30": "1934.41000", "2010-03-31": "2016.46100", "2009-12-31": "2032.94200", "2009-09-30": "2388.23400", "2009-06-30": "1984.65100", "2009-03-31": "3272.64500", "2008-12-31": "4661.47400", "2008-09-30": "7153.68300", "2008-06-30": "7595.06300", "2008-03-31": "6602.27000", "2007-12-31": "5772.85600", "2007-09-30": "4520.17900", "2007-06-30": "3106.35600", "2007-03-31": "2835.21700", "2006-12-31": "3012.70400", "2006-09-30": "3079.87200", "2006-06-30": "3783.20100", "2006-03-31": "2605.78300", "2005-12-31": "2764.65500", "2005-09-30": "1925.22800", "2005-06-30": "2254.06300", "2005-03-31": "2062.83900"}, "Other Non-Current Liabilities": {"2020-12-31": "1029.00000", "2020-09-30": "996.00000", "2020-06-30": "975.00000", "2020-03-31": "917.00000", "2019-12-31": "958.00000", "2019-09-30": "892.00000", "2019-06-30": "875.00000", "2019-03-31": "900.00000", "2018-12-31": "690.00000", "2018-09-30": "734.00000", "2018-06-30": "715.00000", "2018-03-31": "624.00000", "2017-12-31": "629.00000", "2017-09-30": "697.00000", "2017-06-30": "594.00000", "2017-03-31": "738.00000", "2016-12-31": "1007.00000", "2016-09-30": "824.94600", "2016-06-30": "776.72100", "2016-03-31": "631.68300", "2015-12-31": "623.58000", "2015-09-30": "635.54200", "2015-06-30": "620.09800", "2015-03-31": "685.35500", "2014-12-31": "654.76400", "2014-09-30": "565.90000", "2014-06-30": "549.03400", "2014-03-31": "524.00400", "2013-12-31": "590.76100", "2013-09-30": "608.06200", "2013-06-30": "598.36200", "2013-03-31": "590.37800", "2012-12-31": "640.46900", "2012-09-30": "590.02000", "2012-06-30": "610.73700", "2012-03-31": "573.26900", "2011-12-31": "612.95300", "2011-09-30": "564.55500", "2011-06-30": "556.71200", "2011-03-31": "546.26700", "2010-12-31": "578.85000", "2010-09-30": "636.64900", "2010-06-30": "585.78200", "2010-03-31": "563.68300", "2009-12-31": "588.52700", "2009-09-30": "651.13900", "2009-06-30": "536.85500", "2009-03-31": "578.76800", "2008-12-31": "669.11100", "2008-09-30": "649.67200", "2008-06-30": "555.81200", "2008-03-31": "620.52800", "2007-12-31": "644.37500", "2007-09-30": "560.85300", "2007-06-30": "602.17300", "2007-03-31": "662.58900", "2006-12-31": "621.92200", "2006-09-30": "657.65700", "2006-06-30": "789.22200", "2006-03-31": "677.49500", "2005-12-31": "592.59900", "2005-09-30": "571.58300", "2005-06-30": "544.69100", "2005-03-31": "624.59300"}, "Total Long Term Liabilities": {"2020-12-31": "2365.00000", "2020-09-30": "2343.00000", "2020-06-30": "2328.00000", "2020-03-31": "2712.00000", "2019-12-31": "2681.00000", "2019-09-30": "2134.00000", "2019-06-30": "2111.00000", "2019-03-31": "2128.00000", "2018-12-31": "7067.00000", "2018-09-30": "1613.00000", "2018-06-30": "1098.00000", "2018-03-31": "1007.00000", "2017-12-31": "5988.00000", "2017-09-30": "1080.00000", "2017-06-30": "977.00000", "2017-03-31": "1121.00000", "2016-12-31": "2369.00000", "2016-09-30": "1395.33100", "2016-06-30": "1475.43300", "2016-03-31": "1434.13100", "2015-12-31": "1435.94600", "2015-09-30": "1580.29400", "2015-06-30": "1671.03600", "2015-03-31": "1774.67600", "2014-12-31": "1747.04600", "2014-09-30": "1679.57700", "2014-06-30": "2482.17000", "2014-03-31": "2682.70500", "2013-12-31": "2864.33600", "2013-09-30": "2912.36300", "2013-06-30": "2771.53800", "2013-03-31": "2942.94700", "2012-12-31": "2977.58200", "2012-09-30": "2916.67900", "2012-06-30": "2885.30800", "2012-03-31": "2856.39000", "2011-12-31": "2567.41500", "2011-09-30": "2462.99400", "2011-06-30": "2436.38100", "2011-03-31": "2459.35000", "2010-12-31": "2521.47200", "2010-09-30": "2576.04400", "2010-06-30": "2520.19200", "2010-03-31": "2580.14400", "2009-12-31": "2621.46900", "2009-09-30": "3039.37300", "2009-06-30": "2521.50600", "2009-03-31": "3851.41300", "2008-12-31": "5330.58400", "2008-09-30": "7803.35500", "2008-06-30": "8150.87500", "2008-03-31": "7222.79800", "2007-12-31": "6448.17000", "2007-09-30": "5118.44300", "2007-06-30": "3740.62300", "2007-03-31": "3536.49700", "2006-12-31": "3677.41700", "2006-09-30": "3778.68700", "2006-06-30": "4601.04200", "2006-03-31": "3312.17300", "2005-12-31": "3384.80500", "2005-09-30": "2523.53000", "2005-06-30": "2823.41900", "2005-03-31": "2713.77000"}, "Total Liabilities": {"2020-12-31": "73590.00000", "2020-09-30": "70689.00000", "2020-06-30": "68872.00000", "2020-03-31": "63995.00000", "2019-12-31": "61819.00000", "2019-09-30": "62852.00000", "2019-06-30": "62466.00000", "2019-03-31": "61607.00000", "2018-12-31": "61168.00000", "2018-09-30": "59178.00000", "2018-06-30": "58836.00000", "2018-03-31": "58837.00000", "2017-12-31": "58609.00000", "2017-09-30": "57803.00000", "2017-06-30": "57697.00000", "2017-03-31": "57733.00000", "2016-12-31": "55605.00000", "2016-09-30": "53359.55000", "2016-06-30": "52016.61000", "2016-03-31": "51554.18000", "2015-12-31": "52157.02000", "2015-09-30": "50772.83000", "2015-06-30": "50835.29000", "2015-03-31": "50101.63000", "2014-12-31": "49839.34000", "2014-09-30": "48136.71000", "2014-06-30": "48411.18000", "2014-03-31": "49494.63000", "2013-12-31": "49566.56000", "2013-09-30": "48855.50000", "2013-06-30": "48044.21000", "2013-03-31": "47759.91000", "2012-12-31": "49463.28000", "2012-09-30": "47168.75000", "2012-06-30": "46917.65000", "2012-03-31": "46509.53000", "2011-12-31": "46165.88000", "2011-09-30": "44612.40000", "2011-06-30": "44448.32000", "2011-03-31": "44063.12000", "2010-12-31": "44387.67000", "2010-09-30": "44553.18000", "2010-06-30": "45726.19000", "2010-03-31": "45856.07000", "2009-12-31": "45412.75000", "2009-09-30": "47603.91000", "2009-06-30": "47013.26000", "2009-03-31": "48965.18000", "2008-12-31": "48563.77000", "2008-09-30": "48377.85000", "2008-06-30": "49331.82000", "2008-03-31": "48050.08000", "2007-12-31": "47654.61000", "2007-09-30": "44787.71000", "2007-06-30": "43466.74000", "2007-03-31": "43297.70000", "2006-12-31": "41983.20000", "2006-09-30": "41134.58000", "2006-06-30": "40694.76000", "2006-03-31": "38974.21000", "2005-12-31": "38542.38000", "2005-09-30": "30423.53000", "2005-06-30": "29937.39000", "2005-03-31": "29061.72000"}, "Common Stock Net": {"2020-12-31": "2686.00000", "2020-09-30": "2680.00000", "2020-06-30": "2675.00000", "2020-03-31": "2668.00000", "2019-12-31": "2735.00000", "2019-09-30": "3002.00000", "2019-06-30": "3271.00000", "2019-03-31": "", "2018-12-31": "3806.00000", "2018-09-30": "", "2018-06-30": "4231.00000", "2018-03-31": "4346.00000", "2017-12-31": "4445.00000", "2017-09-30": "4552.00000", "2017-06-30": "4660.00000", "2017-03-31": "4696.00000", "2016-12-31": "4725.00000", "2016-09-30": "4747.91200", "2016-06-30": "4783.06100", "2016-03-31": "4777.63000", "2015-12-31": "4766.73100", "2015-09-30": "4756.28800", "2015-06-30": "4738.27200", "2015-03-31": "4728.55600", "2014-12-31": "4723.85500", "2014-09-30": "4717.29500", "2014-06-30": "4192.13600", "2014-03-31": "4185.51300", "2013-12-31": "4179.02400", "2013-09-30": "4172.88700", "2013-06-30": "4167.82800", "2013-03-31": "4170.88800", "2012-12-31": "4166.10900", "2012-09-30": "4162.00100", "2012-06-30": "4157.52500", "2012-03-31": "4162.52200", "2011-12-31": "4163.24200", "2011-09-30": "4160.69700", "2011-06-30": "4158.36900", "2011-03-31": "4178.36900", "2010-12-31": "4163.61900", "2010-09-30": "4070.96300", "2010-06-30": "3964.14000", "2010-03-31": "3517.62100", "2009-12-31": "3318.41700", "2009-09-30": "3125.34400", "2009-06-30": "2935.72400", "2009-03-31": "2607.54100", "2008-12-31": "2599.91600", "2008-09-30": "2482.51700", "2008-06-30": "2224.45500", "2008-03-31": "2219.90500", "2007-12-31": "2212.23700", "2007-09-30": "2200.22800", "2007-06-30": "2279.72200", "2007-03-31": "2381.50900", "2006-12-31": "2230.30300", "2006-09-30": "2240.45800", "2006-06-30": "2218.71100", "2006-03-31": "2197.24500", "2005-12-31": "2156.73200", "2005-09-30": "971.00200", "2005-06-30": "961.51000", "2005-03-31": "969.73900"}, "Retained Earnings (Accumulated Deficit)": {"2020-12-31": "4309.00000", "2020-09-30": "4090.00000", "2020-06-30": "3979.00000", "2020-03-31": "3979.00000", "2019-12-31": "4009.00000", "2019-09-30": "3892.00000", "2019-06-30": "3737.00000", "2019-03-31": "3603.00000", "2018-12-31": "3456.00000", "2018-09-30": "3296.00000", "2018-06-30": "3139.00000", "2018-03-31": "2999.00000", "2017-12-31": "2807.00000", "2017-09-30": "2700.00000", "2017-06-30": "2572.00000", "2017-03-31": "2435.00000", "2016-12-31": "2321.00000", "2016-09-30": "2211.79300", "2016-06-30": "2110.06900", "2016-03-31": "2031.27000", "2015-12-31": "1966.91000", "2015-09-30": "1894.62300", "2015-06-30": "1823.04300", "2015-03-31": "1836.61900", "2014-12-31": "1769.70500", "2014-09-30": "1711.78500", "2014-06-30": "1640.78500", "2014-03-31": "1542.19500", "2013-12-31": "1473.67000", "2013-09-30": "1540.45500", "2013-06-30": "1338.40100", "2013-03-31": "1290.13100", "2012-12-31": "1203.81500", "2012-09-30": "1170.47700", "2012-06-30": "1110.12000", "2012-03-31": "1060.52500", "2011-12-31": "1036.59000", "2011-09-30": "994.38000", "2011-06-30": "931.34500", "2011-03-31": "904.24700", "2010-12-31": "889.28400", "2010-09-30": "1001.55900", "2010-06-30": "1083.84500", "2010-03-31": "1220.43900", "2009-12-31": "1308.35600", "2009-09-30": "1502.23200", "2009-06-30": "1685.52200", "2009-03-31": "1713.89700", "2008-12-31": "2433.36300", "2008-09-30": "2968.24200", "2008-06-30": "2981.06200", "2008-03-31": "2957.51100", "2007-12-31": "2910.69200", "2007-09-30": "2914.43900", "2007-06-30": "2828.61300", "2007-03-31": "2719.50200", "2006-12-31": "2602.18900", "2006-09-30": "2501.62500", "2006-06-30": "2386.36900", "2006-03-31": "2279.38300", "2005-12-31": "2179.88500", "2005-09-30": "2084.43900", "2005-06-30": "1994.01500", "2005-03-31": "1907.72700"}, "Comprehensive Income": {"2020-12-31": "325.00000", "2020-09-30": "332.00000", "2020-06-30": "355.00000", "2020-03-31": "259.00000", "2019-12-31": "43.00000", "2019-09-30": "49.00000", "2019-06-30": "25.00000", "2019-03-31": "-122.00000", "2018-12-31": "-250.00000", "2018-09-30": "-361.00000", "2018-06-30": "-315.00000", "2018-03-31": "-267.00000", "2017-12-31": "-139.00000", "2017-09-30": "-57.00000", "2017-06-30": "-49.00000", "2017-03-31": "-111.00000", "2016-12-31": "-122.00000", "2016-09-30": "10.00100", "2016-06-30": "23.65200", "2016-03-31": "-11.65300", "2015-12-31": "-54.61200", "2015-09-30": "-16.97500", "2015-06-30": "-35.17200", "2015-03-31": "-114.90900", "2014-12-31": "-128.04100", "2014-09-30": "-110.92700", "2014-06-30": "-136.83700", "2014-03-31": "-145.46200", "2013-12-31": "-192.10100", "2013-09-30": "-384.50300", "2013-06-30": "-374.55600", "2013-03-31": "-406.90300", "2012-12-31": "-446.15700", "2012-09-30": "-534.73800", "2012-06-30": "-576.14700", "2012-03-31": "-571.56700", "2011-12-31": "-592.08400", "2011-09-30": "-588.83400", "2011-06-30": "-504.49100", "2011-03-31": "-499.16300", "2010-12-31": "-461.29600", "2010-09-30": "-452.55300", "2010-06-30": "-433.02000", "2010-03-31": "-428.17700", "2009-12-31": "-436.89900", "2009-09-30": "-469.11200", "2009-06-30": "-368.16400", "2009-03-31": "-340.72700", "2008-12-31": "-98.95800", "2008-09-30": "-157.30500", "2008-06-30": "-158.32500", "2008-03-31": "-76.42900", "2007-12-31": "-58.83500", "2007-09-30": "-86.91400", "2007-06-30": "-112.84000", "2007-03-31": "-69.25700", "2006-12-31": "-75.84900", "2006-09-30": "-89.29200", "2006-06-30": "-148.32700", "2006-03-31": "-123.09900", "2005-12-31": "-83.04300", "2005-09-30": "-52.08800", "2005-06-30": "-12.90500", "2005-03-31": "-50.72400"}, "Other Share Holders Equity": {"2020-12-31": "", "2020-09-30": "", "2020-06-30": "", "2020-03-31": "", "2019-12-31": "", "2019-09-30": "", "2019-06-30": "", "2019-03-31": "", "2018-12-31": "", "2018-09-30": "", "2018-06-30": "", "2018-03-31": "", "2017-12-31": "", "2017-09-30": "", "2017-06-30": "", "2017-03-31": "", "2016-12-31": "", "2016-09-30": "", "2016-06-30": "", "2016-03-31": "", "2015-12-31": "", "2015-09-30": "", "2015-06-30": "", "2015-03-31": "", "2014-12-31": "", "2014-09-30": "", "2014-06-30": "", "2014-03-31": "", "2013-12-31": "", "2013-09-30": "", "2013-06-30": "", "2013-03-31": "", "2012-12-31": "", "2012-09-30": "", "2012-06-30": "", "2012-03-31": "", "2011-12-31": "", "2011-09-30": "", "2011-06-30": "", "2011-03-31": "", "2010-12-31": "", "2010-09-30": "", "2010-06-30": "", "2010-03-31": "", "2009-12-31": "", "2009-09-30": "", "2009-06-30": "", "2009-03-31": "", "2008-12-31": "", "2008-09-30": "", "2008-06-30": "", "2008-03-31": "", "2007-12-31": "", "2007-09-30": "", "2007-06-30": "", "2007-03-31": "", "2006-12-31": "", "2006-09-30": "", "2006-06-30": "", "2006-03-31": "", "2005-12-31": "", "2005-09-30": "", "2005-06-30": "", "2005-03-31": ""}, "Share Holder Equity": {"2020-12-31": "7886.00000", "2020-09-30": "7668.00000", "2020-06-30": "7575.00000", "2020-03-31": "7472.00000", "2019-12-31": "7353.00000", "2019-09-30": "7509.00000", "2019-06-30": "7599.00000", "2019-03-31": "7588.00000", "2018-12-31": "7578.00000", "2018-09-30": "7553.00000", "2018-06-30": "7621.00000", "2018-03-31": "7644.00000", "2017-12-31": "7679.00000", "2017-09-30": "7761.00000", "2017-06-30": "7749.00000", "2017-03-31": "7730.00000", "2016-12-31": "7634.00000", "2016-09-30": "7679.30700", "2016-06-30": "7626.38300", "2016-03-31": "7625.73700", "2015-12-31": "7507.51900", "2015-09-30": "7638.09500", "2015-06-30": "7530.17500", "2015-03-31": "7454.29800", "2014-12-31": "7369.53000", "2014-09-30": "7322.15900", "2014-06-30": "6700.09000", "2014-03-31": "6586.21600", "2013-12-31": "6464.56300", "2013-09-30": "6332.80900", "2013-06-30": "6860.33200", "2013-03-31": "6350.65300", "2012-12-31": "6048.64100", "2012-09-30": "5918.25500", "2012-06-30": "6489.36300", "2012-03-31": "6386.77800", "2011-12-31": "6983.22800", "2011-09-30": "6918.91700", "2011-06-30": "6913.09100", "2011-03-31": "6744.58700", "2010-12-31": "6647.21400", "2010-09-30": "6494.59100", "2010-06-30": "6421.10200", "2010-03-31": "5856.91200", "2009-12-31": "5710.25700", "2009-09-30": "5694.24100", "2009-06-30": "5754.69500", "2009-03-31": "5579.83400", "2008-12-31": "6529.01600", "2008-09-30": "5596.31500", "2008-06-30": "5299.05800", "2008-03-31": "5358.21400", "2007-12-31": "5292.80000", "2007-09-30": "5256.98000", "2007-06-30": "5224.70200", "2007-03-31": "5261.17000", "2006-12-31": "4987.02300", "2006-09-30": "4643.16600", "2006-06-30": "4447.33000", "2006-03-31": "4343.81600", "2005-12-31": "4237.26400", "2005-09-30": "2999.17300", "2005-06-30": "2937.90800", "2005-03-31": "2821.76600"}, "Total Liabilities And Share Holders Equity": {"2020-12-31": "81476.00000", "2020-09-30": "78357.00000", "2020-06-30": "76447.00000", "2020-03-31": "71467.00000", "2019-12-31": "69172.00000", "2019-09-30": "70361.00000", "2019-06-30": "70065.00000", "2019-03-31": "69195.00000", "2018-12-31": "68746.00000", "2018-09-30": "66731.00000", "2018-06-30": "66457.00000", "2018-03-31": "66481.00000", "2017-12-31": "66288.00000", "2017-09-30": "65564.00000", "2017-06-30": "65446.00000", "2017-03-31": "65463.00000", "2016-12-31": "63239.00000", "2016-09-30": "61038.86000", "2016-06-30": "59642.99000", "2016-03-31": "59179.91000", "2015-12-31": "59664.54000", "2015-09-30": "58410.93000", "2015-06-30": "58365.46000", "2015-03-31": "57555.93000", "2014-12-31": "57208.88000", "2014-09-30": "55458.87000", "2014-06-30": "55111.27000", "2014-03-31": "56080.84000", "2013-12-31": "56031.13000", "2013-09-30": "55188.31000", "2013-06-30": "54904.54000", "2013-03-31": "54110.56000", "2012-12-31": "55511.92000", "2012-09-30": "53087.00000", "2012-06-30": "53407.01000", "2012-03-31": "52896.31000", "2011-12-31": "53149.11000", "2011-09-30": "51531.32000", "2011-06-30": "51361.41000", "2011-03-31": "50807.71000", "2010-12-31": "51034.89000", "2010-09-30": "51047.78000", "2010-06-30": "52147.30000", "2010-03-31": "51712.98000", "2009-12-31": "51123.01000", "2009-09-30": "53298.15000", "2009-06-30": "52767.95000", "2009-03-31": "54545.01000", "2008-12-31": "55092.79000", "2008-09-30": "53974.17000", "2008-06-30": "54630.88000", "2008-03-31": "53408.29000", "2007-12-31": "52947.41000", "2007-09-30": "50044.69000", "2007-06-30": "48691.45000", "2007-03-31": "48558.87000", "2006-12-31": "46970.23000", "2006-09-30": "45777.75000", "2006-06-30": "45142.09000", "2006-03-31": "43318.03000", "2005-12-31": "42779.64000", "2005-09-30": "33422.70000", "2005-06-30": "32875.29000", "2005-03-31": "31883.49000"}}, "cash flow statement": {"Net Income/Loss": {"2020-12-31": "0.00000", "2019-12-31": "816.00000", "2018-12-31": "884.00000", "2017-12-31": "592.00000", "2016-12-31": "469.00000", "2015-12-31": "309.00000", "2014-12-31": "398.46200", "2013-12-31": "263.45500", "2012-12-31": "348.15000", "2011-12-31": "322.69000", "2010-12-31": "-296.34900", "2009-12-31": "-1221.67700", "2008-12-31": "-271.33300", "2007-12-31": "501.76100", "2006-12-31": "583.12500", "2005-12-31": "480.12100"}, "Total Depreciation And Amortization - Cash Flow": {"2020-12-31": "", "2019-12-31": "188.00000", "2018-12-31": "193.00000", "2017-12-31": "179.00000", "2016-12-31": "123.00000", "2015-12-31": "86.00000", "2014-12-31": "57.69100", "2013-12-31": "295.75000", "2012-12-31": "291.73000", "2011-12-31": "276.17100", "2010-12-31": "372.75400", "2009-12-31": "213.04000", "2008-12-31": "140.20100", "2007-12-31": "283.18100", "2006-12-31": "126.35200", "2005-12-31": "100.66700"}, "Other Non-Cash Items": {"2020-12-31": "", "2019-12-31": "64.00000", "2018-12-31": "-14.00000", "2017-12-31": "196.00000", "2016-12-31": "94.00000", "2015-12-31": "156.00000", "2014-12-31": "-46.77000", "2013-12-31": "-41.26700", "2012-12-31": "28.40200", "2011-12-31": "239.52600", "2010-12-31": "1014.45400", "2009-12-31": "2610.92700", "2008-12-31": "1138.40300", "2007-12-31": "-5.39800", "2006-12-31": "86.46200", "2005-12-31": "13.21100"}, "Total Non-Cash Items": {"2020-12-31": "", "2019-12-31": "252.00000", "2018-12-31": "179.00000", "2017-12-31": "375.00000", "2016-12-31": "217.00000", "2015-12-31": "242.00000", "2014-12-31": "10.92100", "2013-12-31": "254.48300", "2012-12-31": "320.13200", "2011-12-31": "515.69700", "2010-12-31": "1387.20800", "2009-12-31": "2823.96700", "2008-12-31": "1278.60400", "2007-12-31": "277.78300", "2006-12-31": "212.81400", "2005-12-31": "113.87800"}, "Change In Accounts Receivable": {"2020-12-31": "", "2019-12-31": "-84.00000", "2018-12-31": "9.00000", "2017-12-31": "97.00000", "2016-12-31": "1.00000", "2015-12-31": "-6.00000", "2014-12-31": "38.61000", "2013-12-31": "75.05800", "2012-12-31": "-31.44500", "2011-12-31": "50.69600", "2010-12-31": "-32.95300", "2009-12-31": "-0.39600", "2008-12-31": "-9.29100", "2007-12-31": "-92.27800", "2006-12-31": "-38.07700", "2005-12-31": "2.92400"}, "Change In Inventories": {"2020-12-31": "", "2019-12-31": "-76.00000", "2018-12-31": "42.00000", "2017-12-31": "-33.00000", "2016-12-31": "-67.00000", "2015-12-31": "22.00000", "2014-12-31": "-36.04500", "2013-12-31": "-6.28600", "2012-12-31": "11.98300", "2011-12-31": "8.39400", "2010-12-31": "-25.12400", "2009-12-31": "18.52100", "2008-12-31": "-12.11400", "2007-12-31": "41.58700", "2006-12-31": "38.12600", "2005-12-31": "188.50800"}, "Change In Accounts Payable": {"2020-12-31": "", "2019-12-31": "", "2018-12-31": "", "2017-12-31": "", "2016-12-31": "", "2015-12-31": "", "2014-12-31": "", "2013-12-31": "", "2012-12-31": "", "2011-12-31": "", "2010-12-31": "", "2009-12-31": "", "2008-12-31": "", "2007-12-31": "-3.57600", "2006-12-31": "31.02000", "2005-12-31": "10.08500"}, "Change In Assets/Liabilities": {"2020-12-31": "", "2019-12-31": "-193.00000", "2018-12-31": "88.00000", "2017-12-31": "-60.00000", "2016-12-31": "-9.00000", "2015-12-31": "-73.00000", "2014-12-31": "-8.32000", "2013-12-31": "253.62000", "2012-12-31": "99.21100", "2011-12-31": "172.96200", "2010-12-31": "472.45800", "2009-12-31": "-569.87600", "2008-12-31": "209.96100", "2007-12-31": "8.08400", "2006-12-31": "176.81400", "2005-12-31": "-52.31900"}, "Total Change In Assets/Liabilities": {"2020-12-31": "", "2019-12-31": "-353.00000", "2018-12-31": "139.00000", "2017-12-31": "4.00000", "2016-12-31": "-75.00000", "2015-12-31": "-57.00000", "2014-12-31": "-5.75500", "2013-12-31": "322.39200", "2012-12-31": "79.74900", "2011-12-31": "232.05200", "2010-12-31": "414.38100", "2009-12-31": "-551.75100", "2008-12-31": "188.55600", "2007-12-31": "-26.00700", "2006-12-31": "235.18800", "2005-12-31": "164.80900"}, "Cash Flow From Operating Activities": {"2020-12-31": "", "2019-12-31": "697.00000", "2018-12-31": "1176.00000", "2017-12-31": "928.00000", "2016-12-31": "596.00000", "2015-12-31": "464.00000", "2014-12-31": "380.34100", "2013-12-31": "835.10700", "2012-12-31": "736.19500", "2011-12-31": "1068.74800", "2010-12-31": "1471.63000", "2009-12-31": "1058.46400", "2008-12-31": "1184.54200", "2007-12-31": "732.90000", "2006-12-31": "1039.28200", "2005-12-31": "754.19400"}, "Net Change In Property, Plant, And Equipment": {"2020-12-31": "", "2019-12-31": "-117.00000", "2018-12-31": "-129.00000", "2017-12-31": "-169.00000", "2016-12-31": "-196.00000", "2015-12-31": "-157.00000", "2014-12-31": "-175.79900", "2013-12-31": "-88.58000", "2012-12-31": "-68.89400", "2011-12-31": "-77.66900", "2010-12-31": "-79.07100", "2009-12-31": "-97.13500", "2008-12-31": "-102.01600", "2007-12-31": "-91.08600", "2006-12-31": "-118.80000", "2005-12-31": "-62.66400"}, "Net Change In Intangible Assets": {"2020-12-31": "", "2019-12-31": "", "2018-12-31": "", "2017-12-31": "", "2016-12-31": "", "2015-12-31": "", "2014-12-31": "", "2013-12-31": "", "2012-12-31": "", "2011-12-31": "", "2010-12-31": "", "2009-12-31": "", "2008-12-31": "", "2007-12-31": "", "2006-12-31": "", "2005-12-31": ""}, "Net Acquisitions/Divestitures": {"2020-12-31": "", "2019-12-31": "", "2018-12-31": "", "2017-12-31": "", "2016-12-31": "", "2015-12-31": "", "2014-12-31": "", "2013-12-31": "", "2012-12-31": "-19.90100", "2011-12-31": "", "2010-12-31": "21.14900", "2009-12-31": "452.19200", "2008-12-31": "688.94000", "2007-12-31": "45.43200", "2006-12-31": "-13.14500", "2005-12-31": "-189.71800"}, "Net Change In Short-term Investments": {"2020-12-31": "", "2019-12-31": "852.00000", "2018-12-31": "-784.00000", "2017-12-31": "683.00000", "2016-12-31": "4749.00000", "2015-12-31": "1837.00000", "2014-12-31": "-105.06600", "2013-12-31": "295.64000", "2012-12-31": "-1631.27800", "2011-12-31": "-2416.74100", "2010-12-31": "-3974.80800", "2009-12-31": "1975.10700", "2008-12-31": "-1202.70900", "2007-12-31": "-829.63200", "2006-12-31": "297.46600", "2005-12-31": "89.27300"}, "Net Change In Long-Term Investments": {"2020-12-31": "", "2019-12-31": "1595.00000", "2018-12-31": "144.00000", "2017-12-31": "-2314.00000", "2016-12-31": "-5914.00000", "2015-12-31": "-3739.00000", "2014-12-31": "-71.49810", "2013-12-31": "-246.08400", "2012-12-31": "321.50100", "2011-12-31": "816.46190", "2010-12-31": "-535.61290", "2009-12-31": "-520.15000", "2008-12-31": "834.32690", "2007-12-31": "-351.59810", "2006-12-31": "200.58010", "2005-12-31": "133.50200"}, "Net Change In Investments - Total": {"2020-12-31": "", "2019-12-31": "2447.00000", "2018-12-31": "-640.00000", "2017-12-31": "-1631.00000", "2016-12-31": "-1165.00000", "2015-12-31": "-1902.00000", "2014-12-31": "-176.56410", "2013-12-31": "49.55600", "2012-12-31": "-1309.77700", "2011-12-31": "-1600.27900", "2010-12-31": "-4510.42100", "2009-12-31": "1454.95700", "2008-12-31": "-368.38210", "2007-12-31": "-1181.23000", "2006-12-31": "498.04610", "2005-12-31": "222.77500"}, "Investing Activities - Other": {"2020-12-31": "", "2019-12-31": "-1955.00000", "2018-12-31": "-1937.00000", "2017-12-31": "-2119.00000", "2016-12-31": "-2075.00000", "2015-12-31": "-520.00000", "2014-12-31": "-916.19900", "2013-12-31": "-1313.97100", "2012-12-31": "-480.97000", "2011-12-31": "-786.17700", "2010-12-31": "2632.01000", "2009-12-31": "1832.28700", "2008-12-31": "-3301.39900", "2007-12-31": "-3829.40900", "2006-12-31": "-4597.40400", "2005-12-31": "-2401.94100"}, "Cash Flow From Investing Activities": {"2020-12-31": "", "2019-12-31": "375.00000", "2018-12-31": "-2706.00000", "2017-12-31": "-3919.00000", "2016-12-31": "-3436.00000", "2015-12-31": "-2579.00000", "2014-12-31": "-1268.56200", "2013-12-31": "-1352.99500", "2012-12-31": "-1879.54200", "2011-12-31": "-2464.12500", "2010-12-31": "-1936.33300", "2009-12-31": "3642.30100", "2008-12-31": "-3082.85700", "2007-12-31": "-5056.29300", "2006-12-31": "-4231.30300", "2005-12-31": "-2431.54800"}, "Net Long-Term Debt": {"2020-12-31": "", "2019-12-31": "992.00000", "2018-12-31": "335.00000", "2017-12-31": "-153.00000", "2016-12-31": "-280.00000", "2015-12-31": "-288.00000", "2014-12-31": "-1223.27500", "2013-12-31": "-185.71400", "2012-12-31": "384.71900", "2011-12-31": "97.40200", "2010-12-31": "76.85500", "2009-12-31": "295.49100", "2008-12-31": "-127.97500", "2007-12-31": "11.88600", "2006-12-31": "-232.39300", "2005-12-31": "596.15090"}, "Net Current Debt": {"2020-12-31": "", "2019-12-31": "-3600.00000", "2018-12-31": "677.00000", "2017-12-31": "4149.00000", "2016-12-31": "480.00000", "2015-12-31": "103.00000", "2014-12-31": "-96.12500", "2013-12-31": "-12.27400", "2012-12-31": "-370.26400", "2011-12-31": "-208.54100", "2010-12-31": "-19.54100", "2009-12-31": "-3243.87300", "2008-12-31": "-3509.30000", "2007-12-31": "3743.29200", "2006-12-31": "1182.42500", "2005-12-31": "-933.19100"}, "Debt Issuance/Retirement Net - Total": {"2020-12-31": "", "2019-12-31": "-2608.00000", "2018-12-31": "1012.00000", "2017-12-31": "3996.00000", "2016-12-31": "200.00000", "2015-12-31": "-185.00000", "2014-12-31": "-1319.40000", "2013-12-31": "-197.98800", "2012-12-31": "14.45500", "2011-12-31": "-111.13900", "2010-12-31": "57.31400", "2009-12-31": "-2948.38200", "2008-12-31": "-3637.27500", "2007-12-31": "3755.17800", "2006-12-31": "950.03210", "2005-12-31": "-337.04000"}, "Net Common Equity Issued/Repurchased": {"2020-12-31": "", "2019-12-31": "-1088.00000", "2018-12-31": "-652.00000", "2017-12-31": "-296.00000", "2016-12-31": "-72.00000", "2015-12-31": "15.00000", "2014-12-31": "520.84900", "2013-12-31": "", "2012-12-31": "", "2011-12-31": "", "2010-12-31": "", "2009-12-31": "", "2008-12-31": "", "2007-12-31": "-262.55200", "2006-12-31": "53.02800", "2005-12-31": "8.58900"}, "Net Total Equity Issued/Repurchased": {"2020-12-31": "", "2019-12-31": "-1088.00000", "2018-12-31": "-652.00000", "2017-12-31": "-440.00000", "2016-12-31": "-198.00000", "2015-12-31": "-161.00000", "2014-12-31": "520.84900", "2013-12-31": "-5.32500", "2012-12-31": "-1399.26000", "2011-12-31": "25.68600", "2010-12-31": "977.14500", "2009-12-31": "416.94400", "2008-12-31": "1692.90700", "2007-12-31": "-262.55200", "2006-12-31": "288.86100", "2005-12-31": "8.58900"}, "Total Common And Preferred Stock Dividends Paid": {"2020-12-31": "", "2019-12-31": "-260.00000", "2018-12-31": "-236.00000", "2017-12-31": "-129.00000", "2016-12-31": "-108.00000", "2015-12-31": "-108.00000", "2014-12-31": "-96.13000", "2013-12-31": "-119.66000", "2012-12-31": "-133.58100", "2011-12-31": "-156.13500", "2010-12-31": "-109.31600", "2009-12-31": "-96.27100", "2008-12-31": "-195.67900", "2007-12-31": "-195.65000", "2006-12-31": "-160.82100", "2005-12-31": "-130.30000"}, "Financial Activities - Other": {"2020-12-31": "", "2019-12-31": "2975.00000", "2018-12-31": "1472.00000", "2017-12-31": "-625.00000", "2016-12-31": "2885.00000", "2015-12-31": "2525.00000", "2014-12-31": "1451.78700", "2013-12-31": "172.64100", "2012-12-31": "3279.29000", "2011-12-31": "1937.18900", "2010-12-31": "-906.50300", "2009-12-31": "-2178.84300", "2008-12-31": "3659.18300", "2007-12-31": "942.76200", "2006-12-31": "2346.16900", "2005-12-31": "2991.69700"}, "Cash Flow From Financial Activities": {"2020-12-31": "", "2019-12-31": "-981.00000", "2018-12-31": "1596.00000", "2017-12-31": "2802.00000", "2016-12-31": "2779.00000", "2015-12-31": "2071.00000", "2014-12-31": "557.10600", "2013-12-31": "-150.33200", "2012-12-31": "1760.90400", "2011-12-31": "1695.60100", "2010-12-31": "18.64000", "2009-12-31": "-4806.55200", "2008-12-31": "1519.13600", "2007-12-31": "4239.73800", "2006-12-31": "3424.24100", "2005-12-31": "2532.94600"}, "Net Cash Flow": {"2020-12-31": "", "2019-12-31": "91.00000", "2018-12-31": "66.00000", "2017-12-31": "-189.00000", "2016-12-31": "-61.00000", "2015-12-31": "-44.00000", "2014-12-31": "-331.11500", "2013-12-31": "-668.22000", "2012-12-31": "617.55700", "2011-12-31": "300.22400", "2010-12-31": "-446.06300", "2009-12-31": "-105.78700", "2008-12-31": "-379.17900", "2007-12-31": "-83.65500", "2006-12-31": "232.22000", "2005-12-31": "855.59200"}, "Stock-Based Compensation": {"2020-12-31": "", "2019-12-31": "27.00000", "2018-12-31": "26.00000", "2017-12-31": "25.00000", "2016-12-31": "26.00000", "2015-12-31": "25.00000", "2014-12-31": "", "2013-12-31": "", "2012-12-31": "", "2011-12-31": "", "2010-12-31": "", "2009-12-31": "", "2008-12-31": "", "2007-12-31": "28.27400", "2006-12-31": "24.35800", "2005-12-31": ""}, "Common Stock Dividends Paid": {"2020-12-31": "", "2019-12-31": "-260.00000", "2018-12-31": "-236.00000", "2017-12-31": "-129.00000", "2016-12-31": "-108.00000", "2015-12-31": "-108.00000", "2014-12-31": "-96.13000", "2013-12-31": "-119.66000", "2012-12-31": "-133.58100", "2011-12-31": "-156.13500", "2010-12-31": "-109.31600", "2009-12-31": "-96.27100", "2008-12-31": "-195.67900", "2007-12-31": "-181.32700", "2006-12-31": "-156.98600", "2005-12-31": "-130.30000"}}, "cash flow statement, quarterly": {"Net Income/Loss": {"2020-12-31": -255, "2020-09-30": 175, "2020-06-30": 66, "2020-03-31": "14.00000", "2019-12-31": 183, "2019-09-30": 222, "2019-06-30": 198, "2019-03-31": "213.00000", "2018-12-31": 226, "2018-09-30": 223, "2018-06-30": 197, "2018-03-31": "238.00000", "2017-12-31": 123, "2017-09-30": 161, "2017-06-30": 169, "2017-03-31": "139.00000", "2016-12-31": 137, "2016-09-30": 128, "2016-06-30": 113, "2016-03-31": "91.00000", "2015-12-31": 102.016, "2015-09-30": 100.999, "2015-06-30": 13.96, "2015-03-31": "92.02500", "2014-12-31": 81.814, "2014-09-30": 95.888, "2014-06-30": 119.55, "2014-03-31": "101.21000", "2013-12-31": -41.472, "2013-09-30": 111.514, "2013-06-30": 83.026, "2013-03-31": "110.38700", "2012-12-31": 57.686, "2012-09-30": 109.597, "2012-06-30": 91.464, "2012-03-31": "89.40300", "2011-12-31": 88.771, "2011-09-30": 108.718, "2011-06-30": 72.61, "2011-03-31": "52.59100", "2010-12-31": -72.394, "2010-09-30": -47.457, "2010-06-30": -113.361, "2010-03-31": "-63.13700", "2009-12-31": -185.487, "2009-09-30": -157.671, "2009-06-30": -51.938, "2009-03-31": "-826.58100", "2008-12-31": -484.496, "2008-09-30": 41.517, "2008-06-30": 66.469, "2008-03-31": "105.17700", "2007-12-31": 53.557, "2007-09-30": 135.732, "2007-06-30": 159.214, "2007-03-31": "153.25800", "2006-12-31": 146.508, "2006-09-30": 153.674, "2006-06-30": 145.31, "2006-03-31": "137.63300", "2005-12-31": 128.107, "2005-09-30": 122.97, "2005-06-30": 118.81, "2005-03-31": "110.23400"}, "Total Depreciation And Amortization - Cash Flow": {"2020-12-31": -75, "2020-09-30": 12, "2020-06-30": 18, "2020-03-31": "45.00000", "2019-12-31": 45, "2019-09-30": 50, "2019-06-30": 49, "2019-03-31": "44.00000", "2018-12-31": 52, "2018-09-30": 49, "2018-06-30": 49, "2018-03-31": "43.00000", "2017-12-31": 48, "2017-09-30": 47, "2017-06-30": 47, "2017-03-31": "37.00000", "2016-12-31": 35, "2016-09-30": 34, "2016-06-30": 29, "2016-03-31": "25.00000", "2015-12-31": -23.563, "2015-09-30": 40.281, "2015-06-30": 35.113, "2015-03-31": "34.16900", "2014-12-31": -39.723, "2014-09-30": 33.86, "2014-06-30": 31.15, "2014-03-31": "32.40400", "2013-12-31": 192.89, "2013-09-30": 42.667, "2013-06-30": 21.935, "2013-03-31": "38.25800", "2012-12-31": 124.611, "2012-09-30": 47.81, "2012-06-30": 62.166, "2012-03-31": "57.14300", "2011-12-31": 28.287, "2011-09-30": 52.288, "2011-06-30": 105.79, "2011-03-31": "89.80600", "2010-12-31": 164.75, "2010-09-30": 65.488, "2010-06-30": 96.262, "2010-03-31": "46.25400", "2009-12-31": 52.073, "2009-09-30": 87.85, "2009-06-30": 36.721, "2009-03-31": "36.39600", "2008-12-31": -76.636, "2008-09-30": 152.658, "2008-06-30": 35.565, "2008-03-31": "28.61400", "2007-12-31": 189.208, "2007-09-30": 31.326, "2007-06-30": 32.042, "2007-03-31": "30.60500", "2006-12-31": 34.115, "2006-09-30": 27.882, "2006-06-30": 32.343, "2006-03-31": "32.01200", "2005-12-31": 29.391, "2005-09-30": 24.779, "2005-06-30": 23.95, "2005-03-31": "22.54700"}, "Other Non-Cash Items": {"2020-12-31": -406, "2020-09-30": 56, "2020-06-30": 125, "2020-03-31": "225.00000", "2019-12-31": 8, "2019-09-30": 10, "2019-06-30": 13, "2019-03-31": "33.00000", "2018-12-31": 14, "2018-09-30": -13, "2018-06-30": 6, "2018-03-31": "-21.00000", "2017-12-31": 142, "2017-09-30": 1, "2017-06-30": 10, "2017-03-31": "43.00000", "2016-12-31": -1, "2016-09-30": 23, "2016-06-30": 30, "2016-03-31": "42.00000", "2015-12-31": 50.681, "2015-09-30": 9.716, "2015-06-30": 92.245, "2015-03-31": "3.35800", "2014-12-31": 28.476, "2014-09-30": -9.455, "2014-06-30": -111.56, "2014-03-31": "45.76900", "2013-12-31": -21.352, "2013-09-30": -12.189, "2013-06-30": 19.563, "2013-03-31": "-27.28900", "2012-12-31": -59.07, "2012-09-30": 9.878, "2012-06-30": 27.908, "2012-03-31": "49.68600", "2011-12-31": -23.237, "2011-09-30": 82.798, "2011-06-30": 52.86, "2011-03-31": "127.10500", "2010-12-31": 270.105, "2010-09-30": 221.619, "2010-06-30": 269.557, "2010-03-31": "253.17300", "2009-12-31": 607.22, "2009-09-30": 510.849, "2009-06-30": 399.778, "2009-03-31": "1093.08000", "2008-12-31": 877.616, "2008-09-30": 22.24, "2008-06-30": 132.701, "2008-03-31": "105.84600", "2007-12-31": -30.145, "2007-09-30": 27.191, "2007-06-30": 20.13, "2007-03-31": "-22.57400", "2006-12-31": 46.465, "2006-09-30": 14.189, "2006-06-30": 20.41, "2006-03-31": "5.39800", "2005-12-31": 13.341, "2005-09-30": 0.602, "2005-06-30": 1.317, "2005-03-31": "-2.04900"}, "Total Non-Cash Items": {"2020-12-31": -481, "2020-09-30": 68, "2020-06-30": 143, "2020-03-31": "270.00000", "2019-12-31": 53, "2019-09-30": 60, "2019-06-30": 62, "2019-03-31": "77.00000", "2018-12-31": 66, "2018-09-30": 36, "2018-06-30": 55, "2018-03-31": "22.00000", "2017-12-31": 190, "2017-09-30": 48, "2017-06-30": 57, "2017-03-31": "80.00000", "2016-12-31": 34, "2016-09-30": 57, "2016-06-30": 59, "2016-03-31": "67.00000", "2015-12-31": 27.118, "2015-09-30": 49.997, "2015-06-30": 127.358, "2015-03-31": "37.52700", "2014-12-31": -11.247, "2014-09-30": 24.405, "2014-06-30": -80.41, "2014-03-31": "78.17300", "2013-12-31": 171.538, "2013-09-30": 30.478, "2013-06-30": 41.498, "2013-03-31": "10.96900", "2012-12-31": 65.541, "2012-09-30": 57.688, "2012-06-30": 90.074, "2012-03-31": "106.82900", "2011-12-31": 5.05, "2011-09-30": 135.086, "2011-06-30": 158.65, "2011-03-31": "216.91100", "2010-12-31": 434.855, "2010-09-30": 287.107, "2010-06-30": 365.819, "2010-03-31": "299.42700", "2009-12-31": 659.293, "2009-09-30": 598.699, "2009-06-30": 436.499, "2009-03-31": "1129.47600", "2008-12-31": 800.98, "2008-09-30": 174.898, "2008-06-30": 168.266, "2008-03-31": "134.46000", "2007-12-31": 159.063, "2007-09-30": 58.517, "2007-06-30": 52.172, "2007-03-31": "8.03100", "2006-12-31": 80.58, "2006-09-30": 42.071, "2006-06-30": 52.753, "2006-03-31": "37.41000", "2005-12-31": 42.732, "2005-09-30": 25.381, "2005-06-30": 25.267, "2005-03-31": "20.49800"}, "Change In Accounts Receivable": {"2020-12-31": 2, "2020-09-30": 11, "2020-06-30": 5, "2020-03-31": "-18.00000", "2019-12-31": -7, "2019-09-30": -38, "2019-06-30": -38, "2019-03-31": "-1.00000", "2018-12-31": 41, "2018-09-30": 2, "2018-06-30": -1, "2018-03-31": "-33.00000", "2017-12-31": 26, "2017-09-30": -18, "2017-06-30": 53, "2017-03-31": "36.00000", "2016-12-31": 10, "2016-09-30": -12, "2016-06-30": -36, "2016-03-31": "39.00000", "2015-12-31": -9.263, "2015-09-30": 23.314, "2015-06-30": -23.568, "2015-03-31": "3.51700", "2014-12-31": -22.164, "2014-09-30": 53.82, "2014-06-30": -38.03, "2014-03-31": "44.98400", "2013-12-31": -98.084, "2013-09-30": 49.696, "2013-06-30": 33.45, "2013-03-31": "89.99600", "2012-12-31": -25.597, "2012-09-30": -77.225, "2012-06-30": 50.464, "2012-03-31": "20.91300", "2011-12-31": -40.053, "2011-09-30": 21.237, "2011-06-30": 41.041, "2011-03-31": "28.47100", "2010-12-31": -20.217, "2010-09-30": -23.475, "2010-06-30": -14.242, "2010-03-31": "24.98100", "2009-12-31": 0.811, "2009-09-30": 23.1791, "2009-06-30": 20.6619, "2009-03-31": "-45.04800", "2008-12-31": -66.798, "2008-09-30": 14.974, "2008-06-30": 46.425, "2008-03-31": "-3.89200", "2007-12-31": -31.695, "2007-09-30": -18.518, "2007-06-30": 4.996, "2007-03-31": "-47.06100", "2006-12-31": 2.851, "2006-09-30": -36.758, "2006-06-30": 47.366, "2006-03-31": "-51.53600", "2005-12-31": 20.655, "2005-09-30": 8.452, "2005-06-30": -33.956, "2005-03-31": "7.77300"}, "Change In Inventories": {"2020-12-31": 16, "2020-09-30": -38, "2020-06-30": 0, "2020-03-31": "22.00000", "2019-12-31": 98, "2019-09-30": -132, "2019-06-30": 168, "2019-03-31": "-210.00000", "2018-12-31": 70, "2018-09-30": 31, "2018-06-30": -63, "2018-03-31": "4.00000", "2017-12-31": -92, "2017-09-30": 5, "2017-06-30": -22, "2017-03-31": "76.00000", "2016-12-31": -7, "2016-09-30": 11, "2016-06-30": -53, "2016-03-31": "-18.00000", "2015-12-31": 24.95, "2015-09-30": 0.97, "2015-06-30": -2.899, "2015-03-31": "-1.02100", "2014-12-31": -15.177, "2014-09-30": 1.241, "2014-06-30": -0.247, "2014-03-31": "-21.86200", "2013-12-31": 3.719, "2013-09-30": -11.876, "2013-06-30": 1.882, "2013-03-31": "-0.01100", "2012-12-31": -14.327, "2012-09-30": 6.576, "2012-06-30": -1.506, "2012-03-31": "21.24000", "2011-12-31": 9.509, "2011-09-30": 1.37, "2011-06-30": 5.397, "2011-03-31": "-7.88200", "2010-12-31": -5.856, "2010-09-30": 42.896, "2010-06-30": -35.009, "2010-03-31": "-27.15500", "2009-12-31": 53.166, "2009-09-30": 1.899, "2009-06-30": -13.41, "2009-03-31": "-23.13400", "2008-12-31": 3.705, "2008-09-30": 5.901, "2008-06-30": -10.863, "2008-03-31": "-10.85700", "2007-12-31": -6.355, "2007-09-30": 7.314, "2007-06-30": 9.63, "2007-03-31": "30.99800", "2006-12-31": 29.179, "2006-09-30": -21.969, "2006-06-30": 81.278, "2006-03-31": "-50.36200", "2005-12-31": 250.497, "2005-09-30": -69.977, "2005-06-30": 21.387, "2005-03-31": "-13.39900"}, "Change In Accounts Payable": {"2020-12-31": 0, "2020-09-30": 0, "2020-06-30": 0, "2020-03-31": "", "2019-12-31": 0, "2019-09-30": 0, "2019-06-30": 0, "2019-03-31": "", "2018-12-31": 0, "2018-09-30": 0, "2018-06-30": 0, "2018-03-31": "", "2017-12-31": 0, "2017-09-30": 0, "2017-06-30": 0, "2017-03-31": "", "2016-12-31": 0, "2016-09-30": 0, "2016-06-30": 0, "2016-03-31": "", "2015-12-31": 0, "2015-09-30": 0, "2015-06-30": 0, "2015-03-31": "", "2014-12-31": 0, "2014-09-30": 0, "2014-06-30": 0, "2014-03-31": "", "2013-12-31": 0, "2013-09-30": 0, "2013-06-30": 0, "2013-03-31": "", "2012-12-31": 0, "2012-09-30": 0, "2012-06-30": 0, "2012-03-31": "", "2011-12-31": 0, "2011-09-30": 0, "2011-06-30": 0, "2011-03-31": "", "2010-12-31": 0, "2010-09-30": 0, "2010-06-30": 0, "2010-03-31": "", "2009-12-31": 0, "2009-09-30": 26.692, "2009-06-30": -21.657, "2009-03-31": "-5.03500", "2008-12-31": 10.016, "2008-09-30": 1.308, "2008-06-30": -14.428, "2008-03-31": "3.10400", "2007-12-31": -6.316, "2007-09-30": 4.911, "2007-06-30": -5.052, "2007-03-31": "2.88100", "2006-12-31": -1.765, "2006-09-30": 20.402, "2006-06-30": -1.68, "2006-03-31": "14.06300", "2005-12-31": 0.578, "2005-09-30": 7.308, "2005-06-30": -3.932, "2005-03-31": "6.13100"}, "Change In Assets/Liabilities": {"2020-12-31": 154, "2020-09-30": -58, "2020-06-30": 37, "2020-03-31": "-133.00000", "2019-12-31": 19, "2019-09-30": 27, "2019-06-30": -126, "2019-03-31": "-113.00000", "2018-12-31": -44, "2018-09-30": 99, "2018-06-30": -19, "2018-03-31": "52.00000", "2017-12-31": -114, "2017-09-30": 42, "2017-06-30": -51, "2017-03-31": "63.00000", "2016-12-31": -2, "2016-09-30": 48, "2016-06-30": -80, "2016-03-31": "25.00000", "2015-12-31": -56.271, "2015-09-30": 52.703, "2015-06-30": -29.75, "2015-03-31": "-39.68200", "2014-12-31": 24.999, "2014-09-30": 38.658, "2014-06-30": 2.593, "2014-03-31": "-74.57000", "2013-12-31": 27.655, "2013-09-30": 98.8, "2013-06-30": 124.062, "2013-03-31": "3.10300", "2012-12-31": 30.296, "2012-09-30": 10.622, "2012-06-30": 26.667, "2012-03-31": "31.62600", "2011-12-31": 171.138, "2011-09-30": -50.768, "2011-06-30": 71.262, "2011-03-31": "-18.67000", "2010-12-31": 4.918, "2010-09-30": 137.699, "2010-06-30": -110.307, "2010-03-31": "440.14800", "2009-12-31": -727.744, "2009-09-30": 174.395, "2009-06-30": -77.701, "2009-03-31": "61.17400", "2008-12-31": 87.736, "2008-09-30": 248.732, "2008-06-30": -138.851, "2008-03-31": "12.34400", "2007-12-31": 62.605, "2007-09-30": 8.321, "2007-06-30": 51.438, "2007-03-31": "-114.28000", "2006-12-31": 172.372, "2006-09-30": -11.754, "2006-06-30": -31.712, "2006-03-31": "47.90800", "2005-12-31": -33.377, "2005-09-30": -124.909, "2005-06-30": 40.334, "2005-03-31": "65.63300"}, "Total Change In Assets/Liabilities": {"2020-12-31": 172, "2020-09-30": -85, "2020-06-30": 42, "2020-03-31": "-129.00000", "2019-12-31": 110, "2019-09-30": -143, "2019-06-30": 4, "2019-03-31": "-324.00000", "2018-12-31": 67, "2018-09-30": 132, "2018-06-30": -83, "2018-03-31": "23.00000", "2017-12-31": -180, "2017-09-30": 29, "2017-06-30": -20, "2017-03-31": "175.00000", "2016-12-31": 1, "2016-09-30": 47, "2016-06-30": -169, "2016-03-31": "46.00000", "2015-12-31": -40.584, "2015-09-30": 76.987, "2015-06-30": -56.217, "2015-03-31": "-37.18600", "2014-12-31": -12.342, "2014-09-30": 93.719, "2014-06-30": -35.684, "2014-03-31": "-51.44800", "2013-12-31": -66.71, "2013-09-30": 136.62, "2013-06-30": 159.394, "2013-03-31": "93.08800", "2012-12-31": -9.628, "2012-09-30": -60.027, "2012-06-30": 75.625, "2012-03-31": "73.77900", "2011-12-31": 140.594, "2011-09-30": -28.161, "2011-06-30": 117.7, "2011-03-31": "1.91900", "2010-12-31": -21.155, "2010-09-30": 157.12, "2010-06-30": -159.558, "2010-03-31": "437.97400", "2009-12-31": -673.767, "2009-09-30": 293.5641, "2009-06-30": -164.9881, "2009-03-31": "-6.56000", "2008-12-31": 103.423, "2008-09-30": 279.776, "2008-06-30": -255.473, "2008-03-31": "60.83000", "2007-12-31": 9.633, "2007-09-30": 17.749, "2007-06-30": -25.048, "2007-03-31": "-28.34100", "2006-12-31": 187.465, "2006-09-30": -22.964, "2006-06-30": 36.512, "2006-03-31": "34.17500", "2005-12-31": 227.6, "2005-09-30": -158.495, "2005-06-30": -34.28, "2005-03-31": "129.98400"}, "Cash Flow From Operating Activities": {"2020-12-31": -548, "2020-09-30": 150, "2020-06-30": 245, "2020-03-31": "153.00000", "2019-12-31": 351, "2019-09-30": 126, "2019-06-30": 262, "2019-03-31": "-42.00000", "2018-12-31": 351, "2018-09-30": 387, "2018-06-30": 163, "2018-03-31": "275.00000", "2017-12-31": 125, "2017-09-30": 227, "2017-06-30": 196, "2017-03-31": "380.00000", "2016-12-31": 181, "2016-09-30": 213, "2016-06-30": -5, "2016-03-31": "207.00000", "2015-12-31": 77.63, "2015-09-30": 212.522, "2015-06-30": 85.031, "2015-03-31": "88.81700", "2014-12-31": 28.41, "2014-09-30": 208.267, "2014-06-30": 13.393, "2014-03-31": "130.27100", "2013-12-31": 72.307, "2013-09-30": 273.006, "2013-06-30": 287.503, "2013-03-31": "202.29100", "2012-12-31": 133.827, "2012-09-30": 93.566, "2012-06-30": 260.707, "2012-03-31": "248.09500", "2011-12-31": 237.397, "2011-09-30": 215.904, "2011-06-30": 346.226, "2011-03-31": "269.22100", "2010-12-31": 340.445, "2010-09-30": 372.628, "2010-06-30": 88.013, "2010-03-31": "670.54400", "2009-12-31": -203.593, "2009-09-30": 747.728, "2009-06-30": 228.313, "2009-03-31": "286.01600", "2008-12-31": 400.663, "2008-09-30": 495.299, "2008-06-30": -17.717, "2008-03-31": "306.29700", "2007-12-31": 220.449, "2007-09-30": 206.102, "2007-06-30": 179.085, "2007-03-31": "127.26400", "2006-12-31": 390.86, "2006-09-30": 189.951, "2006-06-30": 245.587, "2006-03-31": "212.88400", "2005-12-31": 393.921, "2005-09-30": -14.448, "2005-06-30": 113.399, "2005-03-31": "261.32200"}, "Net Change In Property, Plant, And Equipment": {"2020-12-31": 123, "2020-09-30": -41, "2020-06-30": -54, "2020-03-31": "-28.00000", "2019-12-31": -23, "2019-09-30": -34, "2019-06-30": -35, "2019-03-31": "-25.00000", "2018-12-31": -39, "2018-09-30": -36, "2018-06-30": -26, "2018-03-31": "-28.00000", "2017-12-31": -36, "2017-09-30": -39, "2017-06-30": -44, "2017-03-31": "-50.00000", "2016-12-31": -53, "2016-09-30": -51, "2016-06-30": -52, "2016-03-31": "-40.00000", "2015-12-31": -50.885, "2015-09-30": -38.747, "2015-06-30": -33.835, "2015-03-31": "-33.53300", "2014-12-31": -36.915, "2014-09-30": -26.153, "2014-06-30": -35.815, "2014-03-31": "-76.91600", "2013-12-31": -25.142, "2013-09-30": -20.905, "2013-06-30": -26.733, "2013-03-31": "-15.80000", "2012-12-31": -20.932, "2012-09-30": -15.145, "2012-06-30": -17.655, "2012-03-31": "-15.16200", "2011-12-31": -15.44, "2011-09-30": -22.749, "2011-06-30": -19.295, "2011-03-31": "-20.18500", "2010-12-31": -20.848, "2010-09-30": -25.636, "2010-06-30": -17.038, "2010-03-31": "-15.54900", "2009-12-31": -31.226, "2009-09-30": -12.962, "2009-06-30": -20.387, "2009-03-31": "-32.56000", "2008-12-31": -28.744, "2008-09-30": -37.893, "2008-06-30": -16.859, "2008-03-31": "-18.52000", "2007-12-31": -20.582, "2007-09-30": -25.371, "2007-06-30": -24.35, "2007-03-31": "-20.78300", "2006-12-31": -37.031, "2006-09-30": -31.941, "2006-06-30": -28.418, "2006-03-31": "-21.41000", "2005-12-31": -16.182, "2005-09-30": -15.719, "2005-06-30": -17.35, "2005-03-31": "-13.41300"}, "Net Change In Intangible Assets": {"2020-12-31": 0, "2020-09-30": 0, "2020-06-30": 0, "2020-03-31": "", "2019-12-31": 0, "2019-09-30": 0, "2019-06-30": 0, "2019-03-31": "", "2018-12-31": 0, "2018-09-30": 0, "2018-06-30": 0, "2018-03-31": "", "2017-12-31": 0, "2017-09-30": 0, "2017-06-30": 0, "2017-03-31": "", "2016-12-31": 0, "2016-09-30": 0, "2016-06-30": 0, "2016-03-31": "", "2015-12-31": 0, "2015-09-30": 0, "2015-06-30": 0, "2015-03-31": "", "2014-12-31": 0, "2014-09-30": 0, "2014-06-30": 0, "2014-03-31": "", "2013-12-31": 0, "2013-09-30": 0, "2013-06-30": 0, "2013-03-31": "", "2012-12-31": 0, "2012-09-30": 0, "2012-06-30": 0, "2012-03-31": "", "2011-12-31": 0, "2011-09-30": 0, "2011-06-30": 0, "2011-03-31": "", "2010-12-31": 0, "2010-09-30": 0, "2010-06-30": 0, "2010-03-31": "", "2009-12-31": 0, "2009-09-30": 0, "2009-06-30": 0, "2009-03-31": "", "2008-12-31": 0, "2008-09-30": 0, "2008-06-30": 0, "2008-03-31": "", "2007-12-31": 0, "2007-09-30": 0, "2007-06-30": 0, "2007-03-31": "", "2006-12-31": 0, "2006-09-30": 0, "2006-06-30": 0, "2006-03-31": "", "2005-12-31": 0, "2005-09-30": 0, "2005-06-30": 0, "2005-03-31": ""}, "Net Acquisitions/Divestitures": {"2020-12-31": 0, "2020-09-30": 0, "2020-06-30": 0, "2020-03-31": "", "2019-12-31": 0, "2019-09-30": 0, "2019-06-30": 0, "2019-03-31": "", "2018-12-31": 0, "2018-09-30": 0, "2018-06-30": 0, "2018-03-31": "", "2017-12-31": 0, "2017-09-30": 0, "2017-06-30": 0, "2017-03-31": "", "2016-12-31": 0, "2016-09-30": 0, "2016-06-30": 0, "2016-03-31": "", "2015-12-31": 0, "2015-09-30": 0, "2015-06-30": 0, "2015-03-31": "", "2014-12-31": 0, "2014-09-30": 0, "2014-06-30": 0, "2014-03-31": "", "2013-12-31": -3.786, "2013-09-30": 3.786, "2013-06-30": 0, "2013-03-31": "", "2012-12-31": 0, "2012-09-30": 2.667, "2012-06-30": 0, "2012-03-31": "-22.56800", "2011-12-31": 0, "2011-09-30": 0, "2011-06-30": 0, "2011-03-31": "", "2010-12-31": 0, "2010-09-30": 21.149, "2010-06-30": 0, "2010-03-31": "", "2009-12-31": -0.223, "2009-09-30": 305.464, "2009-06-30": 33.48, "2009-03-31": "113.47100", "2008-12-31": 0, "2008-09-30": 688.94, "2008-06-30": 0, "2008-03-31": "", "2007-12-31": 11.163, "2007-09-30": -12.97, "2007-06-30": -1.668, "2007-03-31": "48.90700", "2006-12-31": -11.454, "2006-09-30": 0, "2006-06-30": -1.691, "2006-03-31": "", "2005-12-31": -173.442, "2005-09-30": -0.2, "2005-06-30": -16.076, "2005-03-31": ""}, "Net Change In Short-term Investments": {"2020-12-31": 2433, "2020-09-30": -1815, "2020-06-30": -71, "2020-03-31": "-547.00000", "2019-12-31": 426, "2019-09-30": -401, "2019-06-30": -113, "2019-03-31": "940.00000", "2018-12-31": -930, "2018-09-30": 106, "2018-06-30": 157, "2018-03-31": "-117.00000", "2017-12-31": -65, "2017-09-30": 363, "2017-06-30": 530, "2017-03-31": "-145.00000", "2016-12-31": 1186, "2016-09-30": -389, "2016-06-30": 1850, "2016-03-31": "2102.00000", "2015-12-31": 1156.791, "2015-09-30": 1181.378, "2015-06-30": -754.443, "2015-03-31": "253.27400", "2014-12-31": -740.66, "2014-09-30": -955.971, "2014-06-30": 1672.416, "2014-03-31": "-80.85100", "2013-12-31": -68.983, "2013-09-30": 12.1, "2013-06-30": -276.364, "2013-03-31": "628.88700", "2012-12-31": -1274.575, "2012-09-30": 490.947, "2012-06-30": -288.671, "2012-03-31": "-558.97900", "2011-12-31": -1839.882, "2011-09-30": -235.048, "2011-06-30": -291.604, "2011-03-31": "-50.20700", "2010-12-31": -121.077, "2010-09-30": 380.309, "2010-06-30": -1437.786, "2010-03-31": "-2796.25400", "2009-12-31": 1599.427, "2009-09-30": -877.777, "2009-06-30": 817.888, "2009-03-31": "435.56900", "2008-12-31": -1689.904, "2008-09-30": 250.244, "2008-06-30": 791.7301, "2008-03-31": "-554.77910", "2007-12-31": -478.568, "2007-09-30": -353.387, "2007-06-30": 341.005, "2007-03-31": "-338.68200", "2006-12-31": 15.285, "2006-09-30": 191.07, "2006-06-30": -106.521, "2006-03-31": "197.63200", "2005-12-31": 498.466, "2005-09-30": -401.622, "2005-06-30": -0.594, "2005-03-31": "-6.97700"}, "Net Change In Long-Term Investments": {"2020-12-31": 653, "2020-09-30": -400, "2020-06-30": 105, "2020-03-31": "-358.00000", "2019-12-31": 445, "2019-09-30": 759, "2019-06-30": 363, "2019-03-31": "28.00000", "2018-12-31": -40, "2018-09-30": 68, "2018-06-30": 88, "2018-03-31": "28.00000", "2017-12-31": -121, "2017-09-30": 123, "2017-06-30": 257, "2017-03-31": "-2573.00000", "2016-12-31": -2999, "2016-09-30": -951, "2016-06-30": -841, "2016-03-31": "-1123.00000", "2015-12-31": -1681.924, "2015-09-30": -1316.622, "2015-06-30": -201.239, "2015-03-31": "-539.21500", "2014-12-31": -344.3891, "2014-09-30": -70.407, "2014-06-30": -35.052, "2014-03-31": "378.35000", "2013-12-31": -59.025, "2013-09-30": -155.903, "2013-06-30": 88.784, "2013-03-31": "-119.94000", "2012-12-31": 57.477, "2012-09-30": 148.6589, "2012-06-30": 63.6551, "2012-03-31": "51.71000", "2011-12-31": 723.0268, "2011-09-30": 6.6891, "2011-06-30": 35.971, "2011-03-31": "50.77500", "2010-12-31": -932.7088, "2010-09-30": 102.9389, "2010-06-30": 60.564, "2010-03-31": "233.59300", "2009-12-31": -135.419, "2009-09-30": 272.9419, "2009-06-30": -78.8039, "2009-03-31": "-578.86900", "2008-12-31": 134.3938, "2008-09-30": -16.1519, "2008-06-30": 126.5671, "2008-03-31": "589.51790", "2007-12-31": -791.0351, "2007-09-30": -54.504, "2007-06-30": 328.408, "2007-03-31": "165.53300", "2006-12-31": 34.5091, "2006-09-30": 21.111, "2006-06-30": 75.428, "2006-03-31": "69.53200", "2005-12-31": -42.05, "2005-09-30": -30.9921, "2005-06-30": 28.9541, "2005-03-31": "177.59000"}, "Net Change In Investments - Total": {"2020-12-31": 3086, "2020-09-30": -2215, "2020-06-30": 34, "2020-03-31": "-905.00000", "2019-12-31": 871, "2019-09-30": 358, "2019-06-30": 250, "2019-03-31": "968.00000", "2018-12-31": -970, "2018-09-30": 174, "2018-06-30": 245, "2018-03-31": "-89.00000", "2017-12-31": -186, "2017-09-30": 486, "2017-06-30": 787, "2017-03-31": "-2718.00000", "2016-12-31": -1813, "2016-09-30": -1340, "2016-06-30": 1009, "2016-03-31": "979.00000", "2015-12-31": -525.133, "2015-09-30": -135.244, "2015-06-30": -955.682, "2015-03-31": "-285.94100", "2014-12-31": -1085.0491, "2014-09-30": -1026.378, "2014-06-30": 1637.364, "2014-03-31": "297.49900", "2013-12-31": -128.008, "2013-09-30": -143.803, "2013-06-30": -187.58, "2013-03-31": "508.94700", "2012-12-31": -1217.098, "2012-09-30": 639.606, "2012-06-30": -225.016, "2012-03-31": "-507.26900", "2011-12-31": -1116.855, "2011-09-30": -228.359, "2011-06-30": -255.633, "2011-03-31": "0.56800", "2010-12-31": -1053.786, "2010-09-30": 483.248, "2010-06-30": -1377.222, "2010-03-31": "-2562.66100", "2009-12-31": 1464.008, "2009-09-30": -604.8351, "2009-06-30": 739.0841, "2009-03-31": "-143.30000", "2008-12-31": -1555.5101, "2008-09-30": 234.0921, "2008-06-30": 918.297, "2008-03-31": "34.73890", "2007-12-31": -1269.603, "2007-09-30": -407.891, "2007-06-30": 669.413, "2007-03-31": "-173.14900", "2006-12-31": 49.7941, "2006-09-30": 212.181, "2006-06-30": -31.093, "2006-03-31": "267.16400", "2005-12-31": 456.416, "2005-09-30": -432.6141, "2005-06-30": 28.3601, "2005-03-31": "170.61300"}, "Investing Activities - Other": {"2020-12-31": 5972, "2020-09-30": 376, "2020-06-30": -5156, "2020-03-31": "-1192.00000", "2019-12-31": 130, "2019-09-30": -212, "2019-06-30": -1017, "2019-03-31": "-856.00000", "2018-12-31": -958, "2018-09-30": -548, "2018-06-30": -119, "2018-03-31": "-312.00000", "2017-12-31": -620, "2017-09-30": -471, "2017-06-30": -916, "2017-03-31": "-112.00000", "2016-12-31": -139, "2016-09-30": -50, "2016-06-30": -1099, "2016-03-31": "-787.00000", "2015-12-31": -508.553, "2015-09-30": -97.239, "2015-06-30": 179.482, "2015-03-31": "-93.69000", "2014-12-31": -234.401, "2014-09-30": -105.174, "2014-06-30": -427.651, "2014-03-31": "-148.97300", "2013-12-31": -716.887, "2013-09-30": -80.453, "2013-06-30": -431.142, "2013-03-31": "-85.48900", "2012-12-31": -323.567, "2012-09-30": -313.304, "2012-06-30": -325.218, "2012-03-31": "481.11900", "2011-12-31": -443.695, "2011-09-30": -9.678, "2011-06-30": -380.916, "2011-03-31": "48.11200", "2010-12-31": 562.276, "2010-09-30": 274.286, "2010-06-30": 865.4269, "2010-03-31": "930.02110", "2009-12-31": 1128.104, "2009-09-30": 188.606, "2009-06-30": 229.281, "2009-03-31": "286.29600", "2008-12-31": -141.288, "2008-09-30": -139.973, "2008-06-30": -2155.387, "2008-03-31": "-864.75100", "2007-12-31": -1448.448, "2007-09-30": -987.451, "2007-06-30": -884.193, "2007-03-31": "-509.31700", "2006-12-31": -997.653, "2006-09-30": -1004.29, "2006-06-30": -1617.5891, "2006-03-31": "-977.87190", "2005-12-31": -1078.583, "2005-09-30": -119.75, "2005-06-30": -857.964, "2005-03-31": "-345.64400"}, "Cash Flow From Investing Activities": {"2020-12-31": 9181, "2020-09-30": -1880, "2020-06-30": -5176, "2020-03-31": "-2125.00000", "2019-12-31": 978, "2019-09-30": 112, "2019-06-30": -802, "2019-03-31": "87.00000", "2018-12-31": -1967, "2018-09-30": -410, "2018-06-30": 100, "2018-03-31": "-429.00000", "2017-12-31": -842, "2017-09-30": -24, "2017-06-30": -173, "2017-03-31": "-2880.00000", "2016-12-31": -2005, "2016-09-30": -1441, "2016-06-30": -142, "2016-03-31": "152.00000", "2015-12-31": -1084.571, "2015-09-30": -271.23, "2015-06-30": -810.035, "2015-03-31": "-413.16400", "2014-12-31": -1356.365, "2014-09-30": -1157.705, "2014-06-30": 1173.898, "2014-03-31": "71.61000", "2013-12-31": -873.823, "2013-09-30": -241.375, "2013-06-30": -645.455, "2013-03-31": "407.65800", "2012-12-31": -1561.597, "2012-09-30": 313.824, "2012-06-30": -567.889, "2012-03-31": "-63.88000", "2011-12-31": -1575.99, "2011-09-30": -260.786, "2011-06-30": -655.844, "2011-03-31": "28.49500", "2010-12-31": -512.358, "2010-09-30": 753.047, "2010-06-30": -528.833, "2010-03-31": "-1648.18900", "2009-12-31": 2560.663, "2009-09-30": -123.727, "2009-06-30": 981.458, "2009-03-31": "223.90700", "2008-12-31": -1725.542, "2008-09-30": 745.166, "2008-06-30": -1253.949, "2008-03-31": "-848.53200", "2007-12-31": -2727.47, "2007-09-30": -1433.683, "2007-06-30": -240.798, "2007-03-31": "-654.34200", "2006-12-31": -996.344, "2006-09-30": -824.05, "2006-06-30": -1678.791, "2006-03-31": "-732.11800", "2005-12-31": -811.791, "2005-09-30": -568.283, "2005-06-30": -863.03, "2005-03-31": "-188.44400"}, "Net Long-Term Debt": {"2020-12-31": 429, "2020-09-30": 0, "2020-06-30": -429, "2020-03-31": "", "2019-12-31": 495, "2019-09-30": 0, "2019-06-30": 0, "2019-03-31": "497.00000", "2018-12-31": -162, "2018-09-30": 497, "2018-06-30": 0, "2018-03-31": "", "2017-12-31": 0, "2017-09-30": 0, "2017-06-30": 0, "2017-03-31": "-153.00000", "2016-12-31": -36, "2016-09-30": -129, "2016-06-30": -104, "2016-03-31": "-11.00000", "2015-12-31": -123.918, "2015-09-30": -111.477, "2015-06-30": -44.42, "2015-03-31": "-8.18500", "2014-12-31": -27.152, "2014-09-30": -834.964, "2014-06-30": -236.404, "2014-03-31": "-124.75500", "2013-12-31": -99.955, "2013-09-30": 116.308, "2013-06-30": -203.031, "2013-03-31": "0.96400", "2012-12-31": -0.966, "2012-09-30": 41.478, "2012-06-30": 11.598, "2012-03-31": "332.60900", "2011-12-31": 52.147, "2011-09-30": 15.336, "2011-06-30": 30.075, "2011-03-31": "-0.15600", "2010-12-31": 64.877, "2010-09-30": 14.948, "2010-06-30": -42.607, "2010-03-31": "39.63700", "2009-12-31": -291.804, "2009-09-30": 405.576, "2009-06-30": -73.379, "2009-03-31": "255.09800", "2008-12-31": -4.945, "2008-09-30": -135.362, "2008-06-30": 12.938, "2008-03-31": "-0.60600", "2007-12-31": 55.708, "2007-09-30": -8.346, "2007-06-30": -20.327, "2007-03-31": "-15.14900", "2006-12-31": -271.566, "2006-09-30": 144.367, "2006-06-30": -4.749, "2006-03-31": "-100.44500", "2005-12-31": 597.8209, "2005-09-30": -0.557, "2005-06-30": -0.556, "2005-03-31": "-0.55700"}, "Net Current Debt": {"2020-12-31": 801, "2020-09-30": 393, "2020-06-30": -2906, "2020-03-31": "1712.00000", "2019-12-31": -2526, "2019-09-30": -1445, "2019-06-30": 1080, "2019-03-31": "-709.00000", "2018-12-31": 1873, "2018-09-30": -377, "2018-06-30": -709, "2018-03-31": "-110.00000", "2017-12-31": 352, "2017-09-30": 282, "2017-06-30": 1204, "2017-03-31": "2311.00000", "2016-12-31": -288, "2016-09-30": 845, "2016-06-30": 38, "2016-03-31": "-115.00000", "2015-12-31": 74.832, "2015-09-30": 45.267, "2015-06-30": 23.527, "2015-03-31": "-40.62600", "2014-12-31": 52.425, "2014-09-30": -66.603, "2014-06-30": -21.436, "2014-03-31": "-60.51100", "2013-12-31": 66.574, "2013-09-30": 17.159, "2013-06-30": -70.154, "2013-03-31": "-25.85300", "2012-12-31": -126.908, "2012-09-30": -392.564, "2012-06-30": 318.039, "2012-03-31": "-168.83100", "2011-12-31": -63.46, "2011-09-30": -34.498, "2011-06-30": -190.675, "2011-03-31": "80.09200", "2010-12-31": -85.817, "2010-09-30": -175.146, "2010-06-30": 11.998, "2010-03-31": "229.42400", "2009-12-31": -651.255, "2009-09-30": -360.996, "2009-06-30": -400.296, "2009-03-31": "-1831.32600", "2008-12-31": -2712.868, "2008-09-30": -1907.231, "2008-06-30": 1308.761, "2008-03-31": "-197.96200", "2007-12-31": 1533.487, "2007-09-30": 1727.137, "2007-06-30": 445.999, "2007-03-31": "36.66900", "2006-12-31": -311.774, "2006-09-30": -28.19, "2006-06-30": 1262.756, "2006-03-31": "259.63300", "2005-12-31": -430.146, "2005-09-30": -516.755, "2005-06-30": 399.943, "2005-03-31": "-386.23300"}, "Debt Issuance/Retirement Net - Total": {"2020-12-31": 1230, "2020-09-30": 393, "2020-06-30": -3335, "2020-03-31": "1712.00000", "2019-12-31": -2031, "2019-09-30": -1445, "2019-06-30": 1080, "2019-03-31": "-212.00000", "2018-12-31": 1711, "2018-09-30": 120, "2018-06-30": -709, "2018-03-31": "-110.00000", "2017-12-31": 352, "2017-09-30": 282, "2017-06-30": 1204, "2017-03-31": "2158.00000", "2016-12-31": -324, "2016-09-30": 716, "2016-06-30": -66, "2016-03-31": "-126.00000", "2015-12-31": -49.086, "2015-09-30": -66.21, "2015-06-30": -20.893, "2015-03-31": "-48.81100", "2014-12-31": 25.273, "2014-09-30": -901.567, "2014-06-30": -257.84, "2014-03-31": "-185.26600", "2013-12-31": -33.381, "2013-09-30": 133.467, "2013-06-30": -273.185, "2013-03-31": "-24.88900", "2012-12-31": -127.874, "2012-09-30": -351.086, "2012-06-30": 329.637, "2012-03-31": "163.77800", "2011-12-31": -11.313, "2011-09-30": -19.162, "2011-06-30": -160.6, "2011-03-31": "79.93600", "2010-12-31": -20.94, "2010-09-30": -160.198, "2010-06-30": -30.609, "2010-03-31": "269.06100", "2009-12-31": -943.059, "2009-09-30": 44.58, "2009-06-30": -473.675, "2009-03-31": "-1576.22800", "2008-12-31": -2717.813, "2008-09-30": -2042.593, "2008-06-30": 1321.699, "2008-03-31": "-198.56800", "2007-12-31": 1589.195, "2007-09-30": 1718.791, "2007-06-30": 425.672, "2007-03-31": "21.52000", "2006-12-31": -583.3399, "2006-09-30": 116.177, "2006-06-30": 1258.007, "2006-03-31": "159.18800", "2005-12-31": 167.675, "2005-09-30": -517.312, "2005-06-30": 399.387, "2005-03-31": "-386.79000"}, "Net Common Equity Issued/Repurchased": {"2020-12-31": 71, "2020-09-30": 0, "2020-06-30": 2, "2020-03-31": "-73.00000", "2019-12-31": -270, "2019-09-30": -274, "2019-06-30": -272, "2019-03-31": "-272.00000", "2018-12-31": -237, "2018-09-30": -184, "2018-06-30": -119, "2018-03-31": "-112.00000", "2017-12-31": -99, "2017-09-30": -113, "2017-06-30": -43, "2017-03-31": "-41.00000", "2016-12-31": -29, "2016-09-30": -40, "2016-06-30": -3, "2016-03-31": "", "2015-12-31": -4.631, "2015-09-30": 13.599, "2015-06-30": 5.07, "2015-03-31": "0.96200", "2014-12-31": 520.849, "2014-09-30": 0, "2014-06-30": -2.88, "2014-03-31": "2.88000", "2013-12-31": -792.557, "2013-09-30": 200.04, "2013-06-30": 423.118, "2013-03-31": "169.39900", "2012-12-31": -142.516, "2012-09-30": 0.513, "2012-06-30": 141.661, "2012-03-31": "0.34200", "2011-12-31": -25.644, "2011-09-30": 0.237, "2011-06-30": 0.195, "2011-03-31": "25.21200", "2010-12-31": 0, "2010-09-30": 0, "2010-06-30": -149.908, "2010-03-31": "149.90800", "2009-12-31": 0, "2009-09-30": -122.641, "2009-06-30": 122.764, "2009-03-31": "-0.12300", "2008-12-31": -243.72, "2008-09-30": 244.859, "2008-06-30": -2.121, "2008-03-31": "0.98200", "2007-12-31": 2.999, "2007-09-30": -86.112, "2007-06-30": -110.776, "2007-03-31": "-68.66300", "2006-12-31": -14.054, "2006-09-30": 12.988, "2006-06-30": 13.128, "2006-03-31": "40.96600", "2005-12-31": 19.877, "2005-09-30": 8.058, "2005-06-30": -13.486, "2005-03-31": "-5.86000"}, "Net Total Equity Issued/Repurchased": {"2020-12-31": 71, "2020-09-30": 0, "2020-06-30": 2, "2020-03-31": "-73.00000", "2019-12-31": -270, "2019-09-30": -274, "2019-06-30": -272, "2019-03-31": "-272.00000", "2018-12-31": -237, "2018-09-30": -184, "2018-06-30": -119, "2018-03-31": "-112.00000", "2017-12-31": -99, "2017-09-30": -113, "2017-06-30": -187, "2017-03-31": "-41.00000", "2016-12-31": -29, "2016-09-30": -40, "2016-06-30": -129, "2016-03-31": "", "2015-12-31": -180.631, "2015-09-30": 13.599, "2015-06-30": 5.07, "2015-03-31": "0.96200", "2014-12-31": 520.849, "2014-09-30": 0, "2014-06-30": -2.88, "2014-03-31": "2.88000", "2013-12-31": 1.586, "2013-09-30": -599.428, "2013-06-30": 423.118, "2013-03-31": "169.39900", "2012-12-31": 0.724, "2012-09-30": -699.487, "2012-06-30": -0.839, "2012-03-31": "-699.65800", "2011-12-31": 0.042, "2011-09-30": 0.237, "2011-06-30": 0.195, "2011-03-31": "25.21200", "2010-12-31": 116.382, "2010-09-30": 110.041, "2010-06-30": 600.814, "2010-03-31": "149.90800", "2009-12-31": 152.167, "2009-09-30": 188.466, "2009-06-30": 76.434, "2009-03-31": "-0.12300", "2008-12-31": 1402.741, "2008-09-30": 291.305, "2008-06-30": -2.121, "2008-03-31": "0.98200", "2007-12-31": 2.999, "2007-09-30": -86.112, "2007-06-30": -110.776, "2007-03-31": "-68.66300", "2006-12-31": 221.779, "2006-09-30": 12.988, "2006-06-30": 13.128, "2006-03-31": "40.96600", "2005-12-31": 19.877, "2005-09-30": 8.058, "2005-06-30": -13.486, "2005-03-31": "-5.86000"}, "Total Common And Preferred Stock Dividends Paid": {"2020-12-31": 195, "2020-09-30": -65, "2020-06-30": -64, "2020-03-31": "-66.00000", "2019-12-31": -64, "2019-09-30": -69, "2019-06-30": -61, "2019-03-31": "-66.00000", "2018-12-31": -64, "2018-09-30": -68, "2018-06-30": -55, "2018-03-31": "-49.00000", "2017-12-31": -40, "2017-09-30": -34, "2017-06-30": -26, "2017-03-31": "-29.00000", "2016-12-31": -27, "2016-09-30": -31, "2016-06-30": -23, "2016-03-31": "-27.00000", "2015-12-31": -28.301, "2015-09-30": -27.42, "2015-06-30": -29.045, "2015-03-31": "-23.23400", "2014-12-31": -549.019, "2014-09-30": 496.316, "2014-06-30": -19.686, "2014-03-31": "-23.74100", "2013-12-31": -25.446, "2013-09-30": -34.935, "2013-06-30": -35.047, "2013-03-31": "-24.23200", "2012-12-31": -24.493, "2012-09-30": -32.77, "2012-06-30": -35.522, "2012-03-31": "-40.79600", "2011-12-31": -40.934, "2011-09-30": -40.297, "2011-06-30": -40.303, "2011-03-31": "-34.60100", "2010-12-31": -34.683, "2010-09-30": -29.772, "2010-06-30": -21.979, "2010-03-31": "-22.88200", "2009-12-31": -23.101, "2009-09-30": -22.626, "2009-06-30": -24.85, "2009-03-31": "-25.69400", "2008-12-31": -49.254, "2008-09-30": -49.951, "2008-06-30": -48.015, "2008-03-31": "-48.45900", "2007-12-31": -49.288, "2007-09-30": -49.906, "2007-06-30": -50.103, "2007-03-31": "-46.35300", "2006-12-31": -45.944, "2006-09-30": -38.418, "2006-06-30": -38.324, "2006-03-31": "-38.13500", "2005-12-31": -32.661, "2005-09-30": -32.546, "2005-06-30": -32.522, "2005-03-31": "-32.57100"}, "Financial Activities - Other": {"2020-12-31": -10000, "2020-09-30": 1408, "2020-06-30": 8168, "2020-03-31": "424.00000", "2019-12-31": 945, "2019-09-30": 1808, "2019-06-30": -205, "2019-03-31": "427.00000", "2018-12-31": 303, "2018-09-30": 204, "2018-06-30": 618, "2018-03-31": "347.00000", "2017-12-31": 511, "2017-09-30": -278, "2017-06-30": -1099, "2017-03-31": "241.00000", "2016-12-31": 2388, "2016-09-30": 576, "2016-06-30": 407, "2016-03-31": "-486.00000", "2015-12-31": 1460.207, "2015-09-30": -16.805, "2015-06-30": 807.252, "2015-03-31": "274.34600", "2014-12-31": 1587.122, "2014-09-30": 559.099, "2014-06-30": -864.553, "2014-03-31": "170.11900", "2013-12-31": 667.362, "2013-09-30": 651.25, "2013-06-30": 497.346, "2013-03-31": "-1643.31700", "2012-12-31": 2360.402, "2012-09-30": 612.198, "2012-06-30": 56.393, "2012-03-31": "250.29700", "2011-12-31": 1512.38, "2011-09-30": 171.844, "2011-06-30": 596.214, "2011-03-31": "-343.24900", "2010-12-31": -25.366, "2010-09-30": -1053.855, "2010-06-30": -84.042, "2010-03-31": "256.76000", "2009-12-31": -1165.828, "2009-09-30": -1070.686, "2009-06-30": -880.447, "2009-03-31": "938.11800", "2008-12-31": 2723.224, "2008-09-30": 251.007, "2008-06-30": 91.288, "2008-03-31": "593.66400", "2007-12-31": 1338.032, "2007-09-30": -514.9, "2007-06-30": -136.653, "2007-03-31": "256.28300", "2006-12-31": 1334.889, "2006-09-30": 386.433, "2006-06-30": 389.365, "2006-03-31": "235.48200", "2005-12-31": 860.367, "2005-09-30": 1001.206, "2005-06-30": 543.297, "2005-03-31": "586.82700"}, "Cash Flow From Financial Activities": {"2020-12-31": -8504, "2020-09-30": 1736, "2020-06-30": 4771, "2020-03-31": "1997.00000", "2019-12-31": -1420, "2019-09-30": 20, "2019-06-30": 542, "2019-03-31": "-123.00000", "2018-12-31": 1713, "2018-09-30": 72, "2018-06-30": -265, "2018-03-31": "76.00000", "2017-12-31": 724, "2017-09-30": -143, "2017-06-30": -108, "2017-03-31": "2329.00000", "2016-12-31": 2008, "2016-09-30": 1221, "2016-06-30": 189, "2016-03-31": "-639.00000", "2015-12-31": 1202.189, "2015-09-30": -96.836, "2015-06-30": 762.384, "2015-03-31": "203.26300", "2014-12-31": 1584.225, "2014-09-30": 153.848, "2014-06-30": -1144.959, "2014-03-31": "-36.00800", "2013-12-31": 610.121, "2013-09-30": 150.354, "2013-06-30": 612.232, "2013-03-31": "-1523.03900", "2012-12-31": 2208.759, "2012-09-30": -471.145, "2012-06-30": 349.669, "2012-03-31": "-326.37900", "2011-12-31": 1460.175, "2011-09-30": 112.622, "2011-06-30": 395.506, "2011-03-31": "-272.70200", "2010-12-31": 35.393, "2010-09-30": -1133.784, "2010-06-30": 464.184, "2010-03-31": "652.84700", "2009-12-31": -1979.821, "2009-09-30": -860.266, "2009-06-30": -1302.538, "2009-03-31": "-663.92700", "2008-12-31": 1358.898, "2008-09-30": -1550.232, "2008-06-30": 1362.851, "2008-03-31": "347.61900", "2007-12-31": 2880.938, "2007-09-30": 1067.873, "2007-06-30": 128.14, "2007-03-31": "162.78700", "2006-12-31": 927.384, "2006-09-30": 477.18, "2006-06-30": 1622.176, "2006-03-31": "397.50100", "2005-12-31": 1015.258, "2005-09-30": 459.406, "2005-06-30": 896.676, "2005-03-31": "161.60600"}, "Net Cash Flow": {"2020-12-31": 129, "2020-09-30": 6, "2020-06-30": -160, "2020-03-31": "25.00000", "2019-12-31": -91, "2019-09-30": 258, "2019-06-30": 2, "2019-03-31": "-78.00000", "2018-12-31": 97, "2018-09-30": 49, "2018-06-30": -2, "2018-03-31": "-78.00000", "2017-12-31": 7, "2017-09-30": 60, "2017-06-30": -85, "2017-03-31": "-171.00000", "2016-12-31": 184, "2016-09-30": -7, "2016-06-30": 42, "2016-03-31": "-280.00000", "2015-12-31": 195.248, "2015-09-30": -155.544, "2015-06-30": 37.38, "2015-03-31": "-121.08400", "2014-12-31": 256.27, "2014-09-30": -795.59, "2014-06-30": 42.332, "2014-03-31": "165.87300", "2013-12-31": -191.395, "2013-09-30": 181.985, "2013-06-30": 254.28, "2013-03-31": "-913.09000", "2012-12-31": 780.989, "2012-09-30": -63.755, "2012-06-30": 42.487, "2012-03-31": "-142.16400", "2011-12-31": 121.582, "2011-09-30": 67.74, "2011-06-30": 85.888, "2011-03-31": "25.01400", "2010-12-31": -136.52, "2010-09-30": -8.109, "2010-06-30": 23.364, "2010-03-31": "-324.79800", "2009-12-31": 377.249, "2009-09-30": -236.265, "2009-06-30": -92.767, "2009-03-31": "-154.00400", "2008-12-31": 34.019, "2008-09-30": -309.767, "2008-06-30": 91.185, "2008-03-31": "-194.61600", "2007-12-31": 373.917, "2007-09-30": -159.708, "2007-06-30": 66.427, "2007-03-31": "-364.29100", "2006-12-31": 321.9, "2006-09-30": -156.919, "2006-06-30": 188.972, "2006-03-31": "-121.73300", "2005-12-31": 597.388, "2005-09-30": -123.325, "2005-06-30": 147.045, "2005-03-31": "234.48400"}, "Stock-Based Compensation": {"2020-12-31": -22, "2020-09-30": 4, "2020-06-30": 5, "2020-03-31": "13.00000", "2019-12-31": 4, "2019-09-30": 5, "2019-06-30": 4, "2019-03-31": "14.00000", "2018-12-31": 4, "2018-09-30": 4, "2018-06-30": 5, "2018-03-31": "13.00000", "2017-12-31": 4, "2017-09-30": 4, "2017-06-30": 5, "2017-03-31": "12.00000", "2016-12-31": 4, "2016-09-30": 6, "2016-06-30": 5, "2016-03-31": "11.00000", "2015-12-31": 25, "2015-09-30": 0, "2015-06-30": 0, "2015-03-31": "", "2014-12-31": 0, "2014-09-30": 0, "2014-06-30": 0, "2014-03-31": "", "2013-12-31": 0, "2013-09-30": 0, "2013-06-30": 0, "2013-03-31": "", "2012-12-31": 0, "2012-09-30": 0, "2012-06-30": 0, "2012-03-31": "", "2011-12-31": 0, "2011-09-30": 0, "2011-06-30": 0, "2011-03-31": "", "2010-12-31": 0, "2010-09-30": 0, "2010-06-30": 0, "2010-03-31": "", "2009-12-31": 0, "2009-09-30": -15.344, "2009-06-30": 7.207, "2009-03-31": "8.13700", "2008-12-31": -23.255, "2008-09-30": 8.875, "2008-06-30": 7.784, "2008-03-31": "6.59600", "2007-12-31": 8.793, "2007-09-30": 6.499, "2007-06-30": 6.577, "2007-03-31": "6.40500", "2006-12-31": 6.627, "2006-09-30": 6.752, "2006-06-30": 6.081, "2006-03-31": "4.89800", "2005-12-31": -1.02, "2005-09-30": 0.565, "2005-06-30": 0.418, "2005-03-31": "0.03700"}, "Common Stock Dividends Paid": {"2020-12-31": 195, "2020-09-30": -65, "2020-06-30": -64, "2020-03-31": "-66.00000", "2019-12-31": -64, "2019-09-30": -69, "2019-06-30": -61, "2019-03-31": "-66.00000", "2018-12-31": -64, "2018-09-30": -68, "2018-06-30": -55, "2018-03-31": "-49.00000", "2017-12-31": -40, "2017-09-30": -34, "2017-06-30": -26, "2017-03-31": "-29.00000", "2016-12-31": -27, "2016-09-30": -31, "2016-06-30": -23, "2016-03-31": "-27.00000", "2015-12-31": -28.301, "2015-09-30": -27.42, "2015-06-30": -29.045, "2015-03-31": "-23.23400", "2014-12-31": -620.21, "2014-09-30": 519.559, "2014-06-30": 28.262, "2014-03-31": "-23.74100", "2013-12-31": -25.446, "2013-09-30": -34.935, "2013-06-30": -35.047, "2013-03-31": "-24.23200", "2012-12-31": -24.493, "2012-09-30": -32.77, "2012-06-30": -35.522, "2012-03-31": "-40.79600", "2011-12-31": -40.934, "2011-09-30": -40.297, "2011-06-30": -40.303, "2011-03-31": "-34.60100", "2010-12-31": -34.683, "2010-09-30": -29.772, "2010-06-30": -21.979, "2010-03-31": "-22.88200", "2009-12-31": -23.101, "2009-09-30": -63.952, "2009-06-30": -4.617, "2009-03-31": "-4.60100", "2008-12-31": -58.57, "2008-09-30": -45.542, "2008-06-30": -45.561, "2008-03-31": "-46.00600", "2007-12-31": -45.945, "2007-09-30": -46.136, "2007-06-30": -46.496, "2007-03-31": "-42.75000", "2006-12-31": -42.109, "2006-09-30": -38.418, "2006-06-30": -38.324, "2006-03-31": "-38.13500", "2005-12-31": -32.661, "2005-09-30": -32.546, "2005-06-30": -32.522, "2005-03-31": "-32.57100"}}, "financial ratios": {"Current Ratio": {"2019-12-31": "", "2018-12-31": "", "2017-12-31": "", "2016-12-31": "", "2015-12-31": "", "2014-12-31": "", "2013-12-31": "", "2012-12-31": "", "2011-12-31": "", "2010-12-31": "", "2009-12-31": "", "2008-12-31": "", "2007-12-31": "", "2006-12-31": "", "2005-12-31": ""}, "Long-term Debt / Capital": {"2019-12-31": "0.18980", "2018-12-31": "0.08720", "2017-12-31": "0.04750", "2016-12-31": "0.06550", "2015-12-31": "0.09760", "2014-12-31": "0.12910", "2013-12-31": "0.26020", "2012-12-31": "0.27870", "2011-12-31": "0.21870", "2010-12-31": "0.22620", "2009-12-31": "0.26250", "2008-12-31": "0.27640", "2007-12-31": "0.31760", "2006-12-31": "0.32100", "2005-12-31": "0.37210"}, "Debt/Equity Ratio": {"2019-12-31": "0.51350", "2018-12-31": "0.84150", "2017-12-31": "0.69790", "2016-12-31": "0.17840", "2015-12-31": "0.15440", "2014-12-31": "0.18140", "2013-12-31": "0.40430", "2012-12-31": "0.44470", "2011-12-31": "0.38340", "2010-12-31": "0.43230", "2009-12-31": "0.52250", "2008-12-31": "1.00750", "2007-12-31": "1.90000", "2006-12-31": "1.27060", "2005-12-31": "1.24600"}, "Gross Margin": {"2019-12-31": "", "2018-12-31": "", "2017-12-31": "", "2016-12-31": "", "2015-12-31": "", "2014-12-31": "", "2013-12-31": "", "2012-12-31": "", "2011-12-31": "", "2010-12-31": "", "2009-12-31": "", "2008-12-31": "", "2007-12-31": "", "2006-12-31": "", "2005-12-31": ""}, "Operating Margin": {"2019-12-31": "", "2018-12-31": "", "2017-12-31": "", "2016-12-31": "", "2015-12-31": "", "2014-12-31": "", "2013-12-31": "", "2012-12-31": "", "2011-12-31": "", "2010-12-31": "", "2009-12-31": "", "2008-12-31": "", "2007-12-31": "", "2006-12-31": "", "2005-12-31": ""}, "EBIT Margin": {"2019-12-31": "", "2018-12-31": "", "2017-12-31": "", "2016-12-31": "", "2015-12-31": "", "2014-12-31": "", "2013-12-31": "", "2012-12-31": "", "2011-12-31": "", "2010-12-31": "", "2009-12-31": "", "2008-12-31": "", "2007-12-31": "", "2006-12-31": "", "2005-12-31": ""}, "EBITDA Margin": {"2019-12-31": "", "2018-12-31": "", "2017-12-31": "", "2016-12-31": "", "2015-12-31": "", "2014-12-31": "", "2013-12-31": "", "2012-12-31": "", "2011-12-31": "", "2010-12-31": "", "2009-12-31": "", "2008-12-31": "", "2007-12-31": "", "2006-12-31": "", "2005-12-31": ""}, "Pre-Tax Profit Margin": {"2019-12-31": "37.67440", "2018-12-31": "40.50320", "2017-12-31": "36.11110", "2016-12-31": "30.78600", "2015-12-31": "22.19490", "2014-12-31": "27.36590", "2013-12-31": "19.16350", "2012-12-31": "25.33540", "2011-12-31": "23.91340", "2010-12-31": "-30.65550", "2009-12-31": "-237.03900", "2008-12-31": "-20.78490", "2007-12-31": "34.42900", "2006-12-31": "40.69450", "2005-12-31": "42.26600"}, "Net Profit Margin": {"2019-12-31": "27.97850", "2018-12-31": "30.12050", "2017-12-31": "21.21910", "2016-12-31": "17.94760", "2015-12-31": "12.15550", "2014-12-31": "14.38130", "2013-12-31": "13.86120", "2012-12-31": "8.35670", "2011-12-31": "7.03680", "2010-12-31": "-31.36540", "2009-12-31": "-180.28860", "2008-12-31": "-19.19950", "2007-12-31": "22.38110", "2006-12-31": "25.82240", "2005-12-31": "27.35300"}, "Asset Turnover": {"2019-12-31": "0.04040", "2018-12-31": "0.04100", "2017-12-31": "0.03910", "2016-12-31": "0.03620", "2015-12-31": "0.03410", "2014-12-31": "0.03970", "2013-12-31": "0.03790", "2012-12-31": "0.03850", "2011-12-31": "0.04100", "2010-12-31": "0.02580", "2009-12-31": "0.01340", "2008-12-31": "0.02750", "2007-12-31": "0.04050", "2006-12-31": "0.04780", "2005-12-31": "0.04100"}, "Inventory Turnover Ratio": {"2019-12-31": "", "2018-12-31": "", "2017-12-31": "", "2016-12-31": "", "2015-12-31": "", "2014-12-31": "", "2013-12-31": "", "2012-12-31": "", "2011-12-31": "", "2010-12-31": "", "2009-12-31": "", "2008-12-31": "", "2007-12-31": "", "2006-12-31": "", "2005-12-31": ""}, "Receiveable Turnover": {"2019-12-31": "", "2018-12-31": "", "2017-12-31": "", "2016-12-31": "", "2015-12-31": "", "2014-12-31": "", "2013-12-31": "", "2012-12-31": "", "2011-12-31": "", "2010-12-31": "", "2009-12-31": "", "2008-12-31": "", "2007-12-31": "", "2006-12-31": "", "2005-12-31": ""}, "Days Sales In Receivables": {"2019-12-31": "", "2018-12-31": "", "2017-12-31": "", "2016-12-31": "", "2015-12-31": "", "2014-12-31": "", "2013-12-31": "", "2012-12-31": "", "2011-12-31": "", "2010-12-31": "", "2009-12-31": "", "2008-12-31": "", "2007-12-31": "", "2006-12-31": "", "2005-12-31": ""}, "ROE - Return On Equity": {"2019-12-31": "12.02300", "2018-12-31": "12.60700", "2017-12-31": "8.32280", "2016-12-31": "6.77350", "2015-12-31": "4.62640", "2014-12-31": "6.25970", "2013-12-31": "4.82470", "2012-12-31": "7.07570", "2011-12-31": "7.00640", "2010-12-31": "-6.45560", "2009-12-31": "-29.03590", "2008-12-31": "-5.48460", "2007-12-31": "9.93040", "2006-12-31": "12.28400", "2005-12-31": "11.33090"}, "Return On Tangible Equity": {"2019-12-31": "12.87270", "2018-12-31": "13.46950", "2017-12-31": "8.88490", "2016-12-31": "7.09320", "2015-12-31": "4.77060", "2014-12-31": "6.29490", "2013-12-31": "4.86620", "2012-12-31": "6.98580", "2011-12-31": "5.46910", "2010-12-31": "-5.34530", "2009-12-31": "-26.66440", "2008-12-31": "-5.71020", "2007-12-31": "16.01130", "2006-12-31": "19.94010", "2005-12-31": "22.32590"}, "ROA - Return On Assets": {"2019-12-31": "1.17970", "2018-12-31": "1.28590", "2017-12-31": "0.89310", "2016-12-31": "0.74160", "2015-12-31": "0.51790", "2014-12-31": "0.69650", "2013-12-31": "0.47020", "2012-12-31": "0.62720", "2011-12-31": "0.60710", "2010-12-31": "-0.58070", "2009-12-31": "-2.38970", "2008-12-31": "-0.49250", "2007-12-31": "0.94770", "2006-12-31": "1.24150", "2005-12-31": "1.12230"}, "ROI - Return On Investment": {"2019-12-31": "8.99070", "2018-12-31": "10.64800", "2017-12-31": "7.34310", "2016-12-31": "5.74120", "2015-12-31": "3.71400", "2014-12-31": "4.70890", "2013-12-31": "3.01500", "2012-12-31": "4.15170", "2011-12-31": "3.61040", "2010-12-31": "-3.45000", "2009-12-31": "-15.77740", "2008-12-31": "-3.00730", "2007-12-31": "6.46930", "2006-12-31": "7.93940", "2005-12-31": "7.11430"}, "Book Value Per Share": {"2019-12-31": "44.54820", "2018-12-31": "40.40440", "2017-12-31": "38.87470", "2016-12-31": "37.59020", "2015-12-31": "36.72650", "2014-12-31": "36.30040", "2013-12-31": "35.00450", "2012-12-31": "32.83750", "2011-12-31": "37.92450", "2010-12-31": "36.36650", "2009-12-31": "37.96080", "2008-12-31": "56.60420", "2007-12-31": "49.41140", "2006-12-31": "46.72950", "2005-12-31": "40.29810"}, "Operating Cash Flow Per Share": {"2019-12-31": -1.9577, "2018-12-31": 1.2685, "2017-12-31": 1.5087, "2016-12-31": 0.6398, "2015-12-31": 0.3051, "2014-12-31": -2.5585, "2013-12-31": 0.5136, "2012-12-31": -1.8351, "2011-12-31": -3.0096, "2010-12-31": 0.3568, "2009-12-31": -2.3709, "2008-12-31": 4.1159, "2007-12-31": -2.8599, "2006-12-31": 1.5104, "2005-12-31": 8.1101}, "Free Cash Flow Per Share": {"2019-12-31": -1.9603, "2018-12-31": 1.4499, "2017-12-31": 1.6621, "2016-12-31": 0.4511, "2015-12-31": 0.4461, "2014-12-31": -2.9897, "2013-12-31": 0.4089, "2012-12-31": -1.7856, "2011-12-31": -2.9588, "2010-12-31": 0.6611, "2009-12-31": -2.2147, "2008-12-31": 4.0194, "2007-12-31": -2.6004, "2006-12-31": 1.0845, "2005-12-31": 7.4363}}, "financial ratios, quarterly": {"Current Ratio": {"2020-09-30": "", "2020-06-30": "", "2020-03-31": "", "2019-12-31": "", "2019-09-30": "", "2019-06-30": "", "2019-03-31": "", "2018-12-31": "", "2018-09-30": "", "2018-06-30": "", "2018-03-31": "", "2017-12-31": "", "2017-09-30": "", "2017-06-30": "", "2017-03-31": "", "2016-12-31": "", "2016-09-30": "", "2016-06-30": "", "2016-03-31": "", "2015-12-31": "", "2015-09-30": "", "2015-06-30": "", "2015-03-31": "", "2014-12-31": "", "2014-09-30": "", "2014-06-30": "", "2014-03-31": "", "2013-12-31": "", "2013-09-30": "", "2013-06-30": "", "2013-03-31": "", "2012-12-31": "", "2012-09-30": "", "2012-06-30": "", "2012-03-31": "", "2011-12-31": "", "2011-09-30": "", "2011-06-30": "", "2011-03-31": "", "2010-12-31": "", "2010-09-30": "", "2010-06-30": "", "2010-03-31": "", "2009-12-31": "", "2009-09-30": "", "2009-06-30": "", "2009-03-31": "", "2008-12-31": "", "2008-09-30": "", "2008-06-30": "", "2008-03-31": "", "2007-12-31": "", "2007-09-30": "", "2007-06-30": "", "2007-03-31": "", "2006-12-31": "", "2006-09-30": "", "2006-06-30": "", "2006-03-31": "", "2005-12-31": "", "2005-09-30": "", "2005-06-30": "", "2005-03-31": ""}, "Long-term Debt / Capital": {"2020-09-30": "0.14940", "2020-06-30": "0.15150", "2020-03-31": "0.19370", "2019-12-31": "0.18980", "2019-09-30": "0.14190", "2019-06-30": "0.13990", "2019-03-31": "0.13930", "2018-12-31": "0.08720", "2018-09-30": "0.10420", "2018-06-30": "0.04790", "2018-03-31": "0.04770", "2017-12-31": "0.04750", "2017-09-30": "0.04700", "2017-06-30": "0.04710", "2017-03-31": "0.04720", "2016-12-31": "0.06550", "2016-09-30": "0.06910", "2016-06-30": "0.08390", "2016-03-31": "0.09520", "2015-12-31": "0.09760", "2015-09-30": "0.11010", "2015-06-30": "0.12250", "2015-03-31": "0.12750", "2014-12-31": "0.12910", "2014-09-30": "0.13200", "2014-06-30": "0.22390", "2014-03-31": "0.24690", "2013-12-31": "0.26020", "2013-09-30": "0.26680", "2013-06-30": "0.24060", "2013-03-31": "0.27030", "2012-12-31": "0.27870", "2012-09-30": "0.28220", "2012-06-30": "0.25950", "2012-03-31": "0.26330", "2011-12-31": "0.21870", "2011-09-30": "0.21530", "2011-06-30": "0.21380", "2011-03-31": "0.22100", "2010-12-31": "0.22620", "2010-09-30": "0.23000", "2010-06-30": "0.23150", "2010-03-31": "0.25610", "2009-12-31": "0.26250", "2009-09-30": "0.28980", "2009-06-30": "0.24990", "2009-03-31": "0.32730", "2008-12-31": "0.27640", "2008-09-30": "0.29430", "2008-06-30": "0.31730", "2008-03-31": "0.31970", "2007-12-31": "0.31760", "2007-09-30": "0.30930", "2007-06-30": "0.30690", "2007-03-31": "0.31170", "2006-12-31": "0.32100", "2006-09-30": "0.36190", "2006-06-30": "0.35360", "2006-03-31": "0.36230", "2005-12-31": "0.37210", "2005-09-30": "0.35980", "2005-06-30": "0.36820", "2005-03-31": "0.37230"}, "Debt/Equity Ratio": {"2020-09-30": "0.33890", "2020-06-30": "0.29210", "2020-03-31": "0.74410", "2019-12-31": "0.51350", "2019-09-30": "0.77520", "2019-06-30": "0.95530", "2019-03-31": "0.81340", "2018-12-31": "0.84150", "2018-09-30": "0.61680", "2018-06-30": "0.59590", "2018-03-31": "0.68680", "2017-12-31": "0.69790", "2017-09-30": "0.64510", "2017-06-30": "0.60980", "2017-03-31": "0.45540", "2016-12-31": "0.17840", "2016-09-30": "0.21950", "2016-06-30": "0.12710", "2016-03-31": "0.13570", "2015-12-31": "0.15440", "2015-09-30": "0.15940", "2015-06-30": "0.16970", "2015-03-31": "0.17340", "2014-12-31": "0.18140", "2014-09-30": "0.17830", "2014-06-30": "0.32710", "2014-03-31": "0.37020", "2013-12-31": "0.40430", "2013-09-30": "0.40710", "2013-06-30": "0.35420", "2013-03-31": "0.42190", "2012-12-31": "0.44470", "2012-09-30": "0.47420", "2012-06-30": "0.48490", "2012-03-31": "0.44420", "2011-12-31": "0.38340", "2011-09-30": "0.38800", "2011-06-30": "0.39060", "2011-03-31": "0.43360", "2010-12-31": "0.43230", "2010-09-30": "0.45520", "2010-06-30": "0.48690", "2010-03-31": "0.54580", "2009-12-31": "0.52250", "2009-09-30": "0.69280", "2009-06-30": "0.66590", "2009-03-31": "0.91030", "2008-12-31": "1.00750", "2008-09-30": "1.63270", "2008-06-30": "2.10750", "2008-03-31": "1.85010", "2007-12-31": "1.90000", "2007-09-30": "1.60070", "2007-06-30": "1.27220", "2007-03-31": "1.19190", "2006-12-31": "1.27060", "2006-09-30": "1.46340", "2006-06-30": "1.48910", "2006-03-31": "1.24200", "2005-12-31": "1.24600", "2005-09-30": "1.47560", "2005-06-30": "1.69150", "2005-03-31": "1.60600"}, "Gross Margin": {"2020-09-30": "", "2020-06-30": "", "2020-03-31": "", "2019-12-31": "", "2019-09-30": "", "2019-06-30": "", "2019-03-31": "", "2018-12-31": "", "2018-09-30": "", "2018-06-30": "", "2018-03-31": "", "2017-12-31": "", "2017-09-30": "", "2017-06-30": "", "2017-03-31": "", "2016-12-31": "", "2016-09-30": "", "2016-06-30": "", "2016-03-31": "", "2015-12-31": "", "2015-09-30": "", "2015-06-30": "", "2015-03-31": "", "2014-12-31": "", "2014-09-30": "", "2014-06-30": "", "2014-03-31": "", "2013-12-31": "", "2013-09-30": "", "2013-06-30": "", "2013-03-31": "", "2012-12-31": "", "2012-09-30": "", "2012-06-30": "", "2012-03-31": "", "2011-12-31": "", "2011-09-30": "", "2011-06-30": "", "2011-03-31": "", "2010-12-31": "", "2010-09-30": "", "2010-06-30": "", "2010-03-31": "", "2009-12-31": "", "2009-09-30": "", "2009-06-30": "", "2009-03-31": "", "2008-12-31": "", "2008-09-30": "", "2008-06-30": "", "2008-03-31": "", "2007-12-31": "", "2007-09-30": "", "2007-06-30": "", "2007-03-31": "", "2006-12-31": "", "2006-09-30": "", "2006-06-30": "", "2006-03-31": "", "2005-12-31": "", "2005-09-30": "", "2005-06-30": "", "2005-03-31": ""}, "Operating Margin": {"2020-09-30": "", "2020-06-30": "", "2020-03-31": "", "2019-12-31": "", "2019-09-30": "", "2019-06-30": "", "2019-03-31": "", "2018-12-31": "", "2018-09-30": "", "2018-06-30": "", "2018-03-31": "", "2017-12-31": "", "2017-09-30": "", "2017-06-30": "", "2017-03-31": "", "2016-12-31": "", "2016-09-30": "", "2016-06-30": "", "2016-03-31": "", "2015-12-31": "", "2015-09-30": "", "2015-06-30": "", "2015-03-31": "", "2014-12-31": "", "2014-09-30": "", "2014-06-30": "", "2014-03-31": "", "2013-12-31": "", "2013-09-30": "", "2013-06-30": "", "2013-03-31": "", "2012-12-31": "", "2012-09-30": "", "2012-06-30": "", "2012-03-31": "", "2011-12-31": "", "2011-09-30": "", "2011-06-30": "", "2011-03-31": "", "2010-12-31": "", "2010-09-30": "", "2010-06-30": "", "2010-03-31": "", "2009-12-31": "", "2009-09-30": "", "2009-06-30": "", "2009-03-31": "", "2008-12-31": "", "2008-09-30": "", "2008-06-30": "", "2008-03-31": "", "2007-12-31": "", "2007-09-30": "", "2007-06-30": "", "2007-03-31": "", "2006-12-31": "", "2006-09-30": "", "2006-06-30": "", "2006-03-31": "", "2005-12-31": "", "2005-09-30": "", "2005-06-30": "", "2005-03-31": ""}, "EBIT Margin": {"2020-09-30": "", "2020-06-30": "", "2020-03-31": "", "2019-12-31": "", "2019-09-30": "", "2019-06-30": "", "2019-03-31": "", "2018-12-31": "", "2018-09-30": "", "2018-06-30": "", "2018-03-31": "", "2017-12-31": "", "2017-09-30": "", "2017-06-30": "", "2017-03-31": "", "2016-12-31": "", "2016-09-30": "", "2016-06-30": "", "2016-03-31": "", "2015-12-31": "", "2015-09-30": "", "2015-06-30": "", "2015-03-31": "", "2014-12-31": "", "2014-09-30": "", "2014-06-30": "", "2014-03-31": "", "2013-12-31": "", "2013-09-30": "", "2013-06-30": "", "2013-03-31": "", "2012-12-31": "", "2012-09-30": "", "2012-06-30": "", "2012-03-31": "", "2011-12-31": "", "2011-09-30": "", "2011-06-30": "", "2011-03-31": "", "2010-12-31": "", "2010-09-30": "", "2010-06-30": "", "2010-03-31": "", "2009-12-31": "", "2009-09-30": "", "2009-06-30": "", "2009-03-31": "", "2008-12-31": "", "2008-09-30": "", "2008-06-30": "", "2008-03-31": "", "2007-12-31": "", "2007-09-30": "", "2007-06-30": "", "2007-03-31": "", "2006-12-31": "", "2006-09-30": "", "2006-06-30": "", "2006-03-31": "", "2005-12-31": "", "2005-09-30": "", "2005-06-30": "", "2005-03-31": ""}, "EBITDA Margin": {"2020-09-30": "", "2020-06-30": "", "2020-03-31": "", "2019-12-31": "", "2019-09-30": "", "2019-06-30": "", "2019-03-31": "", "2018-12-31": "", "2018-09-30": "", "2018-06-30": "", "2018-03-31": "", "2017-12-31": "", "2017-09-30": "", "2017-06-30": "", "2017-03-31": "", "2016-12-31": "", "2016-09-30": "", "2016-06-30": "", "2016-03-31": "", "2015-12-31": "", "2015-09-30": "", "2015-06-30": "", "2015-03-31": "", "2014-12-31": "", "2014-09-30": "", "2014-06-30": "", "2014-03-31": "", "2013-12-31": "", "2013-09-30": "", "2013-06-30": "", "2013-03-31": "", "2012-12-31": "", "2012-09-30": "", "2012-06-30": "", "2012-03-31": "", "2011-12-31": "", "2011-09-30": "", "2011-06-30": "", "2011-03-31": "", "2010-12-31": "", "2010-09-30": "", "2010-06-30": "", "2010-03-31": "", "2009-12-31": "", "2009-09-30": "", "2009-06-30": "", "2009-03-31": "", "2008-12-31": "", "2008-09-30": "", "2008-06-30": "", "2008-03-31": "", "2007-12-31": "", "2007-09-30": "", "2007-06-30": "", "2007-03-31": "", "2006-12-31": "", "2006-09-30": "", "2006-06-30": "", "2006-03-31": "", "2005-12-31": "", "2005-09-30": "", "2005-06-30": "", "2005-03-31": ""}, "Pre-Tax Profit Margin": {"2020-09-30": "32.72450", "2020-06-30": "16.01560", "2020-03-31": "3.77360", "2019-12-31": "33.19210", "2019-09-30": "40.96730", "2019-06-30": "37.64710", "2019-03-31": "38.92050", "2018-12-31": "40.90270", "2018-09-30": "41.01120", "2018-06-30": "37.53710", "2018-03-31": "42.36590", "2017-12-31": "38.10220", "2017-09-30": "37.04270", "2017-06-30": "37.97860", "2017-03-31": "30.76920", "2016-12-31": "33.87890", "2016-09-30": "32.26890", "2016-06-30": "31.29500", "2016-03-31": "25.00000", "2015-12-31": "26.92620", "2015-09-30": "26.59730", "2015-06-30": "4.65020", "2015-03-31": "26.70770", "2014-12-31": "23.59000", "2014-09-30": "25.35980", "2014-06-30": "31.82310", "2014-03-31": "28.32780", "2013-12-31": "-14.67860", "2013-09-30": "31.77360", "2013-06-30": "21.82730", "2013-03-31": "30.08980", "2012-12-31": "17.69460", "2012-09-30": "30.12710", "2012-06-30": "26.18730", "2012-03-31": "26.47170", "2011-12-31": "24.33350", "2011-09-30": "29.12330", "2011-06-30": "23.36840", "2011-03-31": "17.99680", "2010-12-31": "-27.86260", "2010-09-30": "-20.83610", "2010-06-30": "-46.33150", "2010-03-31": "-30.86680", "2009-12-31": "-235.72860", "2009-09-30": "-145.61110", "2009-06-30": "-22.02020", "2009-03-31": "-3067.85300", "2008-12-31": "-433.45260", "2008-09-30": "12.40710", "2008-06-30": "19.98230", "2008-03-31": "30.69680", "2007-12-31": "9.18600", "2007-09-30": "37.92500", "2007-06-30": "41.37340", "2007-03-31": "40.68300", "2006-12-31": "40.07360", "2006-09-30": "42.85000", "2006-06-30": "40.19070", "2006-03-31": "39.56020", "2005-12-31": "41.04630", "2005-09-30": "43.57740", "2005-06-30": "43.10730", "2005-03-31": "41.42040"}, "Net Profit Margin": {"2020-09-30": "25.41860", "2020-06-30": "11.13280", "2020-03-31": "1.41510", "2019-12-31": "24.57630", "2019-09-30": "30.44100", "2019-06-30": "27.79410", "2019-03-31": "29.11930", "2018-12-31": "30.60650", "2018-09-30": "30.19660", "2018-06-30": "27.74480", "2018-03-31": "31.77440", "2017-12-31": "16.78830", "2017-09-30": "23.17070", "2017-06-30": "23.58350", "2017-03-31": "21.57190", "2016-12-31": "20.29460", "2016-09-30": "19.66390", "2016-06-30": "16.36690", "2016-03-31": "14.96210", "2015-12-31": "16.27450", "2015-09-30": "15.80280", "2015-06-30": "-0.26290", "2015-03-31": "14.03990", "2014-12-31": "12.54170", "2014-09-30": "13.46770", "2014-06-30": "17.54520", "2014-03-31": "13.71820", "2013-12-31": "-13.77700", "2013-09-30": "38.59990", "2013-06-30": "9.58560", "2013-03-31": "15.53990", "2012-12-31": "7.20000", "2012-09-30": "11.02510", "2012-06-30": "10.14690", "2012-03-31": "4.77650", "2011-12-31": "7.91010", "2011-09-30": "11.29210", "2011-06-30": "5.34580", "2011-03-31": "2.96530", "2010-12-31": "-31.84630", "2010-09-30": "-21.32150", "2010-06-30": "-45.98090", "2010-03-31": "-29.09790", "2009-12-31": "-133.64070", "2009-09-30": "-102.76290", "2009-06-30": "-6.91100", "2009-03-31": "-2672.79300", "2008-12-31": "-353.34370", "2008-09-30": "7.84720", "2008-06-30": "15.74630", "2008-03-31": "20.64550", "2007-12-31": "10.85710", "2007-09-30": "23.26940", "2007-06-30": "26.24400", "2007-03-31": "25.22050", "2006-12-31": "24.93220", "2006-09-30": "26.61130", "2006-06-30": "26.09660", "2006-03-31": "25.63840", "2005-12-31": "26.56540", "2005-09-30": "28.00880", "2005-06-30": "27.92620", "2005-03-31": "26.98080"}, "Asset Turnover": {"2020-09-30": "0.00840", "2020-06-30": "0.00670", "2020-03-31": "0.00590", "2019-12-31": "0.01020", "2019-09-30": "0.01000", "2019-06-30": "0.00970", "2019-03-31": "0.01020", "2018-12-31": "0.01030", "2018-09-30": "0.01070", "2018-06-30": "0.01010", "2018-03-31": "0.01090", "2017-12-31": "0.01030", "2017-09-30": "0.01000", "2017-06-30": "0.01000", "2017-03-31": "0.00910", "2016-12-31": "0.00970", "2016-09-30": "0.00970", "2016-06-30": "0.00930", "2016-03-31": "0.00890", "2015-12-31": "0.00910", "2015-09-30": "0.00910", "2015-06-30": "0.00720", "2015-03-31": "0.00930", "2014-12-31": "0.00930", "2014-09-30": "0.01060", "2014-06-30": "0.01080", "2014-03-31": "0.00990", "2013-12-31": "0.00770", "2013-09-30": "0.00980", "2013-06-30": "0.01050", "2013-03-31": "0.01050", "2012-12-31": "0.00890", "2012-09-30": "0.01060", "2012-06-30": "0.01020", "2012-03-31": "0.01010", "2011-12-31": "0.01060", "2011-09-30": "0.01120", "2011-06-30": "0.01060", "2011-03-31": "0.00980", "2010-12-31": "0.00680", "2010-09-30": "0.00740", "2010-06-30": "0.00560", "2010-03-31": "0.00570", "2009-12-31": "0.00260", "2009-09-30": "0.00330", "2009-06-30": "0.00650", "2009-03-31": "0.00060", "2008-12-31": "0.00260", "2008-09-30": "0.00790", "2008-06-30": "0.00810", "2008-03-31": "0.00950", "2007-12-31": "0.00730", "2007-09-30": "0.01130", "2007-06-30": "0.01220", "2007-03-31": "0.01220", "2006-12-31": "0.01220", "2006-09-30": "0.01260", "2006-06-30": "0.01230", "2006-03-31": "0.01240", "2005-12-31": "0.01130", "2005-09-30": "0.01310", "2005-06-30": "0.01290", "2005-03-31": "0.01280"}, "Inventory Turnover Ratio": {"2020-09-30": "", "2020-06-30": "", "2020-03-31": "", "2019-12-31": "", "2019-09-30": "", "2019-06-30": "", "2019-03-31": "", "2018-12-31": "", "2018-09-30": "", "2018-06-30": "", "2018-03-31": "", "2017-12-31": "", "2017-09-30": "", "2017-06-30": "", "2017-03-31": "", "2016-12-31": "", "2016-09-30": "", "2016-06-30": "", "2016-03-31": "", "2015-12-31": "", "2015-09-30": "", "2015-06-30": "", "2015-03-31": "", "2014-12-31": "", "2014-09-30": "", "2014-06-30": "", "2014-03-31": "", "2013-12-31": "", "2013-09-30": "", "2013-06-30": "", "2013-03-31": "", "2012-12-31": "", "2012-09-30": "", "2012-06-30": "", "2012-03-31": "", "2011-12-31": "", "2011-09-30": "", "2011-06-30": "", "2011-03-31": "", "2010-12-31": "", "2010-09-30": "", "2010-06-30": "", "2010-03-31": "", "2009-12-31": "", "2009-09-30": "", "2009-06-30": "", "2009-03-31": "", "2008-12-31": "", "2008-09-30": "", "2008-06-30": "", "2008-03-31": "", "2007-12-31": "", "2007-09-30": "", "2007-06-30": "", "2007-03-31": "", "2006-12-31": "", "2006-09-30": "", "2006-06-30": "", "2006-03-31": "", "2005-12-31": "", "2005-09-30": "", "2005-06-30": "", "2005-03-31": ""}, "Receiveable Turnover": {"2020-09-30": "", "2020-06-30": "", "2020-03-31": "", "2019-12-31": "", "2019-09-30": "", "2019-06-30": "", "2019-03-31": "", "2018-12-31": "", "2018-09-30": "", "2018-06-30": "", "2018-03-31": "", "2017-12-31": "", "2017-09-30": "", "2017-06-30": "", "2017-03-31": "", "2016-12-31": "", "2016-09-30": "", "2016-06-30": "", "2016-03-31": "", "2015-12-31": "", "2015-09-30": "", "2015-06-30": "", "2015-03-31": "", "2014-12-31": "", "2014-09-30": "", "2014-06-30": "", "2014-03-31": "", "2013-12-31": "", "2013-09-30": "", "2013-06-30": "", "2013-03-31": "", "2012-12-31": "", "2012-09-30": "", "2012-06-30": "", "2012-03-31": "", "2011-12-31": "", "2011-09-30": "", "2011-06-30": "", "2011-03-31": "", "2010-12-31": "", "2010-09-30": "", "2010-06-30": "", "2010-03-31": "", "2009-12-31": "", "2009-09-30": "", "2009-06-30": "", "2009-03-31": "", "2008-12-31": "", "2008-09-30": "", "2008-06-30": "", "2008-03-31": "", "2007-12-31": "", "2007-09-30": "", "2007-06-30": "", "2007-03-31": "", "2006-12-31": "", "2006-09-30": "", "2006-06-30": "", "2006-03-31": "", "2005-12-31": "", "2005-09-30": "", "2005-06-30": "", "2005-03-31": ""}, "Days Sales In Receivables": {"2020-09-30": "", "2020-06-30": "", "2020-03-31": "", "2019-12-31": "", "2019-09-30": "", "2019-06-30": "", "2019-03-31": "", "2018-12-31": "", "2018-09-30": "", "2018-06-30": "", "2018-03-31": "", "2017-12-31": "", "2017-09-30": "", "2017-06-30": "", "2017-03-31": "", "2016-12-31": "", "2016-09-30": "", "2016-06-30": "", "2016-03-31": "", "2015-12-31": "", "2015-09-30": "", "2015-06-30": "", "2015-03-31": "", "2014-12-31": "", "2014-09-30": "", "2014-06-30": "", "2014-03-31": "", "2013-12-31": "", "2013-09-30": "", "2013-06-30": "", "2013-03-31": "", "2012-12-31": "", "2012-09-30": "", "2012-06-30": "", "2012-03-31": "", "2011-12-31": "", "2011-09-30": "", "2011-06-30": "", "2011-03-31": "", "2010-12-31": "", "2010-09-30": "", "2010-06-30": "", "2010-03-31": "", "2009-12-31": "", "2009-09-30": "", "2009-06-30": "", "2009-03-31": "", "2008-12-31": "", "2008-09-30": "", "2008-06-30": "", "2008-03-31": "", "2007-12-31": "", "2007-09-30": "", "2007-06-30": "", "2007-03-31": "", "2006-12-31": "", "2006-09-30": "", "2006-06-30": "", "2006-03-31": "", "2005-12-31": "", "2005-09-30": "", "2005-06-30": "", "2005-03-31": ""}, "ROE - Return On Equity": {"2020-09-30": "2.46410", "2020-06-30": "0.94160", "2020-03-31": "0.20270", "2019-12-31": "2.69630", "2019-09-30": "3.19750", "2019-06-30": "2.81530", "2019-03-31": "3.03330", "2018-12-31": "3.22300", "2018-09-30": "3.19160", "2018-06-30": "2.79230", "2018-03-31": "3.36250", "2017-12-31": "1.75730", "2017-09-30": "2.22380", "2017-06-30": "2.33890", "2017-03-31": "1.98010", "2016-12-31": "1.97860", "2016-09-30": "1.82220", "2016-06-30": "1.64820", "2016-03-31": "1.33880", "2015-12-31": "1.52740", "2015-09-30": "1.52250", "2015-06-30": "0.21390", "2015-03-31": "1.42670", "2014-12-31": "1.28530", "2014-09-30": "1.51770", "2014-06-30": "2.09880", "2014-03-31": "1.81310", "2013-12-31": "-0.75950", "2013-09-30": "2.09270", "2013-06-30": "1.61790", "2013-03-31": "2.18620", "2012-12-31": "1.17240", "2012-09-30": "2.28570", "2012-06-30": "1.95070", "2012-03-31": "1.92300", "2011-12-31": "1.92740", "2011-09-30": "2.38190", "2011-06-30": "1.58410", "2011-03-31": "1.14770", "2010-12-31": "-1.57700", "2010-09-30": "-1.02740", "2010-06-30": "-2.45680", "2010-03-31": "-1.46000", "2009-12-31": "-4.40850", "2009-09-30": "-3.78580", "2009-06-30": "-1.21840", "2009-03-31": "-20.70180", "2008-12-31": "-9.79340", "2008-09-30": "0.78200", "2008-06-30": "1.31390", "2008-03-31": "2.05500", "2007-12-31": "1.05990", "2007-09-30": "2.70550", "2007-06-30": "3.19410", "2007-03-31": "3.05220", "2006-12-31": "3.08630", "2006-09-30": "3.30970", "2006-06-30": "3.26740", "2006-03-31": "3.16850", "2005-12-31": "3.02330", "2005-09-30": "4.10010", "2005-06-30": "4.04400", "2005-03-31": "3.90660"}, "Return On Tangible Equity": {"2020-09-30": "2.63080", "2020-06-30": "1.00590", "2020-03-31": "0.21680", "2019-12-31": "2.88690", "2019-09-30": "3.41800", "2019-06-30": "3.00680", "2019-03-31": "3.24000", "2018-12-31": "3.44350", "2018-09-30": "3.41080", "2018-06-30": "2.98210", "2018-03-31": "3.59080", "2017-12-31": "1.87600", "2017-09-30": "2.37250", "2017-06-30": "2.49630", "2017-03-31": "2.07180", "2016-12-31": "2.07200", "2016-09-30": "1.90840", "2016-06-30": "1.72730", "2016-03-31": "1.37930", "2015-12-31": "1.57500", "2015-09-30": "1.52900", "2015-06-30": "0.21490", "2015-03-31": "1.43410", "2014-12-31": "1.29250", "2014-09-30": "1.52690", "2014-06-30": "2.11400", "2014-03-31": "1.82740", "2013-12-31": "-0.76600", "2013-09-30": "2.11240", "2013-06-30": "1.43080", "2013-03-31": "2.08690", "2012-12-31": "1.15750", "2012-09-30": "2.26060", "2012-06-30": "1.68910", "2012-03-31": "1.68430", "2011-12-31": "1.50450", "2011-09-30": "1.86440", "2011-06-30": "1.24750", "2011-03-31": "0.93130", "2010-12-31": "-1.30580", "2010-09-30": "-0.88120", "2010-06-30": "-2.13670", "2010-03-31": "-1.33340", "2009-12-31": "-4.04840", "2009-09-30": "-3.46280", "2009-06-30": "-1.12530", "2009-03-31": "-18.69760", "2008-12-31": "-10.19630", "2008-09-30": "1.20240", "2008-06-30": "2.10540", "2008-03-31": "3.27860", "2007-12-31": "1.70900", "2007-09-30": "4.43090", "2007-06-30": "5.25370", "2007-03-31": "5.01400", "2006-12-31": "5.00990", "2006-09-30": "5.93170", "2006-06-30": "6.08410", "2006-03-31": "6.05990", "2005-12-31": "5.95710", "2005-09-30": "5.31790", "2005-06-30": "5.28610", "2005-03-31": "5.17330"}, "ROA - Return On Assets": {"2020-09-30": "0.22330", "2020-06-30": "0.08630", "2020-03-31": "0.01960", "2019-12-31": "0.26460", "2019-09-30": "0.31550", "2019-06-30": "0.28260", "2019-03-31": "0.30780", "2018-12-31": "0.32870", "2018-09-30": "0.33420", "2018-06-30": "0.29640", "2018-03-31": "0.35800", "2017-12-31": "0.18860", "2017-09-30": "0.24400", "2017-06-30": "0.25670", "2017-03-31": "0.21230", "2016-12-31": "0.21660", "2016-09-30": "0.20810", "2016-06-30": "0.19110", "2016-03-31": "0.15380", "2015-12-31": "0.17100", "2015-09-30": "0.17290", "2015-06-30": "0.02390", "2015-03-31": "0.15990", "2014-12-31": "0.14300", "2014-09-30": "0.17290", "2014-06-30": "0.21690", "2014-03-31": "0.18050", "2013-12-31": "-0.07400", "2013-09-30": "0.20210", "2013-06-30": "0.15120", "2013-03-31": "0.20400", "2012-12-31": "0.10390", "2012-09-30": "0.20640", "2012-06-30": "0.17130", "2012-03-31": "0.16900", "2011-12-31": "0.16700", "2011-09-30": "0.21100", "2011-06-30": "0.14140", "2011-03-31": "0.10350", "2010-12-31": "-0.14190", "2010-09-30": "-0.09300", "2010-06-30": "-0.21740", "2010-03-31": "-0.12210", "2009-12-31": "-0.36280", "2009-09-30": "-0.29580", "2009-06-30": "-0.09840", "2009-03-31": "-1.51540", "2008-12-31": "-0.87940", "2008-09-30": "0.07690", "2008-06-30": "0.12170", "2008-03-31": "0.19690", "2007-12-31": "0.10120", "2007-09-30": "0.27120", "2007-06-30": "0.32700", "2007-03-31": "0.31560", "2006-12-31": "0.31190", "2006-09-30": "0.33570", "2006-06-30": "0.32190", "2006-03-31": "0.31770", "2005-12-31": "0.29950", "2005-09-30": "0.36790", "2005-06-30": "0.36140", "2005-03-31": "0.34570"}, "ROI - Return On Investment": {"2020-09-30": "1.94120", "2020-06-30": "0.73920", "2020-03-31": "0.15110", "2019-12-31": "2.01630", "2019-09-30": "2.53690", "2019-06-30": "2.24110", "2019-03-31": "2.41610", "2018-12-31": "2.72220", "2018-09-30": "2.64470", "2018-06-30": "2.46130", "2018-03-31": "2.96500", "2017-12-31": "1.55050", "2017-09-30": "1.96460", "2017-06-30": "2.06590", "2017-03-31": "1.71330", "2016-12-31": "1.67710", "2016-09-30": "1.53950", "2016-06-30": "1.36940", "2016-03-31": "1.07970", "2015-12-31": "1.22620", "2015-09-30": "1.17680", "2015-06-30": "0.16270", "2015-03-31": "1.07710", "2014-12-31": "0.96690", "2014-09-30": "1.13670", "2014-06-30": "1.38480", "2014-03-31": "1.15740", "2013-12-31": "-0.47460", "2013-09-30": "1.29110", "2013-06-30": "0.91910", "2013-03-31": "1.26830", "2012-12-31": "0.68790", "2012-09-30": "1.32930", "2012-06-30": "1.04360", "2012-03-31": "1.03120", "2011-12-31": "0.99320", "2011-09-30": "1.23300", "2011-06-30": "0.82580", "2011-03-31": "0.60740", "2010-12-31": "-0.84280", "2010-09-30": "-0.56270", "2010-06-30": "-1.35670", "2010-03-31": "-0.80190", "2009-12-31": "-2.39550", "2009-09-30": "-1.96640", "2009-06-30": "-0.67700", "2009-03-31": "-9.96460", "2008-12-31": "-5.36990", "2008-09-30": "0.52350", "2008-06-30": "0.85640", "2008-03-31": "1.33530", "2007-12-31": "0.69050", "2007-09-30": "1.78330", "2007-06-30": "2.11220", "2007-03-31": "2.00510", "2006-12-31": "1.99470", "2006-09-30": "2.11180", "2006-06-30": "2.11200", "2006-03-31": "2.02070", "2005-12-31": "1.89830", "2005-09-30": "2.62480", "2005-06-30": "2.55490", "2005-03-31": "2.45200"}, "Book Value Per Share": {"2020-09-30": "46.75350", "2020-06-30": "46.19520", "2020-03-31": "45.60210", "2019-12-31": "44.54820", "2019-09-30": "44.07390", "2019-06-30": "42.94800", "2019-03-31": "41.57510", "2018-12-31": "40.40440", "2018-09-30": "39.30390", "2018-06-30": "39.00360", "2018-03-31": "38.79220", "2017-12-31": "38.87470", "2017-09-30": "38.86100", "2017-06-30": "38.33650", "2017-03-31": "38.15490", "2016-12-31": "37.59020", "2016-09-30": "37.67140", "2016-06-30": "37.18300", "2016-03-31": "37.28160", "2015-12-31": "36.72650", "2015-09-30": "37.39050", "2015-06-30": "36.95960", "2015-03-31": "36.68580", "2014-12-31": "36.30040", "2014-09-30": "36.08790", "2014-06-30": "36.19460", "2014-03-31": "35.62140", "2013-12-31": "35.00450", "2013-09-30": "34.30560", "2013-06-30": "37.19610", "2013-03-31": "34.46830", "2012-12-31": "32.83750", "2012-09-30": "32.13720", "2012-06-30": "35.24570", "2012-03-31": "34.66780", "2011-12-31": "37.92450", "2011-09-30": "37.54280", "2011-06-30": "37.50780", "2011-03-31": "36.68450", "2010-12-31": "36.36650", "2010-09-30": "36.65080", "2010-06-30": "37.04530", "2010-03-31": "36.53720", "2009-12-31": "37.96080", "2009-09-30": "41.74730", "2009-06-30": "46.00260", "2009-03-31": "48.37890", "2008-12-31": "56.60420", "2008-09-30": "48.53570", "2008-06-30": "49.28490", "2008-03-31": "50.01180", "2007-12-31": "49.41140", "2007-09-30": "49.16100", "2007-06-30": "48.36170", "2007-03-31": "48.24460", "2006-12-31": "46.72950", "2006-09-30": "43.47330", "2006-06-30": "41.71510", "2006-03-31": "40.95240", "2005-12-31": "40.29810", "2005-09-30": "33.29940", "2005-06-30": "32.62060", "2005-03-31": "31.39100"}, "Operating Cash Flow Per Share": {"2020-09-30": 0.9254, "2020-06-30": 1.5362, "2020-03-31": "0.88440", "2019-12-31": 1.8347, "2019-09-30": 0.7391, "2019-06-30": 1.3785, "2019-03-31": "-0.21510", "2018-12-31": 1.6855, "2018-09-30": 1.9162, "2018-06-30": 0.7852, "2018-03-31": "1.30800", "2017-12-31": 0.5862, "2017-09-30": 1.0734, "2017-06-30": 0.9608, "2017-03-31": "1.80600", "2016-12-31": 0.8905, "2016-09-30": 1.0396, "2016-06-30": -0.0266, "2016-03-31": "1.01420", "2015-12-31": 0.3854, "2015-09-30": 1.0356, "2015-06-30": 0.4193, "2015-03-31": "0.43760", "2014-12-31": 0.1888, "2014-09-30": 1.0086, "2014-06-30": 0.0717, "2014-03-31": "0.70370", "2013-12-31": 0.4023, "2013-09-30": 1.468, "2013-06-30": 1.5595, "2013-03-31": "1.10150", "2012-12-31": 0.7329, "2012-09-30": 0.5065, "2012-06-30": 1.4223, "2012-03-31": "1.35600", "2011-12-31": 1.3311, "2011-09-30": 1.1536, "2011-06-30": 1.8888, "2011-03-31": "1.47930", "2010-12-31": 2.3187, "2010-09-30": 1.8558, "2010-06-30": 0.2494, "2010-03-31": "4.43850", "2009-12-31": -1.3866, "2009-09-30": 5.4548, "2009-06-30": 1.9308, "2009-03-31": "2.50660", "2008-12-31": 3.6516, "2008-09-30": 4.5206, "2008-06-30": -0.1667, "2008-03-31": "2.87100", "2007-12-31": 2.0104, "2007-09-30": 1.9429, "2007-06-30": 1.6515, "2007-03-31": "1.15580", "2006-12-31": 3.62, "2006-09-30": 1.7508, "2006-06-30": 2.2735, "2006-03-31": "1.97620", "2005-12-31": 4.1772, "2005-09-30": -0.1575, "2005-06-30": 1.2342, "2005-03-31": "2.85620"}, "Free Cash Flow Per Share": {"2020-09-30": 0.6732, "2020-06-30": 1.1992, "2020-03-31": "0.72260", "2019-12-31": 1.7243, "2019-09-30": 0.5395, "2019-06-30": 1.1893, "2019-03-31": "-0.34320", "2018-12-31": 1.4982, "2018-09-30": 1.7368, "2018-06-30": 0.6604, "2018-03-31": "1.17480", "2017-12-31": 0.4162, "2017-09-30": 0.8888, "2017-06-30": 0.7469, "2017-03-31": "1.56840", "2016-12-31": 0.6295, "2016-09-30": 0.7909, "2016-06-30": -0.2804, "2016-03-31": "0.81820", "2015-12-31": 0.1343, "2015-09-30": 0.848, "2015-06-30": 0.2524, "2015-03-31": "0.27240", "2014-12-31": -0.019, "2014-09-30": 0.9131, "2014-06-30": -0.1213, "2014-03-31": "0.28820", "2013-12-31": 0.2651, "2013-09-30": 1.3557, "2013-06-30": 1.4145, "2013-03-31": "1.01540", "2012-12-31": 0.6186, "2012-09-30": 0.4241, "2012-06-30": 1.326, "2012-03-31": "1.27310", "2011-12-31": 1.2442, "2011-09-30": 1.0312, "2011-06-30": 1.7837, "2011-03-31": "1.36830", "2010-12-31": 2.1793, "2010-09-30": 1.7203, "2010-06-30": 0.151, "2010-03-31": "4.33560", "2009-12-31": -1.6505, "2009-09-30": 5.395, "2009-06-30": 1.7594, "2009-03-31": "2.22120", "2008-12-31": 3.3902, "2008-09-30": 4.1768, "2008-06-30": -0.3246, "2008-03-31": "2.69740", "2007-12-31": 1.8237, "2007-09-30": 1.7029, "2007-06-30": 1.4267, "2007-03-31": "0.96710", "2006-12-31": 3.277, "2006-09-30": 1.456, "2006-06-30": 2.0104, "2006-03-31": "1.77740", "2005-12-31": 4.0108, "2005-09-30": -0.3291, "2005-06-30": 1.045, "2005-03-31": "2.70960"}}, "revenue": {"Zions Bancorporation, N.A Annual Revenue (Millions of US $)": {"2020": "$2,942", "2019": "$3,245", "2018": "$3,033", "2017": "$2,736", "2016": "$2,470", "2015": "$2,190", "2014": "$2,346", "2013": "$2,279", "2012": "$2,459", "2011": "$2,687", "2010": "$2,760", "2009": "$3,319", "2008": "$3,165", "2007": "$3,618", "2006": "$3,369", "2005": "$2,347"}, "Zions Bancorporation, N.A Quarterly Revenue (Millions of US $)": {"2020-12-31": "$737", "2020-09-30": "$738", "2020-06-30": "$712", "2020-03-31": "$756", "2019-12-31": "$799", "2019-09-30": "$823", "2019-06-30": "$816", "2019-03-31": "$807", "2018-12-31": "$795", "2018-09-30": "$767", "2018-06-30": "$744", "2018-03-31": "$727", "2017-12-31": "$703", "2017-09-30": "$696", "2017-06-30": "$690", "2017-03-31": "$647", "2016-12-31": "$629", "2016-09-30": "$636", "2016-06-30": "$613", "2016-03-31": "$592", "2015-12-31": "$591", "2015-09-30": "$582", "2015-06-30": "$451", "2015-03-31": "$566", "2014-12-31": "$575", "2014-09-30": "$576", "2014-06-30": "$588", "2014-03-31": "$606", "2013-12-31": "$459", "2013-09-30": "$596", "2013-06-30": "$618", "2013-03-31": "$606", "2012-12-31": "$552", "2012-09-30": "$634", "2012-06-30": "$641", "2012-03-31": "$631", "2011-12-31": "$638", "2011-09-30": "$675", "2011-06-30": "$687", "2011-03-31": "$687", "2010-12-31": "$687", "2010-09-30": "$692", "2010-06-30": "$693", "2010-03-31": "$688", "2009-12-31": "$672", "2009-09-30": "$903", "2009-06-30": "$1,250", "2009-03-31": "$494", "2008-12-31": "$643", "2008-09-30": "$825", "2008-06-30": "$795", "2008-03-31": "$901", "2007-12-31": "$807", "2007-09-30": "$964", "2007-06-30": "$931", "2007-03-31": "$916", "2006-12-31": "$901", "2006-09-30": "$877", "2006-06-30": "$824", "2006-03-31": "$767", "2005-12-31": "$666", "2005-09-30": "$594", "2005-06-30": "$562", "2005-03-31": "$526"}}, "gross-profit": {"Zions Bancorporation, N.A Annual Gross Profit (Millions of US $)": {"2020": "$2,789", "2019": "$2,834", "2018": "$2,782", "2017": "$2,609", "2016": "$2,383", "2015": "$2,072", "2014": "$2,173", "2013": "$2,034", "2012": "$2,152", "2011": "$2,254", "2010": "$2,168", "2009": "$2,702", "2008": "$2,162", "2007": "$2,294", "2006": "$2,316", "2005": "$1,798"}, "Zions Bancorporation, N.A Quarterly Gross Profit (Millions of US $)": {"2020-12-31": "$716", "2020-09-30": "$712", "2020-06-30": "$680", "2020-03-31": "$682", "2019-12-31": "$712", "2019-09-30": "$713", "2019-06-30": "$701", "2019-03-31": "$708", "2018-12-31": "$715", "2018-09-30": "$701", "2018-06-30": "$686", "2018-03-31": "$680", "2017-12-31": "$667", "2017-09-30": "$661", "2017-06-30": "$660", "2017-03-31": "$621", "2016-12-31": "$608", "2016-09-30": "$614", "2016-06-30": "$591", "2016-03-31": "$570", "2015-12-31": "$567", "2015-09-30": "$551", "2015-06-30": "$419", "2015-03-31": "$535", "2014-12-31": "$544", "2014-09-30": "$533", "2014-06-30": "$541", "2014-03-31": "$555", "2013-12-31": "$401", "2013-09-30": "$538", "2013-06-30": "$556", "2013-03-31": "$539", "2012-12-31": "$484", "2012-09-30": "$563", "2012-06-30": "$555", "2012-03-31": "$549", "2011-12-31": "$560", "2011-09-30": "$592", "2011-06-30": "$545", "2011-03-31": "$558", "2010-12-31": "$520", "2010-09-30": "$562", "2010-06-30": "$523", "2010-03-31": "$563", "2009-12-31": "$523", "2009-09-30": "$743", "2009-06-30": "$1,106", "2009-03-31": "$330", "2008-12-31": "$426", "2008-09-30": "$582", "2008-06-30": "$557", "2008-03-31": "$597", "2007-12-31": "$459", "2007-09-30": "$622", "2007-06-30": "$611", "2007-03-31": "$602", "2006-12-31": "$599", "2006-09-30": "$592", "2006-06-30": "$574", "2006-03-31": "$551", "2005-12-31": "$492", "2005-09-30": "$451", "2005-06-30": "$437", "2005-03-31": "$418"}}, "operating-income": {"Zions Bancorporation, N.A Annual Operating Income (Millions of US $)": {"2020": "$672", "2019": "$1,053", "2018": "$1,143", "2017": "$936", "2016": "$705", "2015": "$451", "2014": "$621", "2013": "$406", "2012": "$542", "2011": "$521", "2010": "$-403", "2009": "$-1,623", "2008": "$39", "2007": "$737", "2006": "$935", "2005": "$751"}, "Zions Bancorporation, N.A Quarterly Operating Income (Millions of US $)": {"2020-12-31": "$359", "2020-09-30": "$215", "2020-06-30": "$82", "2020-03-31": "$16", "2019-12-31": "$235", "2019-09-30": "$288", "2019-06-30": "$256", "2019-03-31": "$274", "2018-12-31": "$290", "2018-09-30": "$292", "2018-06-30": "$253", "2018-03-31": "$308", "2017-12-31": "$261", "2017-09-30": "$243", "2017-06-30": "$248", "2017-03-31": "$184", "2016-12-31": "$201", "2016-09-30": "$192", "2016-06-30": "$174", "2016-03-31": "$132", "2015-12-31": "$147", "2015-09-30": "$142", "2015-06-30": "$19", "2015-03-31": "$143", "2014-12-31": "$126", "2014-09-30": "$149", "2014-06-30": "$190", "2014-03-31": "$157", "2013-12-31": "$-63", "2013-09-30": "$173", "2013-06-30": "$126", "2013-03-31": "$171", "2012-12-31": "$88", "2012-09-30": "$170", "2012-06-30": "$143", "2012-03-31": "$141", "2011-12-31": "$137", "2011-09-30": "$168", "2011-06-30": "$127", "2011-03-31": "$90", "2010-12-31": "$-96", "2010-09-30": "$-79", "2010-06-30": "$-136", "2010-03-31": "$-92", "2009-12-31": "$-945", "2009-09-30": "$-258", "2009-06-30": "$-76", "2009-03-31": "$-344", "2008-12-31": "$-257", "2008-09-30": "$53", "2008-06-30": "$89", "2008-03-31": "$155", "2007-12-31": "$42", "2007-09-30": "$216", "2007-06-30": "$247", "2007-03-31": "$244", "2006-12-31": "$237", "2006-09-30": "$250", "2006-06-30": "$233", "2006-03-31": "$220", "2005-12-31": "$206", "2005-09-30": "$192", "2005-06-30": "$183", "2005-03-31": "$170"}}, "ebitda": {"Zions Bancorporation, N.A Annual EBITDA (Millions of US $)": {"2019": "$", "2018": "$", "2017": "$", "2016": "$", "2015": "$", "2014": "$", "2013": "$", "2012": "$", "2011": "$", "2010": "$", "2009": "$", "2008": "$", "2007": "$", "2006": "$", "2005": "$"}, "Zions Bancorporation, N.A Quarterly EBITDA (Millions of US $)": {"2020-09-30": "", "2020-06-30": "", "2020-03-31": "", "2019-12-31": "", "2019-09-30": "", "2019-06-30": "", "2019-03-31": "", "2018-12-31": "", "2018-09-30": "", "2018-06-30": "", "2018-03-31": "", "2017-12-31": "", "2017-09-30": "", "2017-06-30": "", "2017-03-31": "", "2016-12-31": "", "2016-09-30": "", "2016-06-30": "", "2016-03-31": "", "2015-12-31": "", "2015-09-30": "", "2015-06-30": "", "2015-03-31": "", "2014-12-31": "", "2014-09-30": "", "2014-06-30": "", "2014-03-31": "", "2013-12-31": "", "2013-09-30": "", "2013-06-30": "", "2013-03-31": "", "2012-12-31": "", "2012-09-30": "", "2012-06-30": "", "2012-03-31": "", "2011-12-31": "", "2011-09-30": "", "2011-06-30": "", "2011-03-31": "", "2010-12-31": "", "2010-09-30": "", "2010-06-30": "", "2010-03-31": "", "2009-12-31": "", "2009-09-30": "", "2009-06-30": "", "2009-03-31": "", "2008-12-31": "", "2008-09-30": "", "2008-06-30": "", "2008-03-31": "", "2007-12-31": "", "2007-09-30": "", "2007-06-30": "", "2007-03-31": "", "2006-12-31": "", "2006-09-30": "", "2006-06-30": "", "2006-03-31": "", "2005-12-31": "", "2005-09-30": "", "2005-06-30": "", "2005-03-31": ""}}, "net-income": {"Zions Bancorporation, N.A Annual Net Income (Millions of US $)": {"2020": "$505", "2019": "$782", "2018": "$850", "2017": "$550", "2016": "$411", "2015": "$247", "2014": "$327", "2013": "$294", "2012": "$179", "2011": "$153", "2010": "$-413", "2009": "$-1,234", "2008": "$-291", "2007": "$479", "2006": "$579", "2005": "$480"}, "Zions Bancorporation, N.A Quarterly Net Income (Millions of US $)": {"2020-12-31": "$275", "2020-09-30": "$167", "2020-06-30": "$57", "2020-03-31": "$6", "2019-12-31": "$174", "2019-09-30": "$214", "2019-06-30": "$189", "2019-03-31": "$205", "2018-12-31": "$217", "2018-09-30": "$215", "2018-06-30": "$187", "2018-03-31": "$231", "2017-12-31": "$115", "2017-09-30": "$152", "2017-06-30": "$154", "2017-03-31": "$129", "2016-12-31": "$124", "2016-09-30": "$117", "2016-06-30": "$91", "2016-03-31": "$79", "2015-12-31": "$89", "2015-09-30": "$84", "2015-06-30": "$-1", "2015-03-31": "$75", "2014-12-31": "$67", "2014-09-30": "$79", "2014-06-30": "$104", "2014-03-31": "$76", "2013-12-31": "$-59", "2013-09-30": "$210", "2013-06-30": "$55", "2013-03-31": "$88", "2012-12-31": "$36", "2012-09-30": "$62", "2012-06-30": "$55", "2012-03-31": "$25", "2011-12-31": "$44", "2011-09-30": "$65", "2011-06-30": "$29", "2011-03-31": "$15", "2010-12-31": "$-110", "2010-09-30": "$-80", "2010-06-30": "$-135", "2010-03-31": "$-87", "2009-12-31": "$-176", "2009-09-30": "$-182", "2009-06-30": "$-24", "2009-03-31": "$-852", "2008-12-31": "$-498", "2008-09-30": "$33", "2008-06-30": "$70", "2008-03-31": "$104", "2007-12-31": "$42", "2007-09-30": "$132", "2007-06-30": "$156", "2007-03-31": "$150", "2006-12-31": "$143", "2006-09-30": "$154", "2006-06-30": "$145", "2006-03-31": "$138", "2005-12-31": "$128", "2005-09-30": "$123", "2005-06-30": "$119", "2005-03-31": "$110"}}, "eps-earnings-per-share-diluted": {"Zions Bancorporation, N.A Annual EPS": {"2020": "$3.02", "2019": "$4.16", "2018": "$4.08", "2017": "$2.60", "2016": "$1.99", "2015": "$1.20", "2014": "$1.68", "2013": "$1.58", "2012": "$0.97", "2011": "$0.83", "2010": "$-2.48", "2009": "$-9.92", "2008": "$-2.68", "2007": "$4.40", "2006": "$5.36", "2005": "$5.16"}, "Zions Bancorporation, N.A Quarterly EPS": {"2020-12-31": "$1.66", "2020-09-30": "$1.01", "2020-06-30": "$0.34", "2020-03-31": "$0.04", "2019-12-31": "$0.96", "2019-09-30": "$1.17", "2019-06-30": "$0.99", "2019-03-31": "$1.04", "2018-12-31": "$1.06", "2018-09-30": "$1.04", "2018-06-30": "$0.89", "2018-03-31": "$1.09", "2017-12-31": "$0.54", "2017-09-30": "$0.72", "2017-06-30": "$0.73", "2017-03-31": "$0.61", "2016-12-31": "$0.60", "2016-09-30": "$0.57", "2016-06-30": "$0.44", "2016-03-31": "$0.38", "2015-12-31": "$0.43", "2015-09-30": "$0.41", "2015-06-30": "$-0.01", "2015-03-31": "$0.37", "2014-12-31": "$0.31", "2014-09-30": "$0.40", "2014-06-30": "$0.56", "2014-03-31": "$0.41", "2013-12-31": "$-0.32", "2013-09-30": "$1.12", "2013-06-30": "$0.30", "2013-03-31": "$0.48", "2012-12-31": "$0.19", "2012-09-30": "$0.34", "2012-06-30": "$0.30", "2012-03-31": "$0.14", "2011-12-31": "$0.24", "2011-09-30": "$0.35", "2011-06-30": "$0.16", "2011-03-31": "$0.08", "2010-12-31": "$-0.60", "2010-09-30": "$-0.47", "2010-06-30": "$-0.84", "2010-03-31": "$-0.57", "2009-12-31": "$-0.81", "2009-09-30": "$-1.43", "2009-06-30": "$-0.21", "2009-03-31": "$-7.47", "2008-12-31": "$-4.61", "2008-09-30": "$0.31", "2008-06-30": "$0.65", "2008-03-31": "$0.97", "2007-12-31": "$0.39", "2007-09-30": "$1.22", "2007-06-30": "$1.43", "2007-03-31": "$1.36", "2006-12-31": "$1.31", "2006-09-30": "$1.42", "2006-06-30": "$1.35", "2006-03-31": "$1.28", "2005-12-31": "$1.32", "2005-09-30": "$1.34", "2005-06-30": "$1.30", "2005-03-31": "$1.20"}}, "shares-outstanding": {"Zions Bancorporation, N.A Annual Shares Outstanding (Millions of Shares)": {"2020": "166", "2019": "187", "2018": "207", "2017": "210", "2016": "204", "2015": "204", "2014": "193", "2013": "184", "2012": "183", "2011": "183", "2010": "166", "2009": "124", "2008": "109", "2007": "108", "2006": "108", "2005": "93"}, "Zions Bancorporation, N.A Quarterly Shares Outstanding (Millions of Shares)": {"2020-12-31": "164", "2020-09-30": "164", "2020-06-30": "164", "2020-03-31": "173", "2019-12-31": "187", "2019-09-30": "182", "2019-06-30": "189", "2019-03-31": "195", "2018-12-31": "207", "2018-09-30": "206", "2018-06-30": "209", "2018-03-31": "210", "2017-12-31": "210", "2017-09-30": "209", "2017-06-30": "208", "2017-03-31": "210", "2016-12-31": "204", "2016-09-30": "205", "2016-06-30": "205", "2016-03-31": "204", "2015-12-31": "204", "2015-09-30": "204", "2015-06-30": "203", "2015-03-31": "203", "2014-12-31": "193", "2014-09-30": "197", "2014-06-30": "185", "2014-03-31": "185", "2013-12-31": "184", "2013-09-30": "185", "2013-06-30": "184", "2013-03-31": "184", "2012-12-31": "183", "2012-09-30": "183", "2012-06-30": "183", "2012-03-31": "183", "2011-12-31": "183", "2011-09-30": "184", "2011-06-30": "183", "2011-03-31": "182", "2010-12-31": "166", "2010-09-30": "173", "2010-06-30": "162", "2010-03-31": "151", "2009-12-31": "124", "2009-09-30": "128", "2009-06-30": "116", "2009-03-31": "114", "2008-12-31": "109", "2008-09-30": "108", "2008-06-30": "107", "2008-03-31": "107", "2007-12-31": "108", "2007-09-30": "108", "2007-06-30": "109", "2007-03-31": "110", "2006-12-31": "108", "2006-09-30": "108", "2006-06-30": "108", "2006-03-31": "108", "2005-12-31": "93", "2005-09-30": "92", "2005-06-30": "92", "2005-03-31": "91"}}, "total-assets": {"Zions Bancorporation, N.A Annual Total Assets (Millions of US $)": {"2019": "$69,172", "2018": "$68,746", "2017": "$66,288", "2016": "$63,239", "2015": "$59,665", "2014": "$57,209", "2013": "$56,031", "2012": "$55,512", "2011": "$53,149", "2010": "$51,035", "2009": "$51,123", "2008": "$55,093", "2007": "$52,947", "2006": "$46,970", "2005": "$42,780"}, "Zions Bancorporation, N.A Quarterly Total Assets (Millions of US $)": {"2020-09-30": "$78,357", "2020-06-30": "$76,447", "2020-03-31": "$71,467", "2019-12-31": "$69,172", "2019-09-30": "$70,361", "2019-06-30": "$70,065", "2019-03-31": "$69,195", "2018-12-31": "$68,746", "2018-09-30": "$66,731", "2018-06-30": "$66,457", "2018-03-31": "$66,481", "2017-12-31": "$66,288", "2017-09-30": "$65,564", "2017-06-30": "$65,446", "2017-03-31": "$65,463", "2016-12-31": "$63,239", "2016-09-30": "$61,039", "2016-06-30": "$59,643", "2016-03-31": "$59,180", "2015-12-31": "$59,665", "2015-09-30": "$58,411", "2015-06-30": "$58,365", "2015-03-31": "$57,556", "2014-12-31": "$57,209", "2014-09-30": "$55,459", "2014-06-30": "$55,111", "2014-03-31": "$56,081", "2013-12-31": "$56,031", "2013-09-30": "$55,188", "2013-06-30": "$54,905", "2013-03-31": "$54,111", "2012-12-31": "$55,512", "2012-09-30": "$53,087", "2012-06-30": "$53,407", "2012-03-31": "$52,896", "2011-12-31": "$53,149", "2011-09-30": "$51,531", "2011-06-30": "$51,361", "2011-03-31": "$50,808", "2010-12-31": "$51,035", "2010-09-30": "$51,048", "2010-06-30": "$52,147", "2010-03-31": "$51,713", "2009-12-31": "$51,123", "2009-09-30": "$53,298", "2009-06-30": "$52,768", "2009-03-31": "$54,545", "2008-12-31": "$55,093", "2008-09-30": "$53,974", "2008-06-30": "$54,631", "2008-03-31": "$53,408", "2007-12-31": "$52,947", "2007-09-30": "$50,045", "2007-06-30": "$48,691", "2007-03-31": "$48,559", "2006-12-31": "$46,970", "2006-09-30": "$45,778", "2006-06-30": "$45,142", "2006-03-31": "$43,318", "2005-12-31": "$42,780", "2005-09-30": "$33,423", "2005-06-30": "$32,875", "2005-03-31": "$31,883"}}, "cash-on-hand": {"Zions Bancorporation, N.A Annual Cash on Hand (Millions of US $)": {"2019": "$2,114", "2018": "$2,800", "2017": "$1,992", "2016": "$2,831", "2015": "$7,574", "2014": "$9,477", "2013": "$9,667", "2012": "$10,625", "2011": "$8,388", "2010": "$5,679", "2009": "$2,125", "2008": "$4,221", "2007": "$3,377", "2006": "$2,372", "2005": "$2,475"}, "Zions Bancorporation, N.A Quarterly Cash on Hand (Millions of US $)": {"2020-09-30": "$4,434", "2020-06-30": "$2,575", "2020-03-31": "$2,665", "2019-12-31": "$2,114", "2019-09-30": "$2,729", "2019-06-30": "$1,940", "2019-03-31": "$1,992", "2018-12-31": "$2,800", "2018-09-30": "$1,843", "2018-06-30": "$1,931", "2018-03-31": "$2,026", "2017-12-31": "$1,992", "2017-09-30": "$1,829", "2017-06-30": "$2,136", "2017-03-31": "$2,730", "2016-12-31": "$2,831", "2016-09-30": "$3,826", "2016-06-30": "$3,454", "2016-03-31": "$5,210", "2015-12-31": "$7,574", "2015-09-30": "$8,560", "2015-06-30": "$9,898", "2015-03-31": "$9,103", "2014-12-31": "$9,477", "2014-09-30": "$8,465", "2014-06-30": "$8,306", "2014-03-31": "$9,935", "2013-12-31": "$9,667", "2013-09-30": "$9,793", "2013-06-30": "$9,611", "2013-03-31": "$9,083", "2012-12-31": "$10,625", "2012-09-30": "$8,555", "2012-06-30": "$9,116", "2012-03-31": "$8,783", "2011-12-31": "$8,388", "2011-09-30": "$6,436", "2011-06-30": "$6,134", "2011-03-31": "$5,762", "2010-12-31": "$5,679", "2010-09-30": "$5,689", "2010-06-30": "$6,120", "2010-03-31": "$4,624", "2009-12-31": "$2,125", "2009-09-30": "$3,401", "2009-06-30": "$2,761", "2009-03-31": "$3,658", "2008-12-31": "$4,221", "2008-09-30": "$2,501", "2008-06-30": "$3,067", "2008-03-31": "$3,756", "2007-12-31": "$3,377", "2007-09-30": "$2,518", "2007-06-30": "$2,307", "2007-03-31": "$2,592", "2006-12-31": "$2,372", "2006-09-30": "$2,094", "2006-06-30": "$2,420", "2006-03-31": "$2,206", "2005-12-31": "$2,475", "2005-09-30": "$2,464", "2005-06-30": "$2,115", "2005-03-31": "$1,989"}}, "long-term-debt": {"Zions Bancorporation, N.A Annual Long Term Debt (Millions of US $)": {"2019": "$3,776", "2018": "$6,377", "2017": "$5,359", "2016": "$1,362", "2015": "$812", "2014": "$1,092", "2013": "$2,274", "2012": "$2,337", "2011": "$1,954", "2010": "$1,943", "2009": "$2,033", "2008": "$4,661", "2007": "$5,773", "2006": "$3,013", "2005": "$2,765"}, "Zions Bancorporation, N.A Quarterly Long Term Debt (Millions of US $)": {"2020-09-30": "$1,347", "2020-06-30": "$1,353", "2020-03-31": "$1,795", "2019-12-31": "$1,723", "2019-09-30": "$1,242", "2019-06-30": "$1,236", "2019-03-31": "$1,228", "2018-12-31": "$6,377", "2018-09-30": "$879", "2018-06-30": "$383", "2018-03-31": "$383", "2017-12-31": "$5,359", "2017-09-30": "$383", "2017-06-30": "$383", "2017-03-31": "$383", "2016-12-31": "$1,362", "2016-09-30": "$570", "2016-06-30": "$699", "2016-03-31": "$802", "2015-12-31": "$812", "2015-09-30": "$945", "2015-06-30": "$1,051", "2015-03-31": "$1,089", "2014-12-31": "$1,092", "2014-09-30": "$1,114", "2014-06-30": "$1,933", "2014-03-31": "$2,159", "2013-12-31": "$2,274", "2013-09-30": "$2,304", "2013-06-30": "$2,173", "2013-03-31": "$2,353", "2012-12-31": "$2,337", "2012-09-30": "$2,327", "2012-06-30": "$2,275", "2012-03-31": "$2,283", "2011-12-31": "$1,954", "2011-09-30": "$1,898", "2011-06-30": "$1,880", "2011-03-31": "$1,913", "2010-12-31": "$1,943", "2010-09-30": "$1,939", "2010-06-30": "$1,934", "2010-03-31": "$2,016", "2009-12-31": "$2,033", "2009-09-30": "$2,388", "2009-06-30": "$1,985", "2009-03-31": "$3,273", "2008-12-31": "$4,661", "2008-09-30": "$7,154", "2008-06-30": "$7,595", "2008-03-31": "$6,602", "2007-12-31": "$5,773", "2007-09-30": "$4,520", "2007-06-30": "$3,106", "2007-03-31": "$2,835", "2006-12-31": "$3,013", "2006-09-30": "$3,080", "2006-06-30": "$3,783", "2006-03-31": "$2,606", "2005-12-31": "$2,765", "2005-09-30": "$1,925", "2005-06-30": "$2,254", "2005-03-31": "$2,063"}}, "total-liabilities": {"Zions Bancorporation, N.A Annual Total Liabilities (Millions of US $)": {"2019": "$61,819", "2018": "$61,168", "2017": "$58,609", "2016": "$55,605", "2015": "$52,157", "2014": "$49,839", "2013": "$49,567", "2012": "$49,463", "2011": "$46,166", "2010": "$44,388", "2009": "$45,413", "2008": "$48,564", "2007": "$47,655", "2006": "$41,983", "2005": "$38,542"}, "Zions Bancorporation, N.A Quarterly Total Liabilities (Millions of US $)": {"2020-09-30": "$70,689", "2020-06-30": "$68,872", "2020-03-31": "$63,995", "2019-12-31": "$61,819", "2019-09-30": "$62,852", "2019-06-30": "$62,466", "2019-03-31": "$61,607", "2018-12-31": "$61,168", "2018-09-30": "$59,178", "2018-06-30": "$58,836", "2018-03-31": "$58,837", "2017-12-31": "$58,609", "2017-09-30": "$57,803", "2017-06-30": "$57,697", "2017-03-31": "$57,733", "2016-12-31": "$55,605", "2016-09-30": "$53,360", "2016-06-30": "$52,017", "2016-03-31": "$51,554", "2015-12-31": "$52,157", "2015-09-30": "$50,773", "2015-06-30": "$50,835", "2015-03-31": "$50,102", "2014-12-31": "$49,839", "2014-09-30": "$48,137", "2014-06-30": "$48,411", "2014-03-31": "$49,495", "2013-12-31": "$49,567", "2013-09-30": "$48,856", "2013-06-30": "$48,044", "2013-03-31": "$47,760", "2012-12-31": "$49,463", "2012-09-30": "$47,169", "2012-06-30": "$46,918", "2012-03-31": "$46,510", "2011-12-31": "$46,166", "2011-09-30": "$44,612", "2011-06-30": "$44,448", "2011-03-31": "$44,063", "2010-12-31": "$44,388", "2010-09-30": "$44,553", "2010-06-30": "$45,726", "2010-03-31": "$45,856", "2009-12-31": "$45,413", "2009-09-30": "$47,604", "2009-06-30": "$47,013", "2009-03-31": "$48,965", "2008-12-31": "$48,564", "2008-09-30": "$48,378", "2008-06-30": "$49,332", "2008-03-31": "$48,050", "2007-12-31": "$47,655", "2007-09-30": "$44,788", "2007-06-30": "$43,467", "2007-03-31": "$43,298", "2006-12-31": "$41,983", "2006-09-30": "$41,135", "2006-06-30": "$40,695", "2006-03-31": "$38,974", "2005-12-31": "$38,542", "2005-09-30": "$30,424", "2005-06-30": "$29,937", "2005-03-31": "$29,062"}}, "total-share-holder-equity": {"Zions Bancorporation, N.A Annual Share Holder Equity (Millions of US $)": {"2019": "$7,353", "2018": "$7,578", "2017": "$7,679", "2016": "$7,634", "2015": "$7,508", "2014": "$7,370", "2013": "$6,465", "2012": "$6,049", "2011": "$6,983", "2010": "$6,647", "2009": "$5,710", "2008": "$6,529", "2007": "$5,293", "2006": "$4,987", "2005": "$4,237"}, "Zions Bancorporation, N.A Quarterly Share Holder Equity (Millions of US $)": {"2020-09-30": "$7,668", "2020-06-30": "$7,575", "2020-03-31": "$7,472", "2019-12-31": "$7,353", "2019-09-30": "$7,509", "2019-06-30": "$7,599", "2019-03-31": "$7,588", "2018-12-31": "$7,578", "2018-09-30": "$7,553", "2018-06-30": "$7,621", "2018-03-31": "$7,644", "2017-12-31": "$7,679", "2017-09-30": "$7,761", "2017-06-30": "$7,749", "2017-03-31": "$7,730", "2016-12-31": "$7,634", "2016-09-30": "$7,679", "2016-06-30": "$7,626", "2016-03-31": "$7,626", "2015-12-31": "$7,508", "2015-09-30": "$7,638", "2015-06-30": "$7,530", "2015-03-31": "$7,454", "2014-12-31": "$7,370", "2014-09-30": "$7,322", "2014-06-30": "$6,700", "2014-03-31": "$6,586", "2013-12-31": "$6,465", "2013-09-30": "$6,333", "2013-06-30": "$6,860", "2013-03-31": "$6,351", "2012-12-31": "$6,049", "2012-09-30": "$5,918", "2012-06-30": "$6,489", "2012-03-31": "$6,387", "2011-12-31": "$6,983", "2011-09-30": "$6,919", "2011-06-30": "$6,913", "2011-03-31": "$6,745", "2010-12-31": "$6,647", "2010-09-30": "$6,495", "2010-06-30": "$6,421", "2010-03-31": "$5,857", "2009-12-31": "$5,710", "2009-09-30": "$5,694", "2009-06-30": "$5,755", "2009-03-31": "$5,580", "2008-12-31": "$6,529", "2008-09-30": "$5,596", "2008-06-30": "$5,299", "2008-03-31": "$5,358", "2007-12-31": "$5,293", "2007-09-30": "$5,257", "2007-06-30": "$5,225", "2007-03-31": "$5,261", "2006-12-31": "$4,987", "2006-09-30": "$4,643", "2006-06-30": "$4,447", "2006-03-31": "$4,344", "2005-12-31": "$4,237", "2005-09-30": "$2,999", "2005-06-30": "$2,938", "2005-03-31": "$2,822"}}, "profit-margins": {"current": "18.32%"}, "gross margin": {"2020-12-31": "94.80%", "2020-09-30": "92.71%", "2020-06-30": "90.19%", "2020-03-31": "87.91%", "2019-12-31": "87.33%", "2019-09-30": "87.53%", "2019-06-30": "88.70%", "2019-03-31": "90.27%", "2018-12-31": "91.72%", "2018-09-30": "92.96%", "2018-06-30": "93.87%", "2018-03-31": "94.74%", "2017-12-31": "95.36%", "2017-09-30": "95.79%", "2017-06-30": "96.20%", "2017-03-31": "96.40%", "2016-12-31": "96.48%", "2016-09-30": "96.30%", "2016-06-30": "95.84%", "2016-03-31": "95.08%", "2015-12-31": "94.61%", "2015-09-30": "94.25%", "2015-06-30": "93.68%", "2015-03-31": "93.41%", "2014-12-31": "92.67%", "2014-09-30": "91.07%", "2014-06-30": "90.48%", "2014-03-31": "89.95%", "2013-12-31": "89.25%", "2013-09-30": "89.25%", "2013-06-30": "88.88%", "2013-03-31": "88.00%", "2012-12-31": "87.51%", "2012-09-30": "87.54%", "2012-06-30": "87.27%", "2012-03-31": "85.37%", "2011-12-31": "83.92%", "2011-09-30": "80.96%", "2011-06-30": "79.37%", "2011-03-31": "78.40%", "2010-12-31": "78.55%", "2010-09-30": "79.09%", "2010-06-30": "79.57%", "2010-03-31": "83.55%", "2009-12-31": "81.41%", "2009-09-30": "79.18%", "2009-06-30": "76.09%", "2009-03-31": "68.73%", "2008-12-31": "68.33%", "2008-09-30": "65.96%", "2008-06-30": "64.46%", "2008-03-31": "63.53%", "2007-12-31": "63.41%", "2007-09-30": "65.57%", "2007-06-30": "66.32%", "2007-03-31": "67.28%", "2006-12-31": "68.74%", "2006-09-30": "70.49%", "2006-06-30": "72.54%", "2006-03-31": "74.58%", "2005-12-31": "76.58%"}, "operating margin": {"2020-12-31": "22.83%", "2020-09-30": "18.24%", "2020-06-30": "20.10%", "2020-03-31": "24.89%", "2019-12-31": "32.45%", "2019-09-30": "34.19%", "2019-06-30": "34.91%", "2019-03-31": "35.62%", "2018-12-31": "37.69%", "2018-09-30": "37.88%", "2018-06-30": "37.11%", "2018-03-31": "37.64%", "2017-12-31": "34.21%", "2017-09-30": "32.91%", "2017-06-30": "31.71%", "2017-03-31": "29.74%", "2016-12-31": "28.30%", "2016-09-30": "26.52%", "2016-06-30": "25.02%", "2016-03-31": "19.86%", "2015-12-31": "20.59%", "2015-09-30": "19.78%", "2015-06-30": "20.16%", "2015-03-31": "26.38%", "2014-12-31": "26.52%", "2014-09-30": "19.43%", "2014-06-30": "20.32%", "2014-03-31": "17.24%", "2013-12-31": "17.86%", "2013-09-30": "23.52%", "2013-06-30": "23.03%", "2013-03-31": "23.51%", "2012-12-31": "22.05%", "2012-09-30": "23.23%", "2012-06-30": "22.79%", "2012-03-31": "21.78%", "2011-12-31": "19.43%", "2011-09-30": "10.56%", "2011-06-30": "1.53%", "2011-03-31": "-8.01%", "2010-12-31": "-14.60%", "2010-09-30": "-45.61%", "2010-06-30": "-48.41%", "2010-03-31": "-39.03%", "2009-12-31": "-48.90%", "2009-09-30": "-28.42%", "2009-06-30": "-19.43%", "2009-03-31": "-16.65%", "2008-12-31": "1.26%", "2008-09-30": "10.19%", "2008-06-30": "14.48%", "2008-03-31": "18.32%", "2007-12-31": "20.70%", "2007-09-30": "25.43%", "2007-06-30": "26.98%", "2007-03-31": "27.40%", "2006-12-31": "27.90%", "2006-09-30": "29.00%", "2006-06-30": "29.85%", "2006-03-31": "30.94%", "2005-12-31": "31.98%"}, "ebitda margin": {"2020-09-30": "0.00%", "2020-06-30": "0.00%", "2020-03-31": "0.00%", "2019-12-31": "0.00%", "2019-09-30": "0.00%", "2019-06-30": "0.00%", "2019-03-31": "0.00%", "2018-12-31": "0.00%", "2018-09-30": "0.00%", "2018-06-30": "0.00%", "2018-03-31": "0.00%", "2017-12-31": "0.00%", "2017-09-30": "0.00%", "2017-06-30": "0.00%", "2017-03-31": "0.00%", "2016-12-31": "0.00%", "2016-09-30": "0.00%", "2016-06-30": "0.00%", "2016-03-31": "0.00%", "2015-12-31": "0.00%", "2015-09-30": "0.00%", "2015-06-30": "0.00%", "2015-03-31": "0.00%", "2014-12-31": "0.00%", "2014-09-30": "0.00%", "2014-06-30": "0.00%", "2014-03-31": "0.00%", "2013-12-31": "0.00%", "2013-09-30": "0.00%", "2013-06-30": "0.00%", "2013-03-31": "0.00%", "2012-12-31": "0.00%", "2012-09-30": "0.00%", "2012-06-30": "0.00%", "2012-03-31": "0.00%", "2011-12-31": "0.00%", "2011-09-30": "0.00%", "2011-06-30": "0.00%", "2011-03-31": "0.00%", "2010-12-31": "0.00%", "2010-09-30": "0.00%", "2010-06-30": "0.00%", "2010-03-31": "0.00%", "2009-12-31": "0.00%", "2009-09-30": "0.00%", "2009-06-30": "0.00%", "2009-03-31": "0.00%", "2008-12-31": "0.00%", "2008-09-30": "0.00%", "2008-06-30": "0.00%", "2008-03-31": "0.00%", "2007-12-31": "0.00%", "2007-09-30": "0.00%", "2007-06-30": "0.00%", "2007-03-31": "0.00%", "2006-12-31": "0.00%", "2006-09-30": "0.00%", "2006-06-30": "0.00%", "2006-03-31": "0.00%", "2005-12-31": "0.00%"}, "pre tax profit margin": {"2020-12-31": "22.83%", "2020-09-30": "18.24%", "2020-06-30": "20.10%", "2020-03-31": "24.89%", "2019-12-31": "32.45%", "2019-09-30": "34.19%", "2019-06-30": "34.91%", "2019-03-31": "35.62%", "2018-12-31": "37.69%", "2018-09-30": "37.88%", "2018-06-30": "37.11%", "2018-03-31": "37.64%", "2017-12-31": "34.21%", "2017-09-30": "33.13%", "2017-06-30": "31.94%", "2017-03-31": "29.98%", "2016-12-31": "28.54%", "2016-09-30": "26.52%", "2016-06-30": "25.02%", "2016-03-31": "19.86%", "2015-12-31": "20.59%", "2015-09-30": "19.78%", "2015-06-30": "20.16%", "2015-03-31": "26.38%", "2014-12-31": "26.52%", "2014-09-30": "19.43%", "2014-06-30": "20.32%", "2014-03-31": "17.24%", "2013-12-31": "17.86%", "2013-09-30": "23.52%", "2013-06-30": "23.03%", "2013-03-31": "23.51%", "2012-12-31": "22.05%", "2012-09-30": "23.23%", "2012-06-30": "22.79%", "2012-03-31": "21.78%", "2011-12-31": "19.43%", "2011-09-30": "10.56%", "2011-06-30": "1.53%", "2011-03-31": "-8.01%", "2010-12-31": "-14.60%", "2010-09-30": "-22.51%", "2010-06-30": "-26.96%", "2010-03-31": "-20.98%", "2009-12-31": "-48.90%", "2009-09-30": "-58.45%", "2009-06-30": "-50.19%", "2009-03-31": "-52.48%", "2008-12-31": "-9.92%", "2008-09-30": "10.01%", "2008-06-30": "14.28%", "2008-03-31": "18.07%", "2007-12-31": "20.37%", "2007-09-30": "25.05%", "2007-06-30": "26.54%", "2007-03-31": "26.75%", "2006-12-31": "27.07%", "2006-09-30": "28.11%", "2006-06-30": "28.94%", "2006-03-31": "30.28%", "2005-12-31": "31.56%"}, "net profit margin": {"2020-12-31": "17.16%", "2020-09-30": "13.44%", "2020-06-30": "14.60%", "2020-03-31": "18.25%", "2019-12-31": "24.10%", "2019-09-30": "25.46%", "2019-06-30": "25.93%", "2019-03-31": "26.47%", "2018-12-31": "28.03%", "2018-09-30": "25.43%", "2018-06-30": "23.87%", "2018-03-31": "23.15%", "2017-12-31": "20.10%", "2017-09-30": "21.00%", "2017-06-30": "20.14%", "2017-03-31": "18.26%", "2016-12-31": "16.64%", "2016-09-30": "15.46%", "2016-06-30": "14.42%", "2016-03-31": "11.33%", "2015-12-31": "11.28%", "2015-09-30": "10.35%", "2015-06-30": "10.15%", "2015-03-31": "14.10%", "2014-12-31": "13.90%", "2014-09-30": "8.97%", "2014-06-30": "14.72%", "2014-03-31": "12.37%", "2013-12-31": "12.90%", "2013-09-30": "16.40%", "2013-06-30": "10.00%", "2013-03-31": "9.91%", "2012-12-31": "7.24%", "2012-09-30": "7.31%", "2012-06-30": "7.31%", "2012-03-31": "6.20%", "2011-12-31": "5.69%", "2011-09-30": "-0.04%", "2011-06-30": "-5.30%", "2011-03-31": "-11.24%", "2010-12-31": "-14.93%", "2010-09-30": "-17.41%", "2010-06-30": "-19.62%", "2010-03-31": "-13.35%", "2009-12-31": "-37.18%", "2009-09-30": "-47.29%", "2009-06-30": "-41.75%", "2009-03-31": "-45.23%", "2008-12-31": "-9.20%", "2008-09-30": "7.48%", "2008-06-30": "10.04%", "2008-03-31": "12.05%", "2007-12-31": "13.27%", "2007-09-30": "15.65%", "2007-06-30": "16.63%", "2007-03-31": "16.83%", "2006-12-31": "17.22%", "2006-09-30": "18.03%", "2006-06-30": "18.73%", "2006-03-31": "19.62%", "2005-12-31": "20.44%"}, "pe ratio": {"current": "15.65", "2021-02-05": "34.34", "2020-12-31": "31.25", "2020-09-30": "12.27", "2020-06-30": "13.25", "2020-03-31": "8.19", "2019-12-31": "12.00", "2019-09-30": "9.95", "2019-06-30": "10.51", "2019-03-31": "10.57", "2018-12-31": "9.31", "2018-09-30": "13.12", "2018-06-30": "15.06", "2018-03-31": "15.79", "2017-12-31": "17.96", "2017-09-30": "16.24", "2017-06-30": "15.97", "2017-03-31": "17.24", "2016-12-31": "19.67", "2016-09-30": "15.47", "2016-06-30": "13.70", "2016-03-31": "18.07", "2015-12-31": "20.49", "2015-09-30": "21.91", "2015-06-30": "25.42", "2015-03-31": "14.30", "2014-12-31": "14.73", "2014-09-30": "24.49", "2014-06-30": "14.71", "2014-03-31": "18.10", "2013-12-31": "16.71", "2013-09-30": "11.55", "2013-06-30": "19.40", "2013-03-31": "16.74", "2012-12-31": "19.35", "2012-09-30": "17.76", "2012-06-30": "16.52", "2012-03-31": "21.12", "2011-12-31": "17.17", "2011-09-30": "0.00", "2011-06-30": "0.00", "2011-03-31": "0.00", "2010-12-31": "0.00", "2010-09-30": "0.00", "2010-06-30": "0.00", "2010-03-31": "0.00", "2009-12-31": "0.00", "2009-09-30": "0.00", "2009-06-30": "0.00", "2009-03-31": "0.00", "2008-12-31": "0.00", "2008-09-30": "14.28", "2008-06-30": "8.24", "2008-03-31": "9.52", "2007-12-31": "8.85", "2007-09-30": "10.66", "2007-06-30": "11.44", "2007-03-31": "12.69", "2006-12-31": "12.50"}, "price sales": {"2021-02-05": "2.70", "2020-12-31": "2.45", "2020-09-30": "1.66", "2020-06-30": "1.91", "2020-03-31": "1.48", "2019-12-31": "2.90", "2019-09-30": "2.53", "2019-06-30": "2.72", "2019-03-31": "2.80", "2018-12-31": "2.62", "2018-09-30": "3.31", "2018-06-30": "3.56", "2018-03-31": "3.61", "2017-12-31": "3.57", "2017-09-30": "3.38", "2017-06-30": "3.19", "2017-03-31": "3.12", "2016-12-31": "3.24", "2016-09-30": "2.36", "2016-06-30": "1.95", "2016-03-31": "2.01", "2015-12-31": "2.28", "2015-09-30": "2.28", "2015-06-30": "2.61", "2015-03-31": "2.04", "2014-12-31": "2.06", "2014-09-30": "2.17", "2014-06-30": "2.14", "2014-03-31": "2.21", "2013-12-31": "2.13", "2013-09-30": "1.87", "2013-06-30": "1.94", "2013-03-31": "1.65", "2012-12-31": "1.40", "2012-09-30": "1.30", "2012-06-30": "1.21", "2012-03-31": "1.31", "2011-12-31": "0.97", "2011-09-30": "0.80", "2011-06-30": "1.34", "2011-03-31": "1.24", "2010-12-31": "1.25", "2010-09-30": "1.02", "2010-06-30": "0.88", "2010-03-31": "0.69", "2009-12-31": "0.41", "2009-09-30": "0.56", "2009-06-30": "0.35", "2009-03-31": "0.34", "2008-12-31": "0.72", "2008-09-30": "1.08", "2008-06-30": "0.83", "2008-03-31": "1.15", "2007-12-31": "1.17", "2007-09-30": "1.66", "2007-06-30": "1.90", "2007-03-31": "2.13", "2006-12-31": "2.15"}, "price book": {"current": "1.07", "2021-02-05": "1.02", "2020-09-30": "0.62", "2020-06-30": "0.72", "2020-03-31": "0.57", "2019-12-31": "1.12", "2019-09-30": "0.97", "2019-06-30": "1.02", "2019-03-31": "1.03", "2018-12-31": "0.94", "2018-09-30": "1.19", "2018-06-30": "1.25", "2018-03-31": "1.25", "2017-12-31": "1.20", "2017-09-30": "1.11", "2017-06-30": "1.05", "2017-03-31": "1.00", "2016-12-31": "1.04", "2016-09-30": "0.75", "2016-06-30": "0.61", "2016-03-31": "0.59", "2015-12-31": "0.67", "2015-09-30": "0.66", "2015-06-30": "0.77", "2015-03-31": "0.66", "2014-12-31": "0.70", "2014-09-30": "0.71", "2014-06-30": "0.72", "2014-03-31": "0.77", "2013-12-31": "0.75", "2013-09-30": "0.70", "2013-06-30": "0.68", "2013-03-31": "0.64", "2012-12-31": "0.57", "2012-09-30": "0.56", "2012-06-30": "0.48", "2012-03-31": "0.54", "2011-12-31": "0.38", "2011-09-30": "0.33", "2011-06-30": "0.56", "2011-03-31": "0.55", "2010-12-31": "0.58", "2010-09-30": "0.51", "2010-06-30": "0.51", "2010-03-31": "0.52", "2009-12-31": "0.29", "2009-09-30": "0.38", "2009-06-30": "0.22", "2009-03-31": "0.18", "2008-12-31": "0.38", "2008-09-30": "0.69", "2008-06-30": "0.54", "2008-03-31": "0.77", "2007-12-31": "0.79", "2007-09-30": "1.16", "2007-06-30": "1.31", "2007-03-31": "1.43", "2006-12-31": "1.44", "2006-09-30": "1.49", "2006-06-30": "1.51", "2006-03-31": "1.62"}, "price fcf": {"2021-02-05": "", "2020-09-30": "$4.32", "2020-06-30": "$4.19", "2020-03-31": "$4.18", "2019-12-31": "$3.11", "2019-09-30": "$2.88", "2019-06-30": "$4.08", "2019-03-31": "$3.55", "2018-12-31": "$5.07", "2018-09-30": "$3.99", "2018-06-30": "$3.14", "2018-03-31": "$3.23", "2017-12-31": "$3.62", "2017-09-30": "$3.83", "2017-06-30": "$3.74", "2017-03-31": "$2.71", "2016-12-31": "$1.96", "2016-09-30": "$1.46", "2016-06-30": "$1.52", "2016-03-31": "$2.05", "2015-12-31": "$1.51", "2015-09-30": "$1.35", "2015-06-30": "$1.42", "2015-03-31": "$1.05", "2014-12-31": "$1.06", "2014-09-30": "$1.35", "2014-06-30": "$1.79", "2014-03-31": "$3.32", "2013-12-31": "$4.05", "2013-09-30": "$4.40", "2013-06-30": "$3.47", "2013-03-31": "$3.38", "2012-12-31": "$3.64", "2012-09-30": "$4.27", "2012-06-30": "$4.87", "2012-03-31": "$5.33", "2011-12-31": "$5.43", "2011-09-30": "$6.36", "2011-06-30": "$7.05", "2011-03-31": "$5.42", "2010-12-31": "$8.39", "2010-09-30": "$4.56", "2010-06-30": "$8.23", "2010-03-31": "$9.84", "2009-12-31": "$7.73", "2009-09-30": "$12.77", "2009-06-30": "$11.55", "2009-03-31": "$9.46", "2008-12-31": "$9.94", "2008-09-30": "$8.37", "2008-06-30": "$5.90", "2008-03-31": "$7.65", "2007-12-31": "$5.92", "2007-09-30": "$7.37", "2007-06-30": "$7.13", "2007-03-31": "$7.71", "2006-12-31": "$8.52"}, "net worth": {"value": "$7.83B"}, "current ratio": {"2020-12-31": "0.85", "2020-09-30": "0.86", "2020-06-30": "0.86", "2020-03-31": "0.85", "2019-12-31": "0.85", "2019-09-30": "0.84", "2019-06-30": "0.83", "2019-03-31": "0.83", "2018-12-31": "0.91", "2018-09-30": "0.82", "2018-06-30": "0.81", "2018-03-31": "0.81", "2017-12-31": "0.88", "2017-09-30": "0.80", "2017-06-30": "0.80", "2017-03-31": "0.80", "2016-12-31": "0.85", "2016-09-30": "0.88", "2016-06-30": "0.90", "2016-03-31": "0.92", "2015-12-31": "0.94", "2015-09-30": "0.98", "2015-06-30": "1.01", "2015-03-31": "1.01", "2014-12-31": "1.02", "2014-09-30": "1.03", "2014-06-30": "1.03", "2014-03-31": "1.04", "2013-12-31": "1.03", "2013-09-30": "1.03", "2013-06-30": "1.04", "2013-03-31": "1.03", "2012-12-31": "1.03", "2012-09-30": "1.02", "2012-06-30": "1.03", "2012-03-31": "1.02", "2011-12-31": "1.03", "2011-09-30": "1.00", "2011-06-30": "1.00", "2011-03-31": "0.99", "2010-12-31": "0.98", "2010-09-30": "1.00", "2010-06-30": "0.99", "2010-03-31": "0.98", "2009-12-31": "0.96", "2009-09-30": "0.98", "2009-06-30": "0.97", "2009-03-31": "0.99", "2008-12-31": "1.05", "2008-09-30": "1.08", "2008-06-30": "1.08", "2008-03-31": "1.06", "2007-12-31": "1.02", "2007-09-30": "1.01", "2007-06-30": "0.98", "2007-03-31": "0.96", "2006-12-31": "0.96", "2006-09-30": "0.95", "2006-06-30": "0.96", "2006-03-31": "0.93", "2005-12-31": "0.92", "2005-09-30": "0.94", "2005-06-30": "0.95", "2005-03-31": "0.94"}, "quick ratio": {"2020-12-31": "0.00", "2020-09-30": "0.00", "2020-06-30": "0.00", "2020-03-31": "0.00", "2019-12-31": "0.00", "2019-09-30": "0.00", "2019-06-30": "0.00", "2019-03-31": "0.00", "2018-12-31": "0.00", "2018-09-30": "0.00", "2018-06-30": "0.00", "2018-03-31": "0.00", "2017-12-31": "0.00", "2017-09-30": "0.00", "2017-06-30": "0.00", "2017-03-31": "0.00", "2016-12-31": "0.00", "2016-09-30": "0.00", "2016-06-30": "0.00", "2016-03-31": "0.00", "2015-12-31": "0.00", "2015-09-30": "0.00", "2015-06-30": "0.00", "2015-03-31": "0.00", "2014-12-31": "0.00", "2014-09-30": "0.00", "2014-06-30": "0.00", "2014-03-31": "0.00", "2013-12-31": "0.00", "2013-09-30": "0.00", "2013-06-30": "0.00", "2013-03-31": "0.00", "2012-12-31": "0.00", "2012-09-30": "0.00", "2012-06-30": "0.00", "2012-03-31": "0.00", "2011-12-31": "0.00", "2011-09-30": "0.00", "2011-06-30": "0.00", "2011-03-31": "0.00", "2010-12-31": "0.00", "2010-09-30": "0.00", "2010-06-30": "0.00", "2010-03-31": "0.00", "2009-12-31": "0.00", "2009-09-30": "0.00", "2009-06-30": "0.00", "2009-03-31": "0.00", "2008-12-31": "0.00", "2008-09-30": "0.00", "2008-06-30": "0.00", "2008-03-31": "0.00", "2007-12-31": "0.00", "2007-09-30": "0.00", "2007-06-30": "0.00", "2007-03-31": "0.00", "2006-12-31": "0.00", "2006-09-30": "0.00", "2006-06-30": "0.00", "2006-03-31": "0.00", "2005-12-31": "0.00", "2005-09-30": "0.00", "2005-06-30": "0.00", "2005-03-31": "0.00"}, "debt equity ratio": {"current": "0.18", "2020-12-31": "9.33", "2020-09-30": "9.22", "2020-06-30": "9.09", "2020-03-31": "8.57", "2019-12-31": "8.41", "2019-09-30": "8.37", "2019-06-30": "8.22", "2019-03-31": "8.12", "2018-12-31": "8.07", "2018-09-30": "7.84", "2018-06-30": "7.72", "2018-03-31": "7.70", "2017-12-31": "7.63", "2017-09-30": "7.45", "2017-06-30": "7.45", "2017-03-31": "7.47", "2016-12-31": "7.28", "2016-09-30": "6.95", "2016-06-30": "6.82", "2016-03-31": "6.76", "2015-12-31": "6.95", "2015-09-30": "6.65", "2015-06-30": "6.75", "2015-03-31": "6.72", "2014-12-31": "6.76", "2014-09-30": "6.57", "2014-06-30": "7.23", "2014-03-31": "7.52", "2013-12-31": "7.67", "2013-09-30": "7.72", "2013-06-30": "7.00", "2013-03-31": "7.52", "2012-12-31": "8.18", "2012-09-30": "7.97", "2012-06-30": "7.23", "2012-03-31": "7.28", "2011-12-31": "6.61", "2011-09-30": "6.45", "2011-06-30": "6.43", "2011-03-31": "6.53", "2010-12-31": "6.68", "2010-09-30": "6.86", "2010-06-30": "7.12", "2010-03-31": "7.83", "2009-12-31": "7.95", "2009-09-30": "8.36", "2009-06-30": "8.17", "2009-03-31": "8.78", "2008-12-31": "7.44", "2008-09-30": "8.65", "2008-06-30": "9.31", "2008-03-31": "8.97", "2007-12-31": "9.00", "2007-09-30": "8.52", "2007-06-30": "8.32", "2007-03-31": "8.23", "2006-12-31": "8.42", "2006-09-30": "8.86", "2006-06-30": "9.15", "2006-03-31": "8.97", "2005-12-31": "9.10", "2005-09-30": "10.14", "2005-06-30": "10.19", "2005-03-31": "10.30"}, "return on equity": {"2020-12-31": "6.60%", "2020-09-30": "5.37%", "2020-06-30": "6.03%", "2020-03-31": "7.79%", "2019-12-31": "10.41%", "2019-09-30": "10.90%", "2019-06-30": "10.90%", "2019-03-31": "10.86%", "2018-12-31": "11.19%", "2018-09-30": "9.81%", "2018-06-30": "8.92%", "2018-03-31": "8.46%", "2017-12-31": "7.12%", "2017-09-30": "7.24%", "2017-06-30": "6.81%", "2017-03-31": "6.01%", "2016-12-31": "5.38%", "2016-09-30": "4.94%", "2016-06-30": "4.51%", "2016-03-31": "3.31%", "2015-12-31": "3.28%", "2015-09-30": "3.00%", "2015-06-30": "2.97%", "2015-03-31": "4.51%", "2014-12-31": "4.66%", "2014-09-30": "2.95%", "2014-06-30": "5.08%", "2014-03-31": "4.30%", "2013-12-31": "4.52%", "2013-09-30": "6.08%", "2013-06-30": "3.83%", "2013-03-31": "3.89%", "2012-12-31": "2.87%", "2012-09-30": "2.89%", "2012-06-30": "2.82%", "2012-03-31": "2.40%", "2011-12-31": "2.22%", "2011-09-30": "-0.01%", "2011-06-30": "-2.18%", "2011-03-31": "-4.71%", "2010-12-31": "-6.48%", "2010-09-30": "-7.81%", "2010-06-30": "-9.80%", "2010-03-31": "-8.15%", "2009-12-31": "-21.71%", "2009-09-30": "-26.42%", "2009-06-30": "-22.86%", "2009-03-31": "-21.68%", "2008-12-31": "-5.11%", "2008-09-30": "4.62%", "2008-06-30": "6.56%", "2008-03-31": "8.21%", "2007-12-31": "9.13%", "2007-09-30": "11.21%", "2007-06-30": "11.99%", "2007-03-31": "12.25%", "2006-12-31": "12.59%", "2006-09-30": "12.79%", "2006-06-30": "13.33%", "2006-03-31": "14.00%", "2005-12-31": "14.77%"}, "return on assets": {"2020-12-31": "0.66%", "2020-09-30": "0.55%", "2020-06-30": "0.63%", "2020-03-31": "0.83%", "2019-12-31": "1.12%", "2019-09-30": "1.19%", "2019-06-30": "1.20%", "2019-03-31": "1.22%", "2018-12-31": "1.27%", "2018-09-30": "1.12%", "2018-06-30": "1.03%", "2018-03-31": "0.99%", "2017-12-31": "0.84%", "2017-09-30": "0.86%", "2017-06-30": "0.82%", "2017-03-31": "0.74%", "2016-12-31": "0.68%", "2016-09-30": "0.63%", "2016-06-30": "0.58%", "2016-03-31": "0.43%", "2015-12-31": "0.42%", "2015-09-30": "0.39%", "2015-06-30": "0.38%", "2015-03-31": "0.58%", "2014-12-31": "0.58%", "2014-09-30": "0.36%", "2014-06-30": "0.60%", "2014-03-31": "0.51%", "2013-12-31": "0.53%", "2013-09-30": "0.71%", "2013-06-30": "0.44%", "2013-03-31": "0.45%", "2012-12-31": "0.33%", "2012-09-30": "0.35%", "2012-06-30": "0.36%", "2012-03-31": "0.31%", "2011-12-31": "0.30%", "2011-09-30": "0.00%", "2011-06-30": "-0.29%", "2011-03-31": "-0.60%", "2010-12-31": "-0.80%", "2010-09-30": "-0.93%", "2010-06-30": "-1.11%", "2010-03-31": "-0.90%", "2009-12-31": "-2.33%", "2009-09-30": "-2.89%", "2009-06-30": "-2.48%", "2009-03-31": "-2.29%", "2008-12-31": "-0.54%", "2008-09-30": "0.46%", "2008-06-30": "0.66%", "2008-03-31": "0.85%", "2007-12-31": "0.96%", "2007-09-30": "1.20%", "2007-06-30": "1.27%", "2007-03-31": "1.27%", "2006-12-31": "1.28%", "2006-09-30": "1.28%", "2006-06-30": "1.30%", "2006-03-31": "1.33%", "2005-12-31": "1.36%"}, "return on investments": {"2020-12-31": "7.38%", "2020-09-30": "6.04%", "2020-06-30": "6.90%", "2020-03-31": "8.85%", "2019-12-31": "11.87%", "2019-09-30": "10.98%", "2019-06-30": "11.11%", "2019-03-31": "11.31%", "2018-12-31": "11.90%", "2018-09-30": "11.88%", "2018-06-30": "11.45%", "2018-03-31": "11.35%", "2017-12-31": "10.00%", "2017-09-30": "10.50%", "2017-06-30": "9.85%", "2017-03-31": "8.92%", "2016-12-31": "8.22%", "2016-09-30": "7.74%", "2016-06-30": "7.07%", "2016-03-31": "5.19%", "2015-12-31": "5.30%", "2015-09-30": "5.03%", "2015-06-30": "5.14%", "2015-03-31": "7.14%", "2014-12-31": "7.26%", "2014-09-30": "5.01%", "2014-06-30": "5.26%", "2014-03-31": "4.47%", "2013-12-31": "4.64%", "2013-09-30": "6.42%", "2013-06-30": "6.46%", "2013-03-31": "6.71%", "2012-12-31": "6.36%", "2012-09-30": "6.83%", "2012-06-30": "6.70%", "2012-03-31": "6.51%", "2011-12-31": "5.93%", "2011-09-30": "3.32%", "2011-06-30": "0.49%", "2011-03-31": "-2.60%", "2010-12-31": "-4.85%", "2010-09-30": "-15.45%", "2010-06-30": "-17.86%", "2010-03-31": "-17.44%", "2009-12-31": "-20.03%", "2009-09-30": "-10.43%", "2009-06-30": "-6.16%", "2009-03-31": "-4.02%", "2008-12-31": "0.33%", "2008-09-30": "2.79%", "2008-06-30": "4.39%", "2008-03-31": "6.42%", "2007-12-31": "8.04%", "2007-09-30": "11.04%", "2007-06-30": "12.17%", "2007-03-31": "12.03%", "2006-12-31": "12.17%", "2006-09-30": "12.16%", "2006-06-30": "12.56%", "2006-03-31": "13.31%", "2005-12-31": "13.65%"}, "return on tangible equity": {"2020-09-30": "6.21%", "2020-06-30": "6.98%", "2020-03-31": "9.01%", "2019-12-31": "12.03%", "2019-09-30": "12.59%", "2019-06-30": "12.58%", "2019-03-31": "12.54%", "2018-12-31": "12.91%", "2018-09-30": "11.32%", "2018-06-30": "10.28%", "2018-03-31": "9.74%", "2017-12-31": "8.19%", "2017-09-30": "8.34%", "2017-06-30": "7.85%", "2017-03-31": "6.94%", "2016-12-31": "6.21%", "2016-09-30": "5.71%", "2016-06-30": "5.22%", "2016-03-31": "3.84%", "2015-12-31": "3.80%", "2015-09-30": "3.48%", "2015-06-30": "3.45%", "2015-03-31": "5.27%", "2014-12-31": "5.48%", "2014-09-30": "3.50%", "2014-06-30": "6.05%", "2014-03-31": "5.12%", "2013-12-31": "5.40%", "2013-09-30": "7.29%", "2013-06-30": "4.61%", "2013-03-31": "4.69%", "2012-12-31": "3.46%", "2012-09-30": "3.47%", "2012-06-30": "3.37%", "2012-03-31": "2.85%", "2011-12-31": "2.64%", "2011-09-30": "-0.02%", "2011-06-30": "-2.61%", "2011-03-31": "-5.67%", "2010-12-31": "-7.86%", "2010-09-30": "-9.56%", "2010-06-30": "-12.10%", "2010-03-31": "-10.15%", "2009-12-31": "-27.16%", "2009-09-30": "-33.93%", "2009-06-30": "-31.11%", "2009-03-31": "-31.60%", "2008-12-31": "-7.99%", "2008-09-30": "7.69%", "2008-06-30": "11.08%", "2008-03-31": "13.96%", "2007-12-31": "15.63%", "2007-09-30": "19.25%", "2007-06-30": "20.79%", "2007-03-31": "21.61%", "2006-12-31": "22.80%", "2006-09-30": "24.04%", "2006-06-30": "23.42%", "2006-03-31": "22.62%", "2005-12-31": "21.71%"}, "dividend yield history": {"last payout": "$1.36", "last yield": "2.85%"}}