{"ticker": "ZTS", "price": {"title": "Zoetis Historical Annual Stock Price Data", "value": 159.28, "historical": {"2020": {"Average Stock Price": "144.7785", "Year Open": "134.1400", "Year High": "174.3500", "Year Low": "92.6600", "Year Close": "165.5000", "Annual % Change": "25.05%"}, "2019": {"Average Stock Price": "110.3731", "Year Open": "84.4800", "Year High": "133.2500", "Year Low": "81.5600", "Year Close": "132.3500", "Annual % Change": "54.72%"}, "2018": {"Average Stock Price": "85.5420", "Year Open": "71.7700", "Year High": "95.2700", "Year Low": "71.5100", "Year Close": "85.5400", "Annual % Change": "18.74%"}, "2017": {"Average Stock Price": "61.1300", "Year Open": "53.5900", "Year High": "72.8000", "Year Low": "52.5100", "Year Close": "72.0400", "Annual % Change": "34.58%"}, "2016": {"Average Stock Price": "47.8340", "Year Open": "47.2700", "Year High": "53.7800", "Year Low": "39.3300", "Year Close": "53.5300", "Annual % Change": "11.71%"}, "2015": {"Average Stock Price": "46.1013", "Year Open": "43.3100", "Year High": "55.3800", "Year Low": "39.6500", "Year Close": "47.9200", "Annual % Change": "11.36%"}, "2014": {"Average Stock Price": "34.0612", "Year Open": "32.3600", "Year High": "44.9300", "Year Low": "28.4000", "Year Close": "43.0300", "Annual % Change": "31.63%"}, "2013": {"Average Stock Price": "31.8845", "Year Open": "31.0100", "Year High": "34.6400", "Year Low": "29.1500", "Year Close": "32.6900", "Annual % Change": "0.00%"}}}, "market cap": {"value": "$75.7B"}, "income statement": {"Revenue": {"2019-12-31": "6260.00000", "2018-12-31": "5825.00000", "2017-12-31": "5307.00000", "2016-12-31": "4888.00000", "2015-12-31": "4765.00000", "2014-12-31": "4785.00000", "2013-12-31": "4561.00000", "2012-12-31": "4336.00000", "2011-12-31": "4233.00000", "2010-12-31": "3582.00000"}, "Cost Of Goods Sold": {"2019-12-31": "1992.00000", "2018-12-31": "1911.00000", "2017-12-31": "1775.00000", "2016-12-31": "1666.00000", "2015-12-31": "1738.00000", "2014-12-31": "1717.00000", "2013-12-31": "1669.00000", "2012-12-31": "1563.00000", "2011-12-31": "1652.00000", "2010-12-31": "1444.00000"}, "Gross Profit": {"2019-12-31": "4268.00000", "2018-12-31": "3914.00000", "2017-12-31": "3532.00000", "2016-12-31": "3222.00000", "2015-12-31": "3027.00000", "2014-12-31": "3068.00000", "2013-12-31": "2892.00000", "2012-12-31": "2773.00000", "2011-12-31": "2581.00000", "2010-12-31": "2138.00000"}, "Research And Development Expenses": {"2019-12-31": "457.00000", "2018-12-31": "432.00000", "2017-12-31": "382.00000", "2016-12-31": "376.00000", "2015-12-31": "364.00000", "2014-12-31": "396.00000", "2013-12-31": "399.00000", "2012-12-31": "409.00000", "2011-12-31": "427.00000", "2010-12-31": "411.00000"}, "SG&A Expenses": {"2019-12-31": "1638.00000", "2018-12-31": "1484.00000", "2017-12-31": "1334.00000", "2016-12-31": "1364.00000", "2015-12-31": "1532.00000", "2014-12-31": "1643.00000", "2013-12-31": "1613.00000", "2012-12-31": "1470.00000", "2011-12-31": "1453.00000", "2010-12-31": "1382.00000"}, "Other Operating Income Or Expenses": {"2019-12-31": "57.00000", "2018-12-31": "83.00000", "2017-12-31": "-6.00000", "2016-12-31": "2.00000", "2015-12-31": "-81.00000", "2014-12-31": "-7.00000", "2013-12-31": "9.00000", "2012-12-31": "46.00000", "2011-12-31": "-48.00000", "2010-12-31": "93.00000"}, "Operating Expenses": {"2019-12-31": "4459.00000", "2018-12-31": "4135.00000", "2017-12-31": "3782.00000", "2016-12-31": "3660.00000", "2015-12-31": "4220.00000", "2014-12-31": "3965.00000", "2013-12-31": "3871.00000", "2012-12-31": "3626.00000", "2011-12-31": "3839.00000", "2010-12-31": "3404.00000"}, "Operating Income": {"2019-12-31": "1801.00000", "2018-12-31": "1690.00000", "2017-12-31": "1525.00000", "2016-12-31": "1228.00000", "2015-12-31": "545.00000", "2014-12-31": "820.00000", "2013-12-31": "690.00000", "2012-12-31": "710.00000", "2011-12-31": "394.00000", "2010-12-31": "178.00000"}, "Total Non-Operating Income/Expense": {"2019-12-31": "", "2018-12-31": "", "2017-12-31": "", "2016-12-31": "", "2015-12-31": "", "2014-12-31": "", "2013-12-31": "", "2012-12-31": "", "2011-12-31": "", "2010-12-31": ""}, "Pre-Tax Income": {"2019-12-31": "1801.00000", "2018-12-31": "1690.00000", "2017-12-31": "1525.00000", "2016-12-31": "1228.00000", "2015-12-31": "545.00000", "2014-12-31": "820.00000", "2013-12-31": "690.00000", "2012-12-31": "710.00000", "2011-12-31": "394.00000", "2010-12-31": "178.00000"}, "Income Taxes": {"2019-12-31": "301.00000", "2018-12-31": "266.00000", "2017-12-31": "663.00000", "2016-12-31": "409.00000", "2015-12-31": "206.00000", "2014-12-31": "233.00000", "2013-12-31": "187.00000", "2012-12-31": "274.00000", "2011-12-31": "146.00000", "2010-12-31": "67.00000"}, "Income After Taxes": {"2019-12-31": "1500.00000", "2018-12-31": "1424.00000", "2017-12-31": "862.00000", "2016-12-31": "819.00000", "2015-12-31": "339.00000", "2014-12-31": "587.00000", "2013-12-31": "503.00000", "2012-12-31": "436.00000", "2011-12-31": "248.00000", "2010-12-31": "111.00000"}, "Other Income": {"2019-12-31": "", "2018-12-31": "", "2017-12-31": "", "2016-12-31": "", "2015-12-31": "", "2014-12-31": "", "2013-12-31": "", "2012-12-31": "", "2011-12-31": "", "2010-12-31": ""}, "Income From Continuous Operations": {"2019-12-31": "1500.00000", "2018-12-31": "1424.00000", "2017-12-31": "862.00000", "2016-12-31": "819.00000", "2015-12-31": "339.00000", "2014-12-31": "587.00000", "2013-12-31": "503.00000", "2012-12-31": "436.00000", "2011-12-31": "248.00000", "2010-12-31": "111.00000"}, "Income From Discontinued Operations": {"2019-12-31": "", "2018-12-31": "", "2017-12-31": "", "2016-12-31": "", "2015-12-31": "", "2014-12-31": "", "2013-12-31": "", "2012-12-31": "", "2011-12-31": "", "2010-12-31": ""}, "Net Income": {"2019-12-31": "1500.00000", "2018-12-31": "1428.00000", "2017-12-31": "864.00000", "2016-12-31": "821.00000", "2015-12-31": "339.00000", "2014-12-31": "583.00000", "2013-12-31": "504.00000", "2012-12-31": "436.00000", "2011-12-31": "245.00000", "2010-12-31": "110.00000"}, "EBITDA": {"2019-12-31": "2436.00000", "2018-12-31": "2204.00000", "2017-12-31": "1942.00000", "2016-12-31": "1634.00000", "2015-12-31": "868.00000", "2014-12-31": "1141.00000", "2013-12-31": "1012.00000", "2012-12-31": "941.00000", "2011-12-31": "635.00000", "2010-12-31": "363.00000"}, "EBIT": {"2019-12-31": "2024.00000", "2018-12-31": "1896.00000", "2017-12-31": "1700.00000", "2016-12-31": "1394.00000", "2015-12-31": "669.00000", "2014-12-31": "937.00000", "2013-12-31": "803.00000", "2012-12-31": "741.00000", "2011-12-31": "430.00000", "2010-12-31": "178.00000"}, "Basic Shares Outstanding": {"2019-12-31": "478.12800", "2018-12-31": "483.06300", "2017-12-31": "489.91800", "2016-12-31": "495.71500", "2015-12-31": "499.70700", "2014-12-31": "501.05500", "2013-12-31": "500.00200", "2012-12-31": "500.00000", "2011-12-31": "500.00000", "2010-12-31": "500.00000"}, "Shares Outstanding": {"2019-12-31": "481.78700", "2018-12-31": "486.89800", "2017-12-31": "493.16100", "2016-12-31": "498.22500", "2015-12-31": "502.01900", "2014-12-31": "502.02500", "2013-12-31": "500.31700", "2012-12-31": "500.00000", "2011-12-31": "500.00000", "2010-12-31": "500.00000"}, "Basic EPS": {"2019-12-31": "3.14000", "2018-12-31": "2.96000", "2017-12-31": "1.76000", "2016-12-31": "1.66000", "2015-12-31": "0.68000", "2014-12-31": "1.16000", "2013-12-31": "1.01000", "2012-12-31": "0.87000", "2011-12-31": "0.49000", "2010-12-31": "0.22000"}, "EPS - Earnings Per Share": {"2019-12-31": "3.11000", "2018-12-31": "2.93000", "2017-12-31": "1.75000", "2016-12-31": "1.65000", "2015-12-31": "0.68000", "2014-12-31": "1.16000", "2013-12-31": "1.01000", "2012-12-31": "0.87000", "2011-12-31": "0.49000", "2010-12-31": "0.22000"}}, "income statement, quarterly": {"Revenue": {"2020-09-30": "1786.00000", "2020-06-30": "1548.00000", "2020-03-31": "1534.00000", "2019-12-31": "1674.00000", "2019-09-30": "1584.00000", "2019-06-30": "1547.00000", "2019-03-31": "1455.00000", "2018-12-31": "1564.00000", "2018-09-30": "1480.00000", "2018-06-30": "1415.00000", "2018-03-31": "1366.00000", "2017-12-31": "1460.00000", "2017-09-30": "1347.00000", "2017-06-30": "1269.00000", "2017-03-31": "1231.00000", "2016-12-31": "1277.00000", "2016-09-30": "1241.00000", "2016-06-30": "1208.00000", "2016-03-31": "1162.00000", "2015-12-31": "1274.00000", "2015-09-30": "1214.00000", "2015-06-30": "1175.00000", "2015-03-31": "1102.00000", "2014-12-31": "1320.00000", "2014-09-30": "1210.00000", "2014-06-30": "1158.00000", "2014-03-31": "1097.00000", "2013-12-31": "1254.00000", "2013-09-30": "1103.00000", "2013-06-30": "1114.00000", "2013-03-31": "1090.00000", "2012-12-31": "1176.00000", "2012-09-30": "1019.00000", "2012-06-30": "1094.00000", "2012-03-31": "1047.00000", "2011-12-31": "", "2010-12-31": ""}, "Cost Of Goods Sold": {"2020-09-30": "546.00000", "2020-06-30": "451.00000", "2020-03-31": "459.00000", "2019-12-31": "530.00000", "2019-09-30": "479.00000", "2019-06-30": "465.00000", "2019-03-31": "518.00000", "2018-12-31": "544.00000", "2018-09-30": "473.00000", "2018-06-30": "447.00000", "2018-03-31": "447.00000", "2017-12-31": "457.00000", "2017-09-30": "435.00000", "2017-06-30": "440.00000", "2017-03-31": "443.00000", "2016-12-31": "468.00000", "2016-09-30": "410.00000", "2016-06-30": "399.00000", "2016-03-31": "389.00000", "2015-12-31": "496.00000", "2015-09-30": "421.00000", "2015-06-30": "427.00000", "2015-03-31": "394.00000", "2014-12-31": "491.00000", "2014-09-30": "434.00000", "2014-06-30": "413.00000", "2014-03-31": "379.00000", "2013-12-31": "466.00000", "2013-09-30": "385.00000", "2013-06-30": "416.00000", "2013-03-31": "402.00000", "2012-12-31": "433.00000", "2012-09-30": "359.00000", "2012-06-30": "378.00000", "2012-03-31": "393.00000", "2011-12-31": "", "2010-12-31": ""}, "Gross Profit": {"2020-09-30": "1240.00000", "2020-06-30": "1097.00000", "2020-03-31": "1075.00000", "2019-12-31": "1144.00000", "2019-09-30": "1105.00000", "2019-06-30": "1082.00000", "2019-03-31": "937.00000", "2018-12-31": "1020.00000", "2018-09-30": "1007.00000", "2018-06-30": "968.00000", "2018-03-31": "919.00000", "2017-12-31": "1003.00000", "2017-09-30": "912.00000", "2017-06-30": "829.00000", "2017-03-31": "788.00000", "2016-12-31": "809.00000", "2016-09-30": "831.00000", "2016-06-30": "809.00000", "2016-03-31": "773.00000", "2015-12-31": "778.00000", "2015-09-30": "793.00000", "2015-06-30": "748.00000", "2015-03-31": "708.00000", "2014-12-31": "829.00000", "2014-09-30": "776.00000", "2014-06-30": "745.00000", "2014-03-31": "718.00000", "2013-12-31": "788.00000", "2013-09-30": "718.00000", "2013-06-30": "698.00000", "2013-03-31": "688.00000", "2012-12-31": "743.00000", "2012-09-30": "660.00000", "2012-06-30": "716.00000", "2012-03-31": "654.00000", "2011-12-31": "", "2010-12-31": ""}, "Research And Development Expenses": {"2020-09-30": "112.00000", "2020-06-30": "111.00000", "2020-03-31": "107.00000", "2019-12-31": "132.00000", "2019-09-30": "112.00000", "2019-06-30": "111.00000", "2019-03-31": "102.00000", "2018-12-31": "125.00000", "2018-09-30": "108.00000", "2018-06-30": "102.00000", "2018-03-31": "97.00000", "2017-12-31": "110.00000", "2017-09-30": "96.00000", "2017-06-30": "86.00000", "2017-03-31": "90.00000", "2016-12-31": "108.00000", "2016-09-30": "90.00000", "2016-06-30": "88.00000", "2016-03-31": "90.00000", "2015-12-31": "109.00000", "2015-09-30": "91.00000", "2015-06-30": "84.00000", "2015-03-31": "80.00000", "2014-12-31": "124.00000", "2014-09-30": "93.00000", "2014-06-30": "92.00000", "2014-03-31": "87.00000", "2013-12-31": "121.00000", "2013-09-30": "93.00000", "2013-06-30": "95.00000", "2013-03-31": "90.00000", "2012-12-31": "121.00000", "2012-09-30": "94.00000", "2012-06-30": "92.00000", "2012-03-31": "102.00000", "2011-12-31": "", "2010-12-31": ""}, "SG&A Expenses": {"2020-09-30": "424.00000", "2020-06-30": "393.00000", "2020-03-31": "389.00000", "2019-12-31": "472.00000", "2019-09-30": "391.00000", "2019-06-30": "406.00000", "2019-03-31": "369.00000", "2018-12-31": "420.00000", "2018-09-30": "367.00000", "2018-06-30": "359.00000", "2018-03-31": "338.00000", "2017-12-31": "361.00000", "2017-09-30": "328.00000", "2017-06-30": "336.00000", "2017-03-31": "309.00000", "2016-12-31": "361.00000", "2016-09-30": "345.00000", "2016-06-30": "343.00000", "2016-03-31": "315.00000", "2015-12-31": "425.00000", "2015-09-30": "374.00000", "2015-06-30": "379.00000", "2015-03-31": "354.00000", "2014-12-31": "497.00000", "2014-09-30": "394.00000", "2014-06-30": "396.00000", "2014-03-31": "356.00000", "2013-12-31": "458.00000", "2013-09-30": "399.00000", "2013-06-30": "399.00000", "2013-03-31": "357.00000", "2012-12-31": "524.00000", "2012-09-30": "335.00000", "2012-06-30": "344.00000", "2012-03-31": "338.00000", "2011-12-31": "", "2010-12-31": ""}, "Other Operating Income Or Expenses": {"2020-09-30": "", "2020-06-30": "-5.00000", "2020-03-31": "20.00000", "2019-12-31": "11.00000", "2019-09-30": "26.00000", "2019-06-30": "6.00000", "2019-03-31": "14.00000", "2018-12-31": "55.00000", "2018-09-30": "19.00000", "2018-06-30": "4.00000", "2018-03-31": "5.00000", "2017-12-31": "-17.00000", "2017-09-30": "-1.00000", "2017-06-30": "2.00000", "2017-03-31": "10.00000", "2016-12-31": "-27.00000", "2016-09-30": "3.00000", "2016-06-30": "-4.00000", "2016-03-31": "30.00000", "2015-12-31": "-81.00000", "2015-09-30": "2.00000", "2015-06-30": "-2.00000", "2015-03-31": "", "2014-12-31": "6.00000", "2014-09-30": "-4.00000", "2014-06-30": "-8.00000", "2014-03-31": "-1.00000", "2013-12-31": "-2.00000", "2013-09-30": "6.00000", "2013-06-30": "10.00000", "2013-03-31": "-5.00000", "2012-12-31": "9.00000", "2012-09-30": "11.00000", "2012-06-30": "20.00000", "2012-03-31": "6.00000", "2011-12-31": "", "2010-12-31": ""}, "Operating Expenses": {"2020-09-30": "1189.00000", "2020-06-30": "1066.00000", "2020-03-31": "1037.00000", "2019-12-31": "1237.00000", "2019-09-30": "1056.00000", "2019-06-30": "1092.00000", "2019-03-31": "1074.00000", "2018-12-31": "1146.00000", "2018-09-30": "1062.00000", "2018-06-30": "978.00000", "2018-03-31": "949.00000", "2017-12-31": "1030.00000", "2017-09-30": "934.00000", "2017-06-30": "924.00000", "2017-03-31": "894.00000", "2016-12-31": "1046.00000", "2016-09-30": "908.00000", "2016-06-30": "876.00000", "2016-03-31": "830.00000", "2015-12-31": "1205.00000", "2015-09-30": "941.00000", "2015-06-30": "1202.00000", "2015-03-31": "872.00000", "2014-12-31": "1165.00000", "2014-09-30": "972.00000", "2014-06-30": "958.00000", "2014-03-31": "870.00000", "2013-12-31": "1128.00000", "2013-09-30": "918.00000", "2013-06-30": "927.00000", "2013-03-31": "898.00000", "2012-12-31": "1094.00000", "2012-09-30": "806.00000", "2012-06-30": "842.00000", "2012-03-31": "876.00000", "2011-12-31": "", "2010-12-31": ""}, "Operating Income": {"2020-09-30": "597.00000", "2020-06-30": "482.00000", "2020-03-31": "497.00000", "2019-12-31": "437.00000", "2019-09-30": "528.00000", "2019-06-30": "455.00000", "2019-03-31": "381.00000", "2018-12-31": "418.00000", "2018-09-30": "418.00000", "2018-06-30": "437.00000", "2018-03-31": "417.00000", "2017-12-31": "430.00000", "2017-09-30": "413.00000", "2017-06-30": "345.00000", "2017-03-31": "337.00000", "2016-12-31": "231.00000", "2016-09-30": "333.00000", "2016-06-30": "332.00000", "2016-03-31": "332.00000", "2015-12-31": "69.00000", "2015-09-30": "273.00000", "2015-06-30": "-27.00000", "2015-03-31": "230.00000", "2014-12-31": "155.00000", "2014-09-30": "238.00000", "2014-06-30": "200.00000", "2014-03-31": "227.00000", "2013-12-31": "126.00000", "2013-09-30": "185.00000", "2013-06-30": "187.00000", "2013-03-31": "192.00000", "2012-12-31": "82.00000", "2012-09-30": "213.00000", "2012-06-30": "252.00000", "2012-03-31": "171.00000", "2011-12-31": "", "2010-12-31": ""}, "Total Non-Operating Income/Expense": {"2020-09-30": "", "2020-06-30": "", "2020-03-31": "", "2019-12-31": "", "2019-09-30": "", "2019-06-30": "", "2019-03-31": "", "2018-12-31": "", "2018-09-30": "", "2018-06-30": "", "2018-03-31": "", "2017-12-31": "", "2017-09-30": "", "2017-06-30": "", "2017-03-31": "", "2016-12-31": "", "2016-09-30": "", "2016-06-30": "", "2016-03-31": "", "2015-12-31": "", "2015-09-30": "", "2015-06-30": "", "2015-03-31": "", "2014-12-31": "", "2014-09-30": "", "2014-06-30": "", "2014-03-31": "", "2013-12-31": "", "2013-09-30": "", "2013-06-30": "", "2013-03-31": "", "2012-12-31": "-8.00000", "2012-09-30": "", "2012-06-30": "", "2012-03-31": "", "2011-12-31": "", "2010-12-31": ""}, "Pre-Tax Income": {"2020-09-30": "597.00000", "2020-06-30": "482.00000", "2020-03-31": "497.00000", "2019-12-31": "437.00000", "2019-09-30": "528.00000", "2019-06-30": "455.00000", "2019-03-31": "381.00000", "2018-12-31": "418.00000", "2018-09-30": "418.00000", "2018-06-30": "437.00000", "2018-03-31": "417.00000", "2017-12-31": "430.00000", "2017-09-30": "413.00000", "2017-06-30": "345.00000", "2017-03-31": "337.00000", "2016-12-31": "231.00000", "2016-09-30": "333.00000", "2016-06-30": "332.00000", "2016-03-31": "332.00000", "2015-12-31": "69.00000", "2015-09-30": "273.00000", "2015-06-30": "-27.00000", "2015-03-31": "230.00000", "2014-12-31": "155.00000", "2014-09-30": "238.00000", "2014-06-30": "200.00000", "2014-03-31": "227.00000", "2013-12-31": "126.00000", "2013-09-30": "185.00000", "2013-06-30": "187.00000", "2013-03-31": "192.00000", "2012-12-31": "74.00000", "2012-09-30": "213.00000", "2012-06-30": "252.00000", "2012-03-31": "171.00000", "2011-12-31": "", "2010-12-31": ""}, "Income Taxes": {"2020-09-30": "118.00000", "2020-06-30": "106.00000", "2020-03-31": "74.00000", "2019-12-31": "53.00000", "2019-09-30": "95.00000", "2019-06-30": "84.00000", "2019-03-31": "69.00000", "2018-12-31": "73.00000", "2018-09-30": "71.00000", "2018-06-30": "55.00000", "2018-03-31": "67.00000", "2017-12-31": "350.00000", "2017-09-30": "117.00000", "2017-06-30": "98.00000", "2017-03-31": "98.00000", "2016-12-31": "77.00000", "2016-09-30": "96.00000", "2016-06-30": "108.00000", "2016-03-31": "128.00000", "2015-12-31": "49.00000", "2015-09-30": "83.00000", "2015-06-30": "9.00000", "2015-03-31": "65.00000", "2014-12-31": "29.00000", "2014-09-30": "71.00000", "2014-06-30": "61.00000", "2014-03-31": "72.00000", "2013-12-31": "22.00000", "2013-09-30": "54.00000", "2013-06-30": "59.00000", "2013-03-31": "52.00000", "2012-12-31": "84.00000", "2012-09-30": "52.00000", "2012-06-30": "79.00000", "2012-03-31": "59.00000", "2011-12-31": "", "2010-12-31": ""}, "Income After Taxes": {"2020-09-30": "479.00000", "2020-06-30": "376.00000", "2020-03-31": "423.00000", "2019-12-31": "384.00000", "2019-09-30": "433.00000", "2019-06-30": "371.00000", "2019-03-31": "312.00000", "2018-12-31": "345.00000", "2018-09-30": "347.00000", "2018-06-30": "382.00000", "2018-03-31": "350.00000", "2017-12-31": "80.00000", "2017-09-30": "296.00000", "2017-06-30": "247.00000", "2017-03-31": "239.00000", "2016-12-31": "154.00000", "2016-09-30": "237.00000", "2016-06-30": "224.00000", "2016-03-31": "204.00000", "2015-12-31": "20.00000", "2015-09-30": "190.00000", "2015-06-30": "-36.00000", "2015-03-31": "165.00000", "2014-12-31": "126.00000", "2014-09-30": "167.00000", "2014-06-30": "139.00000", "2014-03-31": "155.00000", "2013-12-31": "104.00000", "2013-09-30": "131.00000", "2013-06-30": "128.00000", "2013-03-31": "140.00000", "2012-12-31": "-10.00000", "2012-09-30": "161.00000", "2012-06-30": "173.00000", "2012-03-31": "112.00000", "2011-12-31": "", "2010-12-31": ""}, "Other Income": {"2020-09-30": "", "2020-06-30": "", "2020-03-31": "", "2019-12-31": "", "2019-09-30": "", "2019-06-30": "", "2019-03-31": "", "2018-12-31": "", "2018-09-30": "", "2018-06-30": "", "2018-03-31": "", "2017-12-31": "", "2017-09-30": "", "2017-06-30": "", "2017-03-31": "", "2016-12-31": "", "2016-09-30": "", "2016-06-30": "", "2016-03-31": "", "2015-12-31": "", "2015-09-30": "", "2015-06-30": "", "2015-03-31": "", "2014-12-31": "", "2014-09-30": "", "2014-06-30": "", "2014-03-31": "", "2013-12-31": "", "2013-09-30": "", "2013-06-30": "", "2013-03-31": "", "2012-12-31": "0.00000", "2012-09-30": "", "2012-06-30": "", "2012-03-31": "", "2011-12-31": "", "2010-12-31": ""}, "Income From Continuous Operations": {"2020-09-30": "479.00000", "2020-06-30": "376.00000", "2020-03-31": "423.00000", "2019-12-31": "384.00000", "2019-09-30": "433.00000", "2019-06-30": "371.00000", "2019-03-31": "312.00000", "2018-12-31": "345.00000", "2018-09-30": "347.00000", "2018-06-30": "382.00000", "2018-03-31": "350.00000", "2017-12-31": "80.00000", "2017-09-30": "296.00000", "2017-06-30": "247.00000", "2017-03-31": "239.00000", "2016-12-31": "154.00000", "2016-09-30": "237.00000", "2016-06-30": "224.00000", "2016-03-31": "204.00000", "2015-12-31": "20.00000", "2015-09-30": "190.00000", "2015-06-30": "-36.00000", "2015-03-31": "165.00000", "2014-12-31": "126.00000", "2014-09-30": "167.00000", "2014-06-30": "139.00000", "2014-03-31": "155.00000", "2013-12-31": "104.00000", "2013-09-30": "131.00000", "2013-06-30": "128.00000", "2013-03-31": "140.00000", "2012-12-31": "-10.00000", "2012-09-30": "161.00000", "2012-06-30": "173.00000", "2012-03-31": "112.00000", "2011-12-31": "", "2010-12-31": ""}, "Income From Discontinued Operations": {"2020-09-30": "", "2020-06-30": "", "2020-03-31": "", "2019-12-31": "", "2019-09-30": "", "2019-06-30": "", "2019-03-31": "", "2018-12-31": "", "2018-09-30": "", "2018-06-30": "", "2018-03-31": "", "2017-12-31": "", "2017-09-30": "", "2017-06-30": "", "2017-03-31": "", "2016-12-31": "", "2016-09-30": "", "2016-06-30": "", "2016-03-31": "", "2015-12-31": "", "2015-09-30": "", "2015-06-30": "", "2015-03-31": "", "2014-12-31": "", "2014-09-30": "", "2014-06-30": "", "2014-03-31": "", "2013-12-31": "", "2013-09-30": "", "2013-06-30": "", "2013-03-31": "", "2012-12-31": "0.00000", "2012-09-30": "", "2012-06-30": "", "2012-03-31": "", "2011-12-31": "", "2010-12-31": ""}, "Net Income": {"2020-09-30": "479.00000", "2020-06-30": "377.00000", "2020-03-31": "423.00000", "2019-12-31": "384.00000", "2019-09-30": "433.00000", "2019-06-30": "371.00000", "2019-03-31": "312.00000", "2018-12-31": "345.00000", "2018-09-30": "347.00000", "2018-06-30": "384.00000", "2018-03-31": "352.00000", "2017-12-31": "81.00000", "2017-09-30": "298.00000", "2017-06-30": "247.00000", "2017-03-31": "238.00000", "2016-12-31": "154.00000", "2016-09-30": "239.00000", "2016-06-30": "224.00000", "2016-03-31": "204.00000", "2015-12-31": "22.00000", "2015-09-30": "189.00000", "2015-06-30": "-37.00000", "2015-03-31": "165.00000", "2014-12-31": "126.00000", "2014-09-30": "166.00000", "2014-06-30": "136.00000", "2014-03-31": "155.00000", "2013-12-31": "105.00000", "2013-09-30": "131.00000", "2013-06-30": "128.00000", "2013-03-31": "140.00000", "2012-12-31": "-10.00000", "2012-09-30": "162.00000", "2012-06-30": "173.00000", "2012-03-31": "111.00000", "2011-12-31": "", "2010-12-31": ""}, "EBITDA": {"2020-09-30": "770.00000", "2020-06-30": "651.00000", "2020-03-31": "660.00000", "2019-12-31": "602.00000", "2019-09-30": "691.00000", "2019-06-30": "608.00000", "2019-03-31": "535.00000", "2018-12-31": "578.00000", "2018-09-30": "556.00000", "2018-06-30": "546.00000", "2018-03-31": "524.00000", "2017-12-31": "543.00000", "2017-09-30": "514.00000", "2017-06-30": "445.00000", "2017-03-31": "440.00000", "2016-12-31": "335.00000", "2016-09-30": "434.00000", "2016-06-30": "433.00000", "2016-03-31": "432.00000", "2015-12-31": "162.00000", "2015-09-30": "348.00000", "2015-06-30": "52.00000", "2015-03-31": "306.00000", "2014-12-31": "238.00000", "2014-09-30": "317.00000", "2014-06-30": "280.00000", "2014-03-31": "306.00000", "2013-12-31": "214.00000", "2013-09-30": "263.00000", "2013-06-30": "270.00000", "2013-03-31": "265.00000", "2012-12-31": "134.00000", "2012-09-30": "274.00000", "2012-06-30": "314.00000", "2012-03-31": "227.00000", "2011-12-31": "", "2010-12-31": ""}, "EBIT": {"2020-09-30": "659.00000", "2020-06-30": "540.00000", "2020-03-31": "550.00000", "2019-12-31": "493.00000", "2019-09-30": "584.00000", "2019-06-30": "510.00000", "2019-03-31": "437.00000", "2018-12-31": "477.00000", "2018-09-30": "472.00000", "2018-06-30": "483.00000", "2018-03-31": "464.00000", "2017-12-31": "480.00000", "2017-09-30": "456.00000", "2017-06-30": "386.00000", "2017-03-31": "378.00000", "2016-12-31": "272.00000", "2016-09-30": "374.00000", "2016-06-30": "373.00000", "2016-03-31": "375.00000", "2015-12-31": "107.00000", "2015-09-30": "302.00000", "2015-06-30": "2.00000", "2015-03-31": "258.00000", "2014-12-31": "185.00000", "2014-09-30": "267.00000", "2014-06-30": "229.00000", "2014-03-31": "256.00000", "2013-12-31": "156.00000", "2013-09-30": "214.00000", "2013-06-30": "219.00000", "2013-03-31": "214.00000", "2012-12-31": "82.00000", "2012-09-30": "220.00000", "2012-06-30": "260.00000", "2012-03-31": "179.00000", "2011-12-31": "", "2010-12-31": ""}, "Basic Shares Outstanding": {"2020-09-30": "475.50000", "2020-06-30": "475.30000", "2020-03-31": "475.60000", "2019-12-31": "478.12800", "2019-09-30": "477.80000", "2019-06-30": "478.80000", "2019-03-31": "479.60000", "2018-12-31": "483.06300", "2018-09-30": "482.00000", "2018-06-30": "483.80000", "2018-03-31": "485.90000", "2017-12-31": "489.91800", "2017-09-30": "489.10000", "2017-06-30": "490.80000", "2017-03-31": "492.40000", "2016-12-31": "495.71500", "2016-09-30": "495.20000", "2016-06-30": "496.30000", "2016-03-31": "497.40000", "2015-12-31": "499.70700", "2015-09-30": "499.20000", "2015-06-30": "500.20000", "2015-03-31": "501.10000", "2014-12-31": "501.05500", "2014-09-30": "501.45300", "2014-06-30": "500.97500", "2014-03-31": "500.23100", "2013-12-31": "500.00200", "2013-09-30": "500.00000", "2013-06-30": "500.00000", "2013-03-31": "500.00000", "2012-12-31": "500.00000", "2012-09-30": "500.00000", "2012-06-30": "500.00000", "2012-03-31": "500.00000", "2011-12-31": "", "2010-12-31": ""}, "Shares Outstanding": {"2020-09-30": "478.50000", "2020-06-30": "478.10000", "2020-03-31": "479.00000", "2019-12-31": "481.78700", "2019-09-30": "481.50000", "2019-06-30": "482.30000", "2019-03-31": "483.10000", "2018-12-31": "486.89800", "2018-09-30": "485.80000", "2018-06-30": "487.50000", "2018-03-31": "489.80000", "2017-12-31": "493.16100", "2017-09-30": "492.40000", "2017-06-30": "494.00000", "2017-03-31": "495.30000", "2016-12-31": "498.22500", "2016-09-30": "497.90000", "2016-06-30": "498.80000", "2016-03-31": "499.50000", "2015-12-31": "502.01900", "2015-09-30": "501.70000", "2015-06-30": "500.20000", "2015-03-31": "503.20000", "2014-12-31": "502.02500", "2014-09-30": "502.44500", "2014-06-30": "501.68400", "2014-03-31": "500.70200", "2013-12-31": "500.31700", "2013-09-30": "500.35400", "2013-06-30": "500.21700", "2013-03-31": "500.11100", "2012-12-31": "500.00000", "2012-09-30": "500.00000", "2012-06-30": "500.00000", "2012-03-31": "500.00000", "2011-12-31": "", "2010-12-31": ""}, "Basic EPS": {"2020-09-30": "1.01000", "2020-06-30": "0.79000", "2020-03-31": "0.89000", "2019-12-31": "0.81000", "2019-09-30": "0.91000", "2019-06-30": "0.77000", "2019-03-31": "0.65000", "2018-12-31": "0.73000", "2018-09-30": "0.72000", "2018-06-30": "0.79000", "2018-03-31": "0.72000", "2017-12-31": "0.17000", "2017-09-30": "0.61000", "2017-06-30": "0.50000", "2017-03-31": "0.48000", "2016-12-31": "0.32000", "2016-09-30": "0.48000", "2016-06-30": "0.45000", "2016-03-31": "0.41000", "2015-12-31": "0.04000", "2015-09-30": "0.38000", "2015-06-30": "-0.07000", "2015-03-31": "0.33000", "2014-12-31": "0.25000", "2014-09-30": "0.33000", "2014-06-30": "0.27000", "2014-03-31": "0.31000", "2013-12-31": "0.21000", "2013-09-30": "0.26000", "2013-06-30": "0.26000", "2013-03-31": "0.28000", "2012-12-31": "-0.02000", "2012-09-30": "0.32000", "2012-06-30": "0.35000", "2012-03-31": "0.22000", "2011-12-31": "", "2010-12-31": ""}, "EPS - Earnings Per Share": {"2020-09-30": "1.00000", "2020-06-30": "0.79000", "2020-03-31": "0.88000", "2019-12-31": "0.79000", "2019-09-30": "0.90000", "2019-06-30": "0.77000", "2019-03-31": "0.65000", "2018-12-31": "0.71000", "2018-09-30": "0.71000", "2018-06-30": "0.79000", "2018-03-31": "0.72000", "2017-12-31": "0.16000", "2017-09-30": "0.61000", "2017-06-30": "0.50000", "2017-03-31": "0.48000", "2016-12-31": "0.31000", "2016-09-30": "0.48000", "2016-06-30": "0.45000", "2016-03-31": "0.41000", "2015-12-31": "0.04000", "2015-09-30": "0.38000", "2015-06-30": "-0.07000", "2015-03-31": "0.33000", "2014-12-31": "0.25000", "2014-09-30": "0.33000", "2014-06-30": "0.27000", "2014-03-31": "0.31000", "2013-12-31": "0.21000", "2013-09-30": "0.26000", "2013-06-30": "0.26000", "2013-03-31": "0.28000", "2012-12-31": "-0.02000", "2012-09-30": "0.32000", "2012-06-30": "0.35000", "2012-03-31": "0.22000", "2011-12-31": "0.00000", "2010-12-31": "0.00000"}}, "balance sheet": {"Cash On Hand": {"2019-12-31": "1934.00000", "2018-12-31": "1701.00000", "2017-12-31": "1564.00000", "2016-12-31": "727.00000", "2015-12-31": "1154.00000", "2014-12-31": "882.00000", "2013-12-31": "610.00000", "2012-12-31": "317.00000", "2011-12-31": "79.00000", "2010-12-31": ""}, "Receivables": {"2019-12-31": "1086.00000", "2018-12-31": "1036.00000", "2017-12-31": "998.00000", "2016-12-31": "913.00000", "2015-12-31": "937.00000", "2014-12-31": "980.00000", "2013-12-31": "1138.00000", "2012-12-31": "900.00000", "2011-12-31": "871.00000", "2010-12-31": ""}, "Inventory": {"2019-12-31": "1410.00000", "2018-12-31": "1391.00000", "2017-12-31": "1427.00000", "2016-12-31": "1502.00000", "2015-12-31": "1467.00000", "2014-12-31": "1289.00000", "2013-12-31": "1293.00000", "2012-12-31": "1345.00000", "2011-12-31": "1063.00000", "2010-12-31": ""}, "Pre-Paid Expenses": {"2019-12-31": "", "2018-12-31": "", "2017-12-31": "", "2016-12-31": "", "2015-12-31": "", "2014-12-31": "", "2013-12-31": "", "2012-12-31": "", "2011-12-31": "", "2010-12-31": ""}, "Other Current Assets": {"2019-12-31": "318.00000", "2018-12-31": "271.00000", "2017-12-31": "228.00000", "2016-12-31": "248.00000", "2015-12-31": "201.00000", "2014-12-31": "205.00000", "2013-12-31": "219.00000", "2012-12-31": "201.00000", "2011-12-31": "202.00000", "2010-12-31": ""}, "Total Current Assets": {"2019-12-31": "4748.00000", "2018-12-31": "4399.00000", "2017-12-31": "4217.00000", "2016-12-31": "3390.00000", "2015-12-31": "3830.00000", "2014-12-31": "3465.00000", "2013-12-31": "3357.00000", "2012-12-31": "2864.00000", "2011-12-31": "2311.00000", "2010-12-31": ""}, "Property, Plant, And Equipment": {"2019-12-31": "1940.00000", "2018-12-31": "1658.00000", "2017-12-31": "1435.00000", "2016-12-31": "1381.00000", "2015-12-31": "1307.00000", "2014-12-31": "1318.00000", "2013-12-31": "1295.00000", "2012-12-31": "1241.00000", "2011-12-31": "1243.00000", "2010-12-31": ""}, "Long-Term Investments": {"2019-12-31": "", "2018-12-31": "", "2017-12-31": "", "2016-12-31": "", "2015-12-31": "", "2014-12-31": "", "2013-12-31": "", "2012-12-31": "", "2011-12-31": "", "2010-12-31": ""}, "Goodwill And Intangible Assets": {"2019-12-31": "4482.00000", "2018-12-31": "4565.00000", "2017-12-31": "2779.00000", "2016-12-31": "2709.00000", "2015-12-31": "2645.00000", "2014-12-31": "1703.00000", "2013-12-31": "1785.00000", "2012-12-31": "1853.00000", "2011-12-31": "1917.00000", "2010-12-31": "0.00000"}, "Other Long-Term Assets": {"2019-12-31": "98.00000", "2018-12-31": "94.00000", "2017-12-31": "75.00000", "2016-12-31": "73.00000", "2015-12-31": "49.00000", "2014-12-31": "48.00000", "2013-12-31": "58.00000", "2012-12-31": "88.00000", "2011-12-31": "97.00000", "2010-12-31": ""}, "Total Long-Term Assets": {"2019-12-31": "6797.00000", "2018-12-31": "6378.00000", "2017-12-31": "4369.00000", "2016-12-31": "4259.00000", "2015-12-31": "4083.00000", "2014-12-31": "3123.00000", "2013-12-31": "3201.00000", "2012-12-31": "3398.00000", "2011-12-31": "3400.00000", "2010-12-31": ""}, "Total Assets": {"2019-12-31": "11545.00000", "2018-12-31": "10777.00000", "2017-12-31": "8586.00000", "2016-12-31": "7649.00000", "2015-12-31": "7913.00000", "2014-12-31": "6588.00000", "2013-12-31": "6558.00000", "2012-12-31": "6262.00000", "2011-12-31": "5711.00000", "2010-12-31": "0.00000"}, "Total Current Liabilities": {"2019-12-31": "1806.00000", "2018-12-31": "1223.00000", "2017-12-31": "1094.00000", "2016-12-31": "1117.00000", "2015-12-31": "1781.00000", "2014-12-31": "1086.00000", "2013-12-31": "1415.00000", "2012-12-31": "1123.00000", "2011-12-31": "843.00000", "2010-12-31": ""}, "Long Term Debt": {"2019-12-31": "5947.00000", "2018-12-31": "6443.00000", "2017-12-31": "4953.00000", "2016-12-31": "4468.00000", "2015-12-31": "4463.00000", "2014-12-31": "3624.00000", "2013-12-31": "3642.00000", "2012-12-31": "509.00000", "2011-12-31": "575.00000", "2010-12-31": ""}, "Other Non-Current Liabilities": {"2019-12-31": "486.00000", "2018-12-31": "452.00000", "2017-12-31": "373.00000", "2016-12-31": "321.00000", "2015-12-31": "314.00000", "2014-12-31": "264.00000", "2013-12-31": "217.00000", "2012-12-31": "266.00000", "2011-12-31": "246.00000", "2010-12-31": ""}, "Total Long Term Liabilities": {"2019-12-31": "7031.00000", "2018-12-31": "7369.00000", "2017-12-31": "5706.00000", "2016-12-31": "5033.00000", "2015-12-31": "5041.00000", "2014-12-31": "4165.00000", "2013-12-31": "4181.00000", "2012-12-31": "1098.00000", "2011-12-31": "1132.00000", "2010-12-31": ""}, "Total Liabilities": {"2019-12-31": "8837.00000", "2018-12-31": "8592.00000", "2017-12-31": "6800.00000", "2016-12-31": "6150.00000", "2015-12-31": "6822.00000", "2014-12-31": "5251.00000", "2013-12-31": "5596.00000", "2012-12-31": "2221.00000", "2011-12-31": "1975.00000", "2010-12-31": "0.00000"}, "Common Stock Net": {"2019-12-31": "5.00000", "2018-12-31": "5.00000", "2017-12-31": "5.00000", "2016-12-31": "5.00000", "2015-12-31": "5.00000", "2014-12-31": "5.00000", "2013-12-31": "5.00000", "2012-12-31": "4183.00000", "2011-12-31": "3785.00000", "2010-12-31": "0.00000"}, "Retained Earnings (Accumulated Deficit)": {"2019-12-31": "4427.00000", "2018-12-31": "3270.00000", "2017-12-31": "2109.00000", "2016-12-31": "1477.00000", "2015-12-31": "876.00000", "2014-12-31": "709.00000", "2013-12-31": "276.00000", "2012-12-31": "", "2011-12-31": "", "2010-12-31": ""}, "Comprehensive Income": {"2019-12-31": "-726.00000", "2018-12-31": "-629.00000", "2017-12-31": "-505.00000", "2016-12-31": "-598.00000", "2015-12-31": "-622.00000", "2014-12-31": "-361.00000", "2013-12-31": "-219.00000", "2012-12-31": "-157.00000", "2011-12-31": "-65.00000", "2010-12-31": ""}, "Other Share Holders Equity": {"2019-12-31": "", "2018-12-31": "", "2017-12-31": "", "2016-12-31": "", "2015-12-31": "", "2014-12-31": "", "2013-12-31": "", "2012-12-31": "", "2011-12-31": "", "2010-12-31": "0.00000"}, "Share Holder Equity": {"2019-12-31": "2708.00000", "2018-12-31": "2185.00000", "2017-12-31": "1786.00000", "2016-12-31": "1499.00000", "2015-12-31": "1091.00000", "2014-12-31": "1337.00000", "2013-12-31": "962.00000", "2012-12-31": "4041.00000", "2011-12-31": "3736.00000", "2010-12-31": "0.00000"}, "Total Liabilities And Share Holders Equity": {"2019-12-31": "11545.00000", "2018-12-31": "10777.00000", "2017-12-31": "8586.00000", "2016-12-31": "7649.00000", "2015-12-31": "7913.00000", "2014-12-31": "6588.00000", "2013-12-31": "6558.00000", "2012-12-31": "6262.00000", "2011-12-31": "5711.00000", "2010-12-31": "0.00000"}}, "balance sheet, quarterly": {"Cash On Hand": {"2020-09-30": "3654.00000", "2020-06-30": "3353.00000", "2020-03-31": "1951.00000", "2019-12-31": "1934.00000", "2019-09-30": "1827.00000", "2019-06-30": "1780.00000", "2019-03-31": "1793.00000", "2018-12-31": "1701.00000", "2018-09-30": "1391.00000", "2018-06-30": "1558.00000", "2018-03-31": "1654.00000", "2017-12-31": "1564.00000", "2017-09-30": "1981.00000", "2017-06-30": "705.00000", "2017-03-31": "629.00000", "2016-12-31": "727.00000", "2016-09-30": "651.00000", "2016-06-30": "658.00000", "2016-03-31": "675.00000", "2015-12-31": "1154.00000", "2015-09-30": "592.00000", "2015-06-30": "544.00000", "2015-03-31": "559.00000", "2014-12-31": "882.00000", "2014-09-30": "598.00000", "2014-06-30": "578.00000", "2014-03-31": "506.00000", "2013-12-31": "610.00000", "2013-09-30": "389.00000", "2013-06-30": "369.00000", "2013-03-31": "468.00000", "2012-12-31": "317.00000", "2012-09-30": "", "2012-06-30": "", "2012-03-31": "", "2011-12-31": "79.00000", "2010-12-31": ""}, "Receivables": {"2020-09-30": "1012.00000", "2020-06-30": "984.00000", "2020-03-31": "965.00000", "2019-12-31": "1086.00000", "2019-09-30": "1030.00000", "2019-06-30": "994.00000", "2019-03-31": "970.00000", "2018-12-31": "1036.00000", "2018-09-30": "929.00000", "2018-06-30": "973.00000", "2018-03-31": "943.00000", "2017-12-31": "998.00000", "2017-09-30": "1009.00000", "2017-06-30": "975.00000", "2017-03-31": "954.00000", "2016-12-31": "913.00000", "2016-09-30": "915.00000", "2016-06-30": "888.00000", "2016-03-31": "908.00000", "2015-12-31": "937.00000", "2015-09-30": "1038.00000", "2015-06-30": "993.00000", "2015-03-31": "905.00000", "2014-12-31": "980.00000", "2014-09-30": "1057.00000", "2014-06-30": "1098.00000", "2014-03-31": "1100.00000", "2013-12-31": "1138.00000", "2013-09-30": "1110.00000", "2013-06-30": "1137.00000", "2013-03-31": "1083.00000", "2012-12-31": "900.00000", "2012-09-30": "", "2012-06-30": "", "2012-03-31": "", "2011-12-31": "871.00000", "2010-12-31": ""}, "Inventory": {"2020-09-30": "1626.00000", "2020-06-30": "1584.00000", "2020-03-31": "1481.00000", "2019-12-31": "1410.00000", "2019-09-30": "1439.00000", "2019-06-30": "1404.00000", "2019-03-31": "1361.00000", "2018-12-31": "1391.00000", "2018-09-30": "1441.00000", "2018-06-30": "1420.00000", "2018-03-31": "1441.00000", "2017-12-31": "1427.00000", "2017-09-30": "1490.00000", "2017-06-30": "1498.00000", "2017-03-31": "1535.00000", "2016-12-31": "1502.00000", "2016-09-30": "1563.00000", "2016-06-30": "1525.00000", "2016-03-31": "1461.00000", "2015-12-31": "1467.00000", "2015-09-30": "1403.00000", "2015-06-30": "1417.00000", "2015-03-31": "1346.00000", "2014-12-31": "1289.00000", "2014-09-30": "1388.00000", "2014-06-30": "1336.00000", "2014-03-31": "1316.00000", "2013-12-31": "1293.00000", "2013-09-30": "1290.00000", "2013-06-30": "1257.00000", "2013-03-31": "1120.00000", "2012-12-31": "1345.00000", "2012-09-30": "", "2012-06-30": "", "2012-03-31": "", "2011-12-31": "1063.00000", "2010-12-31": ""}, "Pre-Paid Expenses": {"2020-09-30": "", "2020-06-30": "", "2020-03-31": "", "2019-12-31": "", "2019-09-30": "", "2019-06-30": "", "2019-03-31": "", "2018-12-31": "", "2018-09-30": "", "2018-06-30": "", "2018-03-31": "", "2017-12-31": "", "2017-09-30": "", "2017-06-30": "", "2017-03-31": "", "2016-12-31": "", "2016-09-30": "", "2016-06-30": "", "2016-03-31": "", "2015-12-31": "", "2015-09-30": "", "2015-06-30": "", "2015-03-31": "", "2014-12-31": "", "2014-09-30": "", "2014-06-30": "", "2014-03-31": "", "2013-12-31": "", "2013-09-30": "", "2013-06-30": "", "2013-03-31": "", "2012-12-31": "", "2012-09-30": "", "2012-06-30": "", "2012-03-31": "", "2011-12-31": "", "2010-12-31": ""}, "Other Current Assets": {"2020-09-30": "465.00000", "2020-06-30": "364.00000", "2020-03-31": "375.00000", "2019-12-31": "318.00000", "2019-09-30": "322.00000", "2019-06-30": "306.00000", "2019-03-31": "255.00000", "2018-12-31": "271.00000", "2018-09-30": "315.00000", "2018-06-30": "288.00000", "2018-03-31": "229.00000", "2017-12-31": "228.00000", "2017-09-30": "357.00000", "2017-06-30": "353.00000", "2017-03-31": "265.00000", "2016-12-31": "248.00000", "2016-09-30": "235.00000", "2016-06-30": "257.00000", "2016-03-31": "236.00000", "2015-12-31": "201.00000", "2015-09-30": "264.00000", "2015-06-30": "235.00000", "2015-03-31": "213.00000", "2014-12-31": "205.00000", "2014-09-30": "204.00000", "2014-06-30": "207.00000", "2014-03-31": "205.00000", "2013-12-31": "219.00000", "2013-09-30": "228.00000", "2013-06-30": "227.00000", "2013-03-31": "188.00000", "2012-12-31": "201.00000", "2012-09-30": "", "2012-06-30": "", "2012-03-31": "", "2011-12-31": "298.00000", "2010-12-31": ""}, "Total Current Assets": {"2020-09-30": "6757.00000", "2020-06-30": "6285.00000", "2020-03-31": "4772.00000", "2019-12-31": "4748.00000", "2019-09-30": "4618.00000", "2019-06-30": "4484.00000", "2019-03-31": "4379.00000", "2018-12-31": "4399.00000", "2018-09-30": "4076.00000", "2018-06-30": "4239.00000", "2018-03-31": "4267.00000", "2017-12-31": "4217.00000", "2017-09-30": "4894.00000", "2017-06-30": "3584.00000", "2017-03-31": "3383.00000", "2016-12-31": "3390.00000", "2016-09-30": "3364.00000", "2016-06-30": "3328.00000", "2016-03-31": "3307.00000", "2015-12-31": "3830.00000", "2015-09-30": "3450.00000", "2015-06-30": "3316.00000", "2015-03-31": "3110.00000", "2014-12-31": "3465.00000", "2014-09-30": "3353.00000", "2014-06-30": "3327.00000", "2014-03-31": "3222.00000", "2013-12-31": "3357.00000", "2013-09-30": "3083.00000", "2013-06-30": "3082.00000", "2013-03-31": "2942.00000", "2012-12-31": "2864.00000", "2012-09-30": "", "2012-06-30": "", "2012-03-31": "", "2011-12-31": "2311.00000", "2010-12-31": ""}, "Property, Plant, And Equipment": {"2020-09-30": "2099.00000", "2020-06-30": "2011.00000", "2020-03-31": "1977.00000", "2019-12-31": "1940.00000", "2019-09-30": "1813.00000", "2019-06-30": "1739.00000", "2019-03-31": "1683.00000", "2018-12-31": "1658.00000", "2018-09-30": "1556.00000", "2018-06-30": "1470.00000", "2018-03-31": "1453.00000", "2017-12-31": "1435.00000", "2017-09-30": "1388.00000", "2017-06-30": "1355.00000", "2017-03-31": "1368.00000", "2016-12-31": "1381.00000", "2016-09-30": "1382.00000", "2016-06-30": "1341.00000", "2016-03-31": "1317.00000", "2015-12-31": "1307.00000", "2015-09-30": "1293.00000", "2015-06-30": "1295.00000", "2015-03-31": "1301.00000", "2014-12-31": "1318.00000", "2014-09-30": "1313.00000", "2014-06-30": "1309.00000", "2014-03-31": "1292.00000", "2013-12-31": "1295.00000", "2013-09-30": "1252.00000", "2013-06-30": "1252.00000", "2013-03-31": "1237.00000", "2012-12-31": "1241.00000", "2012-09-30": "", "2012-06-30": "", "2012-03-31": "", "2011-12-31": "2149.00000", "2010-12-31": ""}, "Long-Term Investments": {"2020-09-30": "", "2020-06-30": "", "2020-03-31": "", "2019-12-31": "", "2019-09-30": "", "2019-06-30": "", "2019-03-31": "", "2018-12-31": "", "2018-09-30": "", "2018-06-30": "", "2018-03-31": "", "2017-12-31": "", "2017-09-30": "", "2017-06-30": "", "2017-03-31": "", "2016-12-31": "", "2016-09-30": "", "2016-06-30": "", "2016-03-31": "", "2015-12-31": "", "2015-09-30": "", "2015-06-30": "", "2015-03-31": "", "2014-12-31": "", "2014-09-30": "", "2014-06-30": "", "2014-03-31": "", "2013-12-31": "", "2013-09-30": "", "2013-06-30": "", "2013-03-31": "", "2012-12-31": "", "2012-09-30": "", "2012-06-30": "", "2012-03-31": "", "2011-12-31": "", "2010-12-31": ""}, "Goodwill And Intangible Assets": {"2020-09-30": "4484.00000", "2020-06-30": "4412.00000", "2020-03-31": "4404.00000", "2019-12-31": "4482.00000", "2019-09-30": "4485.00000", "2019-06-30": "4421.00000", "2019-03-31": "4511.00000", "2018-12-31": "4565.00000", "2018-09-30": "4657.00000", "2018-06-30": "2739.00000", "2018-03-31": "2812.00000", "2017-12-31": "2779.00000", "2017-09-30": "2848.00000", "2017-06-30": "2705.00000", "2017-03-31": "2729.00000", "2016-12-31": "2709.00000", "2016-09-30": "2779.00000", "2016-06-30": "2692.00000", "2016-03-31": "2669.00000", "2015-12-31": "2645.00000", "2015-09-30": "1842.00000", "2015-06-30": "1864.00000", "2015-03-31": "1904.00000", "2014-12-31": "1703.00000", "2014-09-30": "1739.00000", "2014-06-30": "1758.00000", "2014-03-31": "1769.00000", "2013-12-31": "1785.00000", "2013-09-30": "1795.00000", "2013-06-30": "1816.00000", "2013-03-31": "1840.00000", "2012-12-31": "1853.00000", "2012-09-30": "0.00000", "2012-06-30": "0.00000", "2012-03-31": "0.00000", "2011-12-31": "1917.00000", "2010-12-31": "0.00000"}, "Other Long-Term Assets": {"2020-09-30": "94.00000", "2020-06-30": "92.00000", "2020-03-31": "105.00000", "2019-12-31": "98.00000", "2019-09-30": "91.00000", "2019-06-30": "87.00000", "2019-03-31": "87.00000", "2018-12-31": "94.00000", "2018-09-30": "97.00000", "2018-06-30": "75.00000", "2018-03-31": "78.00000", "2017-12-31": "75.00000", "2017-09-30": "64.00000", "2017-06-30": "65.00000", "2017-03-31": "72.00000", "2016-12-31": "73.00000", "2016-09-30": "71.00000", "2016-06-30": "66.00000", "2016-03-31": "48.00000", "2015-12-31": "49.00000", "2015-09-30": "43.00000", "2015-06-30": "58.00000", "2015-03-31": "58.00000", "2014-12-31": "48.00000", "2014-09-30": "67.00000", "2014-06-30": "71.00000", "2014-03-31": "63.00000", "2013-12-31": "58.00000", "2013-09-30": "59.00000", "2013-06-30": "57.00000", "2013-03-31": "60.00000", "2012-12-31": "88.00000", "2012-09-30": "", "2012-06-30": "", "2012-03-31": "", "2011-12-31": "97.00000", "2010-12-31": ""}, "Total Long-Term Assets": {"2020-09-30": "6968.00000", "2020-06-30": "6784.00000", "2020-03-31": "6756.00000", "2019-12-31": "6797.00000", "2019-09-30": "6654.00000", "2019-06-30": "6502.00000", "2019-03-31": "6504.00000", "2018-12-31": "6378.00000", "2018-09-30": "6383.00000", "2018-06-30": "4364.00000", "2018-03-31": "4423.00000", "2017-12-31": "4369.00000", "2017-09-30": "4394.00000", "2017-06-30": "4218.00000", "2017-03-31": "4266.00000", "2016-12-31": "4259.00000", "2016-09-30": "4351.00000", "2016-06-30": "4190.00000", "2016-03-31": "4146.00000", "2015-12-31": "4083.00000", "2015-09-30": "3236.00000", "2015-06-30": "3282.00000", "2015-03-31": "3320.00000", "2014-12-31": "3123.00000", "2014-09-30": "3174.00000", "2014-06-30": "3195.00000", "2014-03-31": "3181.00000", "2013-12-31": "3201.00000", "2013-09-30": "3176.00000", "2013-06-30": "3179.00000", "2013-03-31": "3200.00000", "2012-12-31": "3398.00000", "2012-09-30": "", "2012-06-30": "", "2012-03-31": "", "2011-12-31": "4306.00000", "2010-12-31": ""}, "Total Assets": {"2020-09-30": "13725.00000", "2020-06-30": "13069.00000", "2020-03-31": "11528.00000", "2019-12-31": "11545.00000", "2019-09-30": "11272.00000", "2019-06-30": "10986.00000", "2019-03-31": "10883.00000", "2018-12-31": "10777.00000", "2018-09-30": "10459.00000", "2018-06-30": "8603.00000", "2018-03-31": "8690.00000", "2017-12-31": "8586.00000", "2017-09-30": "9288.00000", "2017-06-30": "7802.00000", "2017-03-31": "7649.00000", "2016-12-31": "7649.00000", "2016-09-30": "7715.00000", "2016-06-30": "7518.00000", "2016-03-31": "7453.00000", "2015-12-31": "7913.00000", "2015-09-30": "6686.00000", "2015-06-30": "6598.00000", "2015-03-31": "6430.00000", "2014-12-31": "6588.00000", "2014-09-30": "6527.00000", "2014-06-30": "6522.00000", "2014-03-31": "6403.00000", "2013-12-31": "6558.00000", "2013-09-30": "6259.00000", "2013-06-30": "6261.00000", "2013-03-31": "6142.00000", "2012-12-31": "6262.00000", "2012-09-30": "0.00000", "2012-06-30": "0.00000", "2012-03-31": "0.00000", "2011-12-31": "5711.00000", "2010-12-31": "0.00000"}, "Total Current Liabilities": {"2020-09-30": "2400.00000", "2020-06-30": "1811.00000", "2020-03-31": "1721.00000", "2019-12-31": "1806.00000", "2019-09-30": "1052.00000", "2019-06-30": "1075.00000", "2019-03-31": "1082.00000", "2018-12-31": "1223.00000", "2018-09-30": "1003.00000", "2018-06-30": "967.00000", "2018-03-31": "1000.00000", "2017-12-31": "1094.00000", "2017-09-30": "1746.00000", "2017-06-30": "1784.00000", "2017-03-31": "1730.00000", "2016-12-31": "1117.00000", "2016-09-30": "1039.00000", "2016-06-30": "1039.00000", "2016-03-31": "1163.00000", "2015-12-31": "1781.00000", "2015-09-30": "1658.00000", "2015-06-30": "1572.00000", "2015-03-31": "1370.00000", "2014-12-31": "1086.00000", "2014-09-30": "998.00000", "2014-06-30": "1061.00000", "2014-03-31": "1127.00000", "2013-12-31": "1415.00000", "2013-09-30": "1308.00000", "2013-06-30": "1321.00000", "2013-03-31": "1287.00000", "2012-12-31": "1123.00000", "2012-09-30": "", "2012-06-30": "", "2012-03-31": "", "2011-12-31": "843.00000", "2010-12-31": ""}, "Long Term Debt": {"2020-09-30": "6595.00000", "2020-06-30": "7194.00000", "2020-03-31": "5963.00000", "2019-12-31": "5947.00000", "2019-09-30": "6447.00000", "2019-06-30": "6446.00000", "2019-03-31": "6444.00000", "2018-12-31": "6443.00000", "2018-09-30": "6441.00000", "2018-06-30": "4955.00000", "2018-03-31": "4954.00000", "2017-12-31": "4953.00000", "2017-09-30": "4952.00000", "2017-06-30": "3719.00000", "2017-03-31": "3718.00000", "2016-12-31": "4468.00000", "2016-09-30": "4467.00000", "2016-06-30": "4465.00000", "2016-03-31": "4464.00000", "2015-12-31": "4463.00000", "2015-09-30": "3226.00000", "2015-06-30": "3243.00000", "2015-03-31": "3243.00000", "2014-12-31": "3624.00000", "2014-09-30": "3642.00000", "2014-06-30": "3642.00000", "2014-03-31": "3642.00000", "2013-12-31": "3642.00000", "2013-09-30": "3642.00000", "2013-06-30": "3640.00000", "2013-03-31": "3640.00000", "2012-12-31": "509.00000", "2012-09-30": "", "2012-06-30": "", "2012-03-31": "", "2011-12-31": "575.00000", "2010-12-31": ""}, "Other Non-Current Liabilities": {"2020-09-30": "546.00000", "2020-06-30": "527.00000", "2020-03-31": "511.00000", "2019-12-31": "486.00000", "2019-09-30": "453.00000", "2019-06-30": "439.00000", "2019-03-31": "442.00000", "2018-12-31": "452.00000", "2018-09-30": "451.00000", "2018-06-30": "470.00000", "2018-03-31": "515.00000", "2017-12-31": "373.00000", "2017-09-30": "302.00000", "2017-06-30": "292.00000", "2017-03-31": "294.00000", "2016-12-31": "321.00000", "2016-09-30": "345.00000", "2016-06-30": "351.00000", "2016-03-31": "369.00000", "2015-12-31": "314.00000", "2015-09-30": "321.00000", "2015-06-30": "347.00000", "2015-03-31": "256.00000", "2014-12-31": "264.00000", "2014-09-30": "233.00000", "2014-06-30": "222.00000", "2014-03-31": "216.00000", "2013-12-31": "217.00000", "2013-09-30": "174.00000", "2013-06-30": "169.00000", "2013-03-31": "154.00000", "2012-12-31": "266.00000", "2012-09-30": "", "2012-06-30": "", "2012-03-31": "", "2011-12-31": "246.00000", "2010-12-31": ""}, "Total Long Term Liabilities": {"2020-09-30": "7718.00000", "2020-06-30": "8271.00000", "2020-03-31": "7054.00000", "2019-12-31": "7031.00000", "2019-09-30": "7542.00000", "2019-06-30": "7500.00000", "2019-03-31": "7484.00000", "2018-12-31": "7369.00000", "2018-09-30": "7338.00000", "2018-06-30": "5654.00000", "2018-03-31": "5715.00000", "2017-12-31": "5706.00000", "2017-09-30": "5523.00000", "2017-06-30": "4272.00000", "2017-03-31": "4284.00000", "2016-12-31": "5033.00000", "2016-09-30": "5078.00000", "2016-06-30": "5108.00000", "2016-03-31": "5103.00000", "2015-12-31": "5041.00000", "2015-09-30": "3774.00000", "2015-06-30": "3824.00000", "2015-03-31": "3755.00000", "2014-12-31": "4165.00000", "2014-09-30": "4140.00000", "2014-06-30": "4178.00000", "2014-03-31": "4177.00000", "2013-12-31": "4181.00000", "2013-09-30": "4085.00000", "2013-06-30": "4117.00000", "2013-03-31": "4131.00000", "2012-12-31": "1098.00000", "2012-09-30": "", "2012-06-30": "", "2012-03-31": "", "2011-12-31": "1132.00000", "2010-12-31": ""}, "Total Liabilities": {"2020-09-30": "10118.00000", "2020-06-30": "10082.00000", "2020-03-31": "8775.00000", "2019-12-31": "8837.00000", "2019-09-30": "8594.00000", "2019-06-30": "8575.00000", "2019-03-31": "8566.00000", "2018-12-31": "8592.00000", "2018-09-30": "8341.00000", "2018-06-30": "6621.00000", "2018-03-31": "6715.00000", "2017-12-31": "6800.00000", "2017-09-30": "7269.00000", "2017-06-30": "6056.00000", "2017-03-31": "6014.00000", "2016-12-31": "6150.00000", "2016-09-30": "6117.00000", "2016-06-30": "6147.00000", "2016-03-31": "6266.00000", "2015-12-31": "6822.00000", "2015-09-30": "5432.00000", "2015-06-30": "5396.00000", "2015-03-31": "5125.00000", "2014-12-31": "5251.00000", "2014-09-30": "5138.00000", "2014-06-30": "5239.00000", "2014-03-31": "5304.00000", "2013-12-31": "5596.00000", "2013-09-30": "5393.00000", "2013-06-30": "5438.00000", "2013-03-31": "5418.00000", "2012-12-31": "2221.00000", "2012-09-30": "0.00000", "2012-06-30": "0.00000", "2012-03-31": "0.00000", "2011-12-31": "1975.00000", "2010-12-31": "0.00000"}, "Common Stock Net": {"2020-09-30": "5.00000", "2020-06-30": "5.00000", "2020-03-31": "5.00000", "2019-12-31": "5.00000", "2019-09-30": "5.00000", "2019-06-30": "5.00000", "2019-03-31": "5.00000", "2018-12-31": "5.00000", "2018-09-30": "5.00000", "2018-06-30": "5.00000", "2018-03-31": "5.00000", "2017-12-31": "5.00000", "2017-09-30": "5.00000", "2017-06-30": "5.00000", "2017-03-31": "5.00000", "2016-12-31": "5.00000", "2016-09-30": "5.00000", "2016-06-30": "5.00000", "2016-03-31": "5.00000", "2015-12-31": "5.00000", "2015-09-30": "5.00000", "2015-06-30": "5.00000", "2015-03-31": "5.00000", "2014-12-31": "5.00000", "2014-09-30": "5.00000", "2014-06-30": "5.00000", "2014-03-31": "5.00000", "2013-12-31": "5.00000", "2013-09-30": "5.00000", "2013-06-30": "5.00000", "2013-03-31": "5.00000", "2012-12-31": "4183.00000", "2012-09-30": "0.00000", "2012-06-30": "0.00000", "2012-03-31": "0.00000", "2011-12-31": "0.00000", "2010-12-31": "0.00000"}, "Retained Earnings (Accumulated Deficit)": {"2020-09-30": "5526.00000", "2020-06-30": "5048.00000", "2020-03-31": "4764.00000", "2019-12-31": "4427.00000", "2019-09-30": "4217.00000", "2019-06-30": "3788.00000", "2019-03-31": "3495.00000", "2018-12-31": "3270.00000", "2018-09-30": "3067.00000", "2018-06-30": "2722.00000", "2018-03-31": "2399.00000", "2017-12-31": "2109.00000", "2017-09-30": "2140.00000", "2017-06-30": "1843.00000", "2017-03-31": "1651.00000", "2016-12-31": "1477.00000", "2016-09-30": "1423.00000", "2016-06-30": "1190.00000", "2016-03-31": "1016.00000", "2015-12-31": "876.00000", "2015-09-30": "943.00000", "2015-06-30": "795.00000", "2015-03-31": "832.00000", "2014-12-31": "709.00000", "2014-09-30": "661.00000", "2014-06-30": "531.00000", "2014-03-31": "395.00000", "2013-12-31": "276.00000", "2013-09-30": "207.00000", "2013-06-30": "109.00000", "2013-03-31": "13.00000", "2012-12-31": "", "2012-09-30": "", "2012-06-30": "", "2012-03-31": "", "2011-12-31": "", "2010-12-31": ""}, "Comprehensive Income": {"2020-09-30": "-735.00000", "2020-06-30": "-856.00000", "2020-03-31": "-781.00000", "2019-12-31": "-726.00000", "2019-09-30": "-699.00000", "2019-06-30": "-669.00000", "2019-03-31": "-598.00000", "2018-12-31": "-629.00000", "2018-09-30": "-619.00000", "2018-06-30": "-543.00000", "2018-03-31": "-429.00000", "2017-12-31": "-505.00000", "2017-09-30": "-455.00000", "2017-06-30": "-542.00000", "2017-03-31": "-552.00000", "2016-12-31": "-598.00000", "2016-09-30": "-506.00000", "2016-06-30": "-554.00000", "2016-03-31": "-618.00000", "2015-12-31": "-622.00000", "2015-09-30": "-562.00000", "2015-06-30": "-504.00000", "2015-03-31": "-479.00000", "2014-12-31": "-361.00000", "2014-09-30": "-240.00000", "2014-06-30": "-199.00000", "2014-03-31": "-229.00000", "2013-12-31": "-219.00000", "2013-09-30": "-245.00000", "2013-06-30": "-183.00000", "2013-03-31": "-121.00000", "2012-12-31": "-157.00000", "2012-09-30": "", "2012-06-30": "", "2012-03-31": "", "2011-12-31": "", "2010-12-31": ""}, "Other Share Holders Equity": {"2020-09-30": "", "2020-06-30": "", "2020-03-31": "", "2019-12-31": "", "2019-09-30": "", "2019-06-30": "", "2019-03-31": "", "2018-12-31": "", "2018-09-30": "", "2018-06-30": "", "2018-03-31": "", "2017-12-31": "", "2017-09-30": "", "2017-06-30": "", "2017-03-31": "", "2016-12-31": "", "2016-09-30": "", "2016-06-30": "", "2016-03-31": "", "2015-12-31": "", "2015-09-30": "", "2015-06-30": "", "2015-03-31": "", "2014-12-31": "", "2014-09-30": "", "2014-06-30": "", "2014-03-31": "", "2013-12-31": "", "2013-09-30": "", "2013-06-30": "", "2013-03-31": "", "2012-12-31": "", "2012-09-30": "0.00000", "2012-06-30": "0.00000", "2012-03-31": "0.00000", "2011-12-31": "3736.00000", "2010-12-31": "0.00000"}, "Share Holder Equity": {"2020-09-30": "3607.00000", "2020-06-30": "2987.00000", "2020-03-31": "2753.00000", "2019-12-31": "2708.00000", "2019-09-30": "2678.00000", "2019-06-30": "2411.00000", "2019-03-31": "2317.00000", "2018-12-31": "2185.00000", "2018-09-30": "2118.00000", "2018-06-30": "1982.00000", "2018-03-31": "1975.00000", "2017-12-31": "1786.00000", "2017-09-30": "2019.00000", "2017-06-30": "1746.00000", "2017-03-31": "1635.00000", "2016-12-31": "1499.00000", "2016-09-30": "1598.00000", "2016-06-30": "1371.00000", "2016-03-31": "1187.00000", "2015-12-31": "1091.00000", "2015-09-30": "1254.00000", "2015-06-30": "1202.00000", "2015-03-31": "1305.00000", "2014-12-31": "1337.00000", "2014-09-30": "1389.00000", "2014-06-30": "1283.00000", "2014-03-31": "1099.00000", "2013-12-31": "962.00000", "2013-09-30": "866.00000", "2013-06-30": "823.00000", "2013-03-31": "724.00000", "2012-12-31": "4041.00000", "2012-09-30": "0.00000", "2012-06-30": "0.00000", "2012-03-31": "0.00000", "2011-12-31": "3736.00000", "2010-12-31": "0.00000"}, "Total Liabilities And Share Holders Equity": {"2020-09-30": "13725.00000", "2020-06-30": "13069.00000", "2020-03-31": "11528.00000", "2019-12-31": "11545.00000", "2019-09-30": "11272.00000", "2019-06-30": "10986.00000", "2019-03-31": "10883.00000", "2018-12-31": "10777.00000", "2018-09-30": "10459.00000", "2018-06-30": "8603.00000", "2018-03-31": "8690.00000", "2017-12-31": "8586.00000", "2017-09-30": "9288.00000", "2017-06-30": "7802.00000", "2017-03-31": "7649.00000", "2016-12-31": "7649.00000", "2016-09-30": "7715.00000", "2016-06-30": "7518.00000", "2016-03-31": "7453.00000", "2015-12-31": "7913.00000", "2015-09-30": "6686.00000", "2015-06-30": "6598.00000", "2015-03-31": "6430.00000", "2014-12-31": "6588.00000", "2014-09-30": "6527.00000", "2014-06-30": "6522.00000", "2014-03-31": "6403.00000", "2013-12-31": "6558.00000", "2013-09-30": "6259.00000", "2013-06-30": "6261.00000", "2013-03-31": "6142.00000", "2012-12-31": "6262.00000", "2012-09-30": "0.00000", "2012-06-30": "0.00000", "2012-03-31": "0.00000", "2011-12-31": "5711.00000", "2010-12-31": "0.00000"}}, "cash flow statement": {"Net Income/Loss": {"2019-12-31": "1500.00000", "2018-12-31": "1424.00000", "2017-12-31": "862.00000", "2016-12-31": "819.00000", "2015-12-31": "339.00000", "2014-12-31": "587.00000", "2013-12-31": "503.00000", "2012-12-31": "436.00000", "2011-12-31": "248.00000", "2010-12-31": "111.00000"}, "Total Depreciation And Amortization - Cash Flow": {"2019-12-31": "412.00000", "2018-12-31": "308.00000", "2017-12-31": "242.00000", "2016-12-31": "240.00000", "2015-12-31": "199.00000", "2014-12-31": "204.00000", "2013-12-31": "209.00000", "2012-12-31": "200.00000", "2011-12-31": "205.00000", "2010-12-31": "185.00000"}, "Other Non-Cash Items": {"2019-12-31": "34.00000", "2018-12-31": "-54.00000", "2017-12-31": "252.00000", "2016-12-31": "88.00000", "2015-12-31": "334.00000", "2014-12-31": "84.00000", "2013-12-31": "94.00000", "2012-12-31": "-33.00000", "2011-12-31": "161.00000", "2010-12-31": "-142.00000"}, "Total Non-Cash Items": {"2019-12-31": "446.00000", "2018-12-31": "254.00000", "2017-12-31": "494.00000", "2016-12-31": "328.00000", "2015-12-31": "533.00000", "2014-12-31": "288.00000", "2013-12-31": "303.00000", "2012-12-31": "167.00000", "2011-12-31": "366.00000", "2010-12-31": "43.00000"}, "Change In Accounts Receivable": {"2019-12-31": "-69.00000", "2018-12-31": "-67.00000", "2017-12-31": "-50.00000", "2016-12-31": "15.00000", "2015-12-31": "-58.00000", "2014-12-31": "69.00000", "2013-12-31": "-99.00000", "2012-12-31": "-65.00000", "2011-12-31": "-85.00000", "2010-12-31": "30.00000"}, "Change In Inventories": {"2019-12-31": "-104.00000", "2018-12-31": "61.00000", "2017-12-31": "19.00000", "2016-12-31": "-101.00000", "2015-12-31": "-262.00000", "2014-12-31": "-110.00000", "2013-12-31": "-178.00000", "2012-12-31": "-318.00000", "2011-12-31": "40.00000", "2010-12-31": "117.00000"}, "Change In Accounts Payable": {"2019-12-31": "-10.00000", "2018-12-31": "37.00000", "2017-12-31": "-10.00000", "2016-12-31": "-28.00000", "2015-12-31": "17.00000", "2014-12-31": "-210.00000", "2013-12-31": "-82.00000", "2012-12-31": "96.00000", "2011-12-31": "-16.00000", "2010-12-31": "25.00000"}, "Change In Assets/Liabilities": {"2019-12-31": "40.00000", "2018-12-31": "14.00000", "2017-12-31": "-54.00000", "2016-12-31": "-340.00000", "2015-12-31": "61.00000", "2014-12-31": "11.00000", "2013-12-31": "225.00000", "2012-12-31": "57.00000", "2011-12-31": "-4.00000", "2010-12-31": "-14.00000"}, "Total Change In Assets/Liabilities": {"2019-12-31": "-151.00000", "2018-12-31": "112.00000", "2017-12-31": "-10.00000", "2016-12-31": "-434.00000", "2015-12-31": "-208.00000", "2014-12-31": "-249.00000", "2013-12-31": "-125.00000", "2012-12-31": "-149.00000", "2011-12-31": "-117.00000", "2010-12-31": "100.00000"}, "Cash Flow From Operating Activities": {"2019-12-31": "1795.00000", "2018-12-31": "1790.00000", "2017-12-31": "1346.00000", "2016-12-31": "713.00000", "2015-12-31": "664.00000", "2014-12-31": "626.00000", "2013-12-31": "681.00000", "2012-12-31": "454.00000", "2011-12-31": "497.00000", "2010-12-31": "254.00000"}, "Net Change In Property, Plant, And Equipment": {"2019-12-31": "-439.00000", "2018-12-31": "-282.00000", "2017-12-31": "-187.00000", "2016-12-31": "-126.00000", "2015-12-31": "-222.00000", "2014-12-31": "-171.00000", "2013-12-31": "-175.00000", "2012-12-31": "-123.00000", "2011-12-31": "-101.00000", "2010-12-31": "79.00000"}, "Net Change In Intangible Assets": {"2019-12-31": "", "2018-12-31": "", "2017-12-31": "", "2016-12-31": "", "2015-12-31": "", "2014-12-31": "-15.00000", "2013-12-31": "", "2012-12-31": "", "2011-12-31": "", "2010-12-31": ""}, "Net Acquisitions/Divestitures": {"2019-12-31": "-195.00000", "2018-12-31": "-1998.00000", "2017-12-31": "-82.00000", "2016-12-31": "-88.00000", "2015-12-31": "-883.00000", "2014-12-31": "", "2013-12-31": "", "2012-12-31": "", "2011-12-31": "-345.00000", "2010-12-31": "-81.00000"}, "Net Change In Short-term Investments": {"2019-12-31": "", "2018-12-31": "", "2017-12-31": "", "2016-12-31": "", "2015-12-31": "", "2014-12-31": "", "2013-12-31": "", "2012-12-31": "", "2011-12-31": "", "2010-12-31": ""}, "Net Change In Long-Term Investments": {"2019-12-31": "101.00000", "2018-12-31": "28.00000", "2017-12-31": "", "2016-12-31": "", "2015-12-31": "", "2014-12-31": "", "2013-12-31": "", "2012-12-31": "", "2011-12-31": "", "2010-12-31": ""}, "Net Change In Investments - Total": {"2019-12-31": "101.00000", "2018-12-31": "28.00000", "2017-12-31": "", "2016-12-31": "", "2015-12-31": "", "2014-12-31": "", "2013-12-31": "", "2012-12-31": "", "2011-12-31": "", "2010-12-31": ""}, "Investing Activities - Other": {"2019-12-31": "29.00000", "2018-12-31": "-7.00000", "2017-12-31": "-1.00000", "2016-12-31": "", "2015-12-31": "-10.00000", "2014-12-31": "-1.00000", "2013-12-31": "-4.00000", "2012-12-31": "-12.00000", "2011-12-31": "-3.00000", "2010-12-31": "-7.00000"}, "Cash Flow From Investing Activities": {"2019-12-31": "-504.00000", "2018-12-31": "-2259.00000", "2017-12-31": "-270.00000", "2016-12-31": "-214.00000", "2015-12-31": "-1115.00000", "2014-12-31": "-187.00000", "2013-12-31": "-179.00000", "2012-12-31": "-135.00000", "2011-12-31": "-449.00000", "2010-12-31": "-9.00000"}, "Net Long-Term Debt": {"2019-12-31": "", "2018-12-31": "1485.00000", "2017-12-31": "481.00000", "2016-12-31": "-400.00000", "2015-12-31": "1117.00000", "2014-12-31": "", "2013-12-31": "2625.00000", "2012-12-31": "", "2011-12-31": "-143.00000", "2010-12-31": ""}, "Net Current Debt": {"2019-12-31": "-9.00000", "2018-12-31": "8.00000", "2017-12-31": "", "2016-12-31": "-5.00000", "2015-12-31": "-2.00000", "2014-12-31": "-8.00000", "2013-12-31": "16.00000", "2012-12-31": "", "2011-12-31": "", "2010-12-31": ""}, "Debt Issuance/Retirement Net - Total": {"2019-12-31": "-9.00000", "2018-12-31": "1493.00000", "2017-12-31": "481.00000", "2016-12-31": "-405.00000", "2015-12-31": "1115.00000", "2014-12-31": "-8.00000", "2013-12-31": "2641.00000", "2012-12-31": "", "2011-12-31": "-143.00000", "2010-12-31": ""}, "Net Common Equity Issued/Repurchased": {"2019-12-31": "-626.00000", "2018-12-31": "-698.00000", "2017-12-31": "-500.00000", "2016-12-31": "-300.00000", "2015-12-31": "-203.00000", "2014-12-31": "", "2013-12-31": "", "2012-12-31": "", "2011-12-31": "", "2010-12-31": "-3.00000"}, "Net Total Equity Issued/Repurchased": {"2019-12-31": "-626.00000", "2018-12-31": "-698.00000", "2017-12-31": "-500.00000", "2016-12-31": "-300.00000", "2015-12-31": "-203.00000", "2014-12-31": "", "2013-12-31": "", "2012-12-31": "", "2011-12-31": "", "2010-12-31": "-3.00000"}, "Total Common And Preferred Stock Dividends Paid": {"2019-12-31": "-314.00000", "2018-12-31": "-243.00000", "2017-12-31": "-206.00000", "2016-12-31": "-188.00000", "2015-12-31": "-168.00000", "2014-12-31": "-146.00000", "2013-12-31": "-98.00000", "2012-12-31": "-63.00000", "2011-12-31": "-416.00000", "2010-12-31": "-207.00000"}, "Financial Activities - Other": {"2019-12-31": "-2.00000", "2018-12-31": "-19.00000", "2017-12-31": "-26.00000", "2016-12-31": "-10.00000", "2015-12-31": "11.00000", "2014-12-31": "", "2013-12-31": "-2743.00000", "2012-12-31": "-15.00000", "2011-12-31": "529.00000", "2010-12-31": "-67.00000"}, "Cash Flow From Financial Activities": {"2019-12-31": "-951.00000", "2018-12-31": "533.00000", "2017-12-31": "-251.00000", "2016-12-31": "-903.00000", "2015-12-31": "755.00000", "2014-12-31": "-154.00000", "2013-12-31": "-200.00000", "2012-12-31": "-78.00000", "2011-12-31": "-30.00000", "2010-12-31": "-277.00000"}, "Net Cash Flow": {"2019-12-31": "332.00000", "2018-12-31": "38.00000", "2017-12-31": "837.00000", "2016-12-31": "-427.00000", "2015-12-31": "272.00000", "2014-12-31": "272.00000", "2013-12-31": "293.00000", "2012-12-31": "238.00000", "2011-12-31": "16.00000", "2010-12-31": "-36.00000"}, "Stock-Based Compensation": {"2019-12-31": "67.00000", "2018-12-31": "53.00000", "2017-12-31": "44.00000", "2016-12-31": "37.00000", "2015-12-31": "43.00000", "2014-12-31": "32.00000", "2013-12-31": "43.00000", "2012-12-31": "28.00000", "2011-12-31": "19.00000", "2010-12-31": "16.00000"}, "Common Stock Dividends Paid": {"2019-12-31": "-314.00000", "2018-12-31": "-243.00000", "2017-12-31": "-206.00000", "2016-12-31": "-188.00000", "2015-12-31": "-168.00000", "2014-12-31": "-146.00000", "2013-12-31": "-98.00000", "2012-12-31": "-63.00000", "2011-12-31": "-416.00000", "2010-12-31": "-207.00000"}}, "cash flow statement, quarterly": {"Net Income/Loss": {"2020-09-30": 479, "2020-06-30": 376, "2020-03-31": "423.00000", "2019-12-31": 384, "2019-09-30": 433, "2019-06-30": 371, "2019-03-31": "312.00000", "2018-12-31": 345, "2018-09-30": 347, "2018-06-30": 382, "2018-03-31": "350.00000", "2017-12-31": 80, "2017-09-30": 296, "2017-06-30": 247, "2017-03-31": "239.00000", "2016-12-31": 154, "2016-09-30": 237, "2016-06-30": 224, "2016-03-31": "204.00000", "2015-12-31": 20, "2015-09-30": 190, "2015-06-30": -36, "2015-03-31": "165.00000", "2014-12-31": 126, "2014-09-30": 167, "2014-06-30": 139, "2014-03-31": "155.00000", "2013-12-31": 104, "2013-09-30": 131, "2013-06-30": 128, "2013-03-31": "140.00000", "2012-12-31": -10, "2012-09-30": 161, "2012-06-30": 173, "2012-03-31": "112.00000", "2011-12-31": 137, "2010-12-31": 111}, "Total Depreciation And Amortization - Cash Flow": {"2020-09-30": 111, "2020-06-30": 111, "2020-03-31": "110.00000", "2019-12-31": 109, "2019-09-30": 107, "2019-06-30": 98, "2019-03-31": "98.00000", "2018-12-31": 101, "2018-09-30": 84, "2018-06-30": 63, "2018-03-31": "60.00000", "2017-12-31": 63, "2017-09-30": 58, "2017-06-30": 59, "2017-03-31": "62.00000", "2016-12-31": 63, "2016-09-30": 60, "2016-06-30": 60, "2016-03-31": "57.00000", "2015-12-31": 55, "2015-09-30": 46, "2015-06-30": 50, "2015-03-31": "48.00000", "2014-12-31": 53, "2014-09-30": 50, "2014-06-30": 51, "2014-03-31": "50.00000", "2013-12-31": 58, "2013-09-30": 49, "2013-06-30": 51, "2013-03-31": "51.00000", "2012-12-31": 44, "2012-09-30": 54, "2012-06-30": 54, "2012-03-31": "48.00000", "2011-12-31": 20, "2010-12-31": 185}, "Other Non-Cash Items": {"2020-09-30": 46, "2020-06-30": 10, "2020-03-31": "4.00000", "2019-12-31": -8, "2019-09-30": -2, "2019-06-30": 26, "2019-03-31": "18.00000", "2018-12-31": 39, "2018-09-30": -4, "2018-06-30": 19, "2018-03-31": "-108.00000", "2017-12-31": 160, "2017-09-30": 15, "2017-06-30": 22, "2017-03-31": "55.00000", "2016-12-31": 72, "2016-09-30": -19, "2016-06-30": 64, "2016-03-31": "-29.00000", "2015-12-31": 57, "2015-09-30": 19, "2015-06-30": 228, "2015-03-31": "30.00000", "2014-12-31": 120, "2014-09-30": -34, "2014-06-30": -12, "2014-03-31": "10.00000", "2013-12-31": 99, "2013-09-30": -19, "2013-06-30": -8, "2013-03-31": "22.00000", "2012-12-31": 23, "2012-09-30": -45, "2012-06-30": -10, "2012-03-31": "-1.00000", "2011-12-31": 0, "2010-12-31": 0}, "Total Non-Cash Items": {"2020-09-30": 157, "2020-06-30": 121, "2020-03-31": "114.00000", "2019-12-31": 101, "2019-09-30": 105, "2019-06-30": 124, "2019-03-31": "116.00000", "2018-12-31": 140, "2018-09-30": 80, "2018-06-30": 82, "2018-03-31": "-48.00000", "2017-12-31": 223, "2017-09-30": 73, "2017-06-30": 81, "2017-03-31": "117.00000", "2016-12-31": 135, "2016-09-30": 41, "2016-06-30": 124, "2016-03-31": "28.00000", "2015-12-31": 112, "2015-09-30": 65, "2015-06-30": 278, "2015-03-31": "78.00000", "2014-12-31": 173, "2014-09-30": 16, "2014-06-30": 39, "2014-03-31": "60.00000", "2013-12-31": 157, "2013-09-30": 30, "2013-06-30": 43, "2013-03-31": "73.00000", "2012-12-31": 100, "2012-09-30": 9, "2012-06-30": 44, "2012-03-31": "47.00000", "2011-12-31": 20, "2010-12-31": 185}, "Change In Accounts Receivable": {"2020-09-30": -2, "2020-06-30": -38, "2020-03-31": "109.00000", "2019-12-31": -51, "2019-09-30": -47, "2019-06-30": -46, "2019-03-31": "75.00000", "2018-12-31": -104, "2018-09-30": 46, "2018-06-30": -69, "2018-03-31": "60.00000", "2017-12-31": 8, "2017-09-30": -17, "2017-06-30": -19, "2017-03-31": "-22.00000", "2016-12-31": -29, "2016-09-30": -9, "2016-06-30": 32, "2016-03-31": "21.00000", "2015-12-31": 92, "2015-09-30": -79, "2015-06-30": -67, "2015-03-31": "-4.00000", "2014-12-31": 30, "2014-09-30": 15, "2014-06-30": 24, "2014-03-31": "", "2013-12-31": -99, "2013-09-30": 0, "2013-06-30": 0, "2013-03-31": "", "2012-12-31": -65, "2012-09-30": 0, "2012-06-30": 0, "2012-03-31": "", "2011-12-31": 0, "2010-12-31": 0}, "Change In Inventories": {"2020-09-30": -61, "2020-06-30": -136, "2020-03-31": "-97.00000", "2019-12-31": -1, "2019-09-30": -53, "2019-06-30": -67, "2019-03-31": "17.00000", "2018-12-31": 32, "2018-09-30": 52, "2018-06-30": 10, "2018-03-31": "-33.00000", "2017-12-31": 54, "2017-09-30": 11, "2017-06-30": 6, "2017-03-31": "-52.00000", "2016-12-31": 32, "2016-09-30": -46, "2016-06-30": -84, "2016-03-31": "-3.00000", "2015-12-31": -61, "2015-09-30": -30, "2015-06-30": -94, "2015-03-31": "-77.00000", "2014-12-31": -3, "2014-09-30": -67, "2014-06-30": -40, "2014-03-31": "", "2013-12-31": -178, "2013-09-30": 0, "2013-06-30": 0, "2013-03-31": "", "2012-12-31": -318, "2012-09-30": 0, "2012-06-30": 0, "2012-03-31": "", "2011-12-31": 0, "2010-12-31": 0}, "Change In Accounts Payable": {"2020-09-30": 12, "2020-06-30": 72, "2020-03-31": "-35.00000", "2019-12-31": 18, "2019-09-30": -6, "2019-06-30": 57, "2019-03-31": "-79.00000", "2018-12-31": 76, "2018-09-30": -11, "2018-06-30": 18, "2018-03-31": "-46.00000", "2017-12-31": 46, "2017-09-30": 10, "2017-06-30": -29, "2017-03-31": "-37.00000", "2016-12-31": 28, "2016-09-30": 15, "2016-06-30": 13, "2016-03-31": "-84.00000", "2015-12-31": -13, "2015-09-30": 32, "2015-06-30": 24, "2015-03-31": "-26.00000", "2014-12-31": 27, "2014-09-30": -61, "2014-06-30": -176, "2014-03-31": "", "2013-12-31": -82, "2013-09-30": 0, "2013-06-30": 0, "2013-03-31": "", "2012-12-31": 96, "2012-09-30": 0, "2012-06-30": 0, "2012-03-31": "", "2011-12-31": 0, "2010-12-31": 0}, "Change In Assets/Liabilities": {"2020-09-30": -1, "2020-06-30": -5, "2020-03-31": "-193.00000", "2019-12-31": 147, "2019-09-30": 47, "2019-06-30": -75, "2019-03-31": "-79.00000", "2018-12-31": 122, "2018-09-30": 30, "2018-06-30": -81, "2018-03-31": "-57.00000", "2017-12-31": 185, "2017-09-30": 14, "2017-06-30": -93, "2017-03-31": "-160.00000", "2016-12-31": 4, "2016-09-30": -18, "2016-06-30": -97, "2016-03-31": "-229.00000", "2015-12-31": 162, "2015-09-30": -11, "2015-06-30": -3, "2015-03-31": "-87.00000", "2014-12-31": 89, "2014-09-30": 25, "2014-06-30": 135, "2014-03-31": "-238.00000", "2013-12-31": 387, "2013-09-30": -47, "2013-06-30": -183, "2013-03-31": "68.00000", "2012-12-31": 459, "2012-09-30": -96, "2012-06-30": -143, "2012-03-31": "-163.00000", "2011-12-31": 0, "2010-12-31": 0}, "Total Change In Assets/Liabilities": {"2020-09-30": -74, "2020-06-30": -59, "2020-03-31": "-129.00000", "2019-12-31": 97, "2019-09-30": -32, "2019-06-30": -177, "2019-03-31": "-39.00000", "2018-12-31": 99, "2018-09-30": 123, "2018-06-30": -197, "2018-03-31": "87.00000", "2017-12-31": 305, "2017-09-30": 70, "2017-06-30": -148, "2017-03-31": "-237.00000", "2016-12-31": -3, "2016-09-30": -39, "2016-06-30": -211, "2016-03-31": "-181.00000", "2015-12-31": 146, "2015-09-30": -51, "2015-06-30": -120, "2015-03-31": "-183.00000", "2014-12-31": 88, "2014-09-30": -80, "2014-06-30": -19, "2014-03-31": "-238.00000", "2013-12-31": 37, "2013-09-30": -47, "2013-06-30": -183, "2013-03-31": "68.00000", "2012-12-31": 253, "2012-09-30": -96, "2012-06-30": -143, "2012-03-31": "-163.00000", "2011-12-31": -217, "2010-12-31": 100}, "Cash Flow From Operating Activities": {"2020-09-30": 562, "2020-06-30": 438, "2020-03-31": "408.00000", "2019-12-31": 582, "2019-09-30": 506, "2019-06-30": 318, "2019-03-31": "389.00000", "2018-12-31": 584, "2018-09-30": 550, "2018-06-30": 267, "2018-03-31": "389.00000", "2017-12-31": 608, "2017-09-30": 439, "2017-06-30": 180, "2017-03-31": "119.00000", "2016-12-31": 286, "2016-09-30": 239, "2016-06-30": 137, "2016-03-31": "51.00000", "2015-12-31": 278, "2015-09-30": 204, "2015-06-30": 122, "2015-03-31": "60.00000", "2014-12-31": 387, "2014-09-30": 103, "2014-06-30": 159, "2014-03-31": "-23.00000", "2013-12-31": 298, "2013-09-30": 114, "2013-06-30": -12, "2013-03-31": "281.00000", "2012-12-31": 310, "2012-09-30": 74, "2012-06-30": 74, "2012-03-31": "-4.00000", "2011-12-31": 243, "2010-12-31": 254}, "Net Change In Property, Plant, And Equipment": {"2020-09-30": -119, "2020-06-30": -87, "2020-03-31": "-74.00000", "2019-12-31": -165, "2019-09-30": -108, "2019-06-30": -103, "2019-03-31": "-63.00000", "2018-12-31": -90, "2018-09-30": -74, "2018-06-30": -73, "2018-03-31": "-45.00000", "2017-12-31": -47, "2017-09-30": -48, "2017-06-30": -50, "2017-03-31": "-42.00000", "2016-12-31": -59, "2016-09-30": -56, "2016-06-30": -41, "2016-03-31": "30.00000", "2015-12-31": -81, "2015-09-30": -52, "2015-06-30": -45, "2015-03-31": "-44.00000", "2014-12-31": -50, "2014-09-30": -41, "2014-06-30": -35, "2014-03-31": "-45.00000", "2013-12-31": -47, "2013-09-30": -54, "2013-06-30": -52, "2013-03-31": "-22.00000", "2012-12-31": -42, "2012-09-30": -26, "2012-06-30": -24, "2012-03-31": "-31.00000", "2011-12-31": -11, "2010-12-31": -124}, "Net Change In Intangible Assets": {"2020-09-30": 0, "2020-06-30": 0, "2020-03-31": "", "2019-12-31": 0, "2019-09-30": 0, "2019-06-30": 0, "2019-03-31": "", "2018-12-31": 0, "2018-09-30": 0, "2018-06-30": 0, "2018-03-31": "", "2017-12-31": 0, "2017-09-30": 0, "2017-06-30": 0, "2017-03-31": "", "2016-12-31": 0, "2016-09-30": 0, "2016-06-30": 0, "2016-03-31": "", "2015-12-31": 0, "2015-09-30": 0, "2015-06-30": 0, "2015-03-31": "", "2014-12-31": 0, "2014-09-30": 0, "2014-06-30": -15, "2014-03-31": "", "2013-12-31": 0, "2013-09-30": 0, "2013-06-30": 0, "2013-03-31": "", "2012-12-31": 0, "2012-09-30": 0, "2012-06-30": 0, "2012-03-31": "", "2011-12-31": 0, "2010-12-31": 0}, "Net Acquisitions/Divestitures": {"2020-09-30": -30, "2020-06-30": -72, "2020-03-31": "-6.00000", "2019-12-31": -58, "2019-09-30": -137, "2019-06-30": 0, "2019-03-31": "", "2018-12-31": -4, "2018-09-30": -1994, "2018-06-30": 0, "2018-03-31": "", "2017-12-31": 0, "2017-09-30": -79, "2017-06-30": 0, "2017-03-31": "-3.00000", "2016-12-31": 0, "2016-09-30": -68, "2016-06-30": -8, "2016-03-31": "-12.00000", "2015-12-31": -654, "2015-09-30": 0, "2015-06-30": 1, "2015-03-31": "-230.00000", "2014-12-31": 0, "2014-09-30": 0, "2014-06-30": 0, "2014-03-31": "", "2013-12-31": 0, "2013-09-30": 0, "2013-06-30": 0, "2013-03-31": "", "2012-12-31": 0, "2012-09-30": 1, "2012-06-30": -1, "2012-03-31": "", "2011-12-31": -264, "2010-12-31": -81}, "Net Change In Short-term Investments": {"2020-09-30": 0, "2020-06-30": 0, "2020-03-31": "", "2019-12-31": 0, "2019-09-30": 0, "2019-06-30": 0, "2019-03-31": "", "2018-12-31": 0, "2018-09-30": 0, "2018-06-30": 0, "2018-03-31": "", "2017-12-31": 0, "2017-09-30": 0, "2017-06-30": 0, "2017-03-31": "", "2016-12-31": 0, "2016-09-30": 0, "2016-06-30": 0, "2016-03-31": "", "2015-12-31": 0, "2015-09-30": 0, "2015-06-30": 0, "2015-03-31": "", "2014-12-31": 0, "2014-09-30": 0, "2014-06-30": 0, "2014-03-31": "", "2013-12-31": 0, "2013-09-30": 0, "2013-06-30": 0, "2013-03-31": "", "2012-12-31": 0, "2012-09-30": 0, "2012-06-30": 0, "2012-03-31": "", "2011-12-31": 0, "2010-12-31": 0}, "Net Change In Long-Term Investments": {"2020-09-30": 0, "2020-06-30": 0, "2020-03-31": "", "2019-12-31": 12, "2019-09-30": 13, "2019-06-30": 40, "2019-03-31": "36.00000", "2018-12-31": 28, "2018-09-30": 0, "2018-06-30": 0, "2018-03-31": "", "2017-12-31": 0, "2017-09-30": 0, "2017-06-30": 0, "2017-03-31": "", "2016-12-31": 0, "2016-09-30": 0, "2016-06-30": 0, "2016-03-31": "", "2015-12-31": 0, "2015-09-30": 0, "2015-06-30": 0, "2015-03-31": "", "2014-12-31": 0, "2014-09-30": 0, "2014-06-30": 0, "2014-03-31": "", "2013-12-31": 0, "2013-09-30": 0, "2013-06-30": 0, "2013-03-31": "", "2012-12-31": 0, "2012-09-30": 0, "2012-06-30": 0, "2012-03-31": "", "2011-12-31": 0, "2010-12-31": 0}, "Net Change In Investments - Total": {"2020-09-30": 0, "2020-06-30": 0, "2020-03-31": "", "2019-12-31": 12, "2019-09-30": 13, "2019-06-30": 40, "2019-03-31": "36.00000", "2018-12-31": 28, "2018-09-30": 0, "2018-06-30": 0, "2018-03-31": "", "2017-12-31": 0, "2017-09-30": 0, "2017-06-30": 0, "2017-03-31": "", "2016-12-31": 0, "2016-09-30": 0, "2016-06-30": 0, "2016-03-31": "", "2015-12-31": 0, "2015-09-30": 0, "2015-06-30": 0, "2015-03-31": "", "2014-12-31": 0, "2014-09-30": 0, "2014-06-30": 0, "2014-03-31": "", "2013-12-31": 0, "2013-09-30": 0, "2013-06-30": 0, "2013-03-31": "", "2012-12-31": 0, "2012-09-30": 0, "2012-06-30": 0, "2012-03-31": "", "2011-12-31": 0, "2010-12-31": 0}, "Investing Activities - Other": {"2020-09-30": -25, "2020-06-30": -5, "2020-03-31": "23.00000", "2019-12-31": -2, "2019-09-30": 23, "2019-06-30": 4, "2019-03-31": "4.00000", "2018-12-31": -8, "2018-09-30": 4, "2018-06-30": -3, "2018-03-31": "", "2017-12-31": -7, "2017-09-30": -1, "2017-06-30": 10, "2017-03-31": "-3.00000", "2016-12-31": 0, "2016-09-30": 0, "2016-06-30": 0, "2016-03-31": "", "2015-12-31": -2, "2015-09-30": -8, "2015-06-30": 0, "2015-03-31": "", "2014-12-31": 0, "2014-09-30": -1, "2014-06-30": 0, "2014-03-31": "", "2013-12-31": -4, "2013-09-30": 0, "2013-06-30": 0, "2013-03-31": "", "2012-12-31": -4, "2012-09-30": -5, "2012-06-30": -1, "2012-03-31": "-2.00000", "2011-12-31": -165, "2010-12-31": 196}, "Cash Flow From Investing Activities": {"2020-09-30": -174, "2020-06-30": -164, "2020-03-31": "-57.00000", "2019-12-31": -213, "2019-09-30": -209, "2019-06-30": -59, "2019-03-31": "-23.00000", "2018-12-31": -74, "2018-09-30": -2064, "2018-06-30": -76, "2018-03-31": "-45.00000", "2017-12-31": -54, "2017-09-30": -128, "2017-06-30": -40, "2017-03-31": "-48.00000", "2016-12-31": -59, "2016-09-30": -124, "2016-06-30": -49, "2016-03-31": "18.00000", "2015-12-31": -737, "2015-09-30": -60, "2015-06-30": -44, "2015-03-31": "-274.00000", "2014-12-31": -50, "2014-09-30": -42, "2014-06-30": -50, "2014-03-31": "-45.00000", "2013-12-31": -51, "2013-09-30": -54, "2013-06-30": -52, "2013-03-31": "-22.00000", "2012-12-31": -46, "2012-09-30": -30, "2012-06-30": -26, "2012-03-31": "-33.00000", "2011-12-31": -440, "2010-12-31": -9}, "Net Long-Term Debt": {"2020-09-30": 0, "2020-06-30": 1240, "2020-03-31": "", "2019-12-31": 0, "2019-09-30": 0, "2019-06-30": 0, "2019-03-31": "", "2018-12-31": 0, "2018-09-30": 1485, "2018-06-30": 0, "2018-03-31": "", "2017-12-31": -750, "2017-09-30": 1131, "2017-06-30": 100, "2017-03-31": "", "2016-12-31": 0, "2016-09-30": 0, "2016-06-30": 0, "2016-03-31": "-400.00000", "2015-12-31": 1117, "2015-09-30": 0, "2015-06-30": 0, "2015-03-31": "", "2014-12-31": 0, "2014-09-30": 0, "2014-06-30": 0, "2014-03-31": "", "2013-12-31": 0, "2013-09-30": 1, "2013-06-30": 0, "2013-03-31": "2624.00000", "2012-12-31": 0, "2012-09-30": 0, "2012-06-30": 0, "2012-03-31": "", "2011-12-31": 0, "2010-12-31": 0}, "Net Current Debt": {"2020-09-30": 0, "2020-06-30": 1, "2020-03-31": "", "2019-12-31": 0, "2019-09-30": 0, "2019-06-30": 0, "2019-03-31": "-9.00000", "2018-12-31": 8, "2018-09-30": 0, "2018-06-30": 0, "2018-03-31": "", "2017-12-31": 0, "2017-09-30": 0, "2017-06-30": 0, "2017-03-31": "", "2016-12-31": 0, "2016-09-30": -4, "2016-06-30": 0, "2016-03-31": "-1.00000", "2015-12-31": -4, "2015-09-30": 4, "2015-06-30": 3, "2015-03-31": "-5.00000", "2014-12-31": -3, "2014-09-30": -3, "2014-06-30": -3, "2014-03-31": "1.00000", "2013-12-31": 5, "2013-09-30": -1, "2013-06-30": 6, "2013-03-31": "6.00000", "2012-12-31": 0, "2012-09-30": 0, "2012-06-30": 0, "2012-03-31": "", "2011-12-31": 0, "2010-12-31": 0}, "Debt Issuance/Retirement Net - Total": {"2020-09-30": 0, "2020-06-30": 1241, "2020-03-31": "", "2019-12-31": 0, "2019-09-30": 0, "2019-06-30": 0, "2019-03-31": "-9.00000", "2018-12-31": 8, "2018-09-30": 1485, "2018-06-30": 0, "2018-03-31": "", "2017-12-31": -750, "2017-09-30": 1131, "2017-06-30": 100, "2017-03-31": "", "2016-12-31": 0, "2016-09-30": -4, "2016-06-30": 0, "2016-03-31": "-401.00000", "2015-12-31": 1113, "2015-09-30": 4, "2015-06-30": 3, "2015-03-31": "-5.00000", "2014-12-31": -3, "2014-09-30": -3, "2014-06-30": -3, "2014-03-31": "1.00000", "2013-12-31": 5, "2013-09-30": 0, "2013-06-30": 6, "2013-03-31": "2630.00000", "2012-12-31": 0, "2012-09-30": 0, "2012-06-30": 0, "2012-03-31": "", "2011-12-31": -143, "2010-12-31": 0}, "Net Common Equity Issued/Repurchased": {"2020-09-30": 0, "2020-06-30": 0, "2020-03-31": "-250.00000", "2019-12-31": -176, "2019-09-30": -150, "2019-06-30": -150, "2019-03-31": "-150.00000", "2018-12-31": -150, "2018-09-30": -143, "2018-06-30": -215, "2018-03-31": "-190.00000", "2017-12-31": -125, "2017-09-30": -125, "2017-06-30": -125, "2017-03-31": "-125.00000", "2016-12-31": -75, "2016-09-30": -74, "2016-06-30": -75, "2016-03-31": "-76.00000", "2015-12-31": -53, "2015-09-30": -50, "2015-06-30": -52, "2015-03-31": "-48.00000", "2014-12-31": 0, "2014-09-30": 0, "2014-06-30": 0, "2014-03-31": "", "2013-12-31": 0, "2013-09-30": 0, "2013-06-30": 0, "2013-03-31": "", "2012-12-31": 0, "2012-09-30": 0, "2012-06-30": 0, "2012-03-31": "", "2011-12-31": 0, "2010-12-31": 0}, "Net Total Equity Issued/Repurchased": {"2020-09-30": 0, "2020-06-30": 0, "2020-03-31": "-250.00000", "2019-12-31": -176, "2019-09-30": -150, "2019-06-30": -150, "2019-03-31": "-150.00000", "2018-12-31": -150, "2018-09-30": -143, "2018-06-30": -215, "2018-03-31": "-190.00000", "2017-12-31": -125, "2017-09-30": -125, "2017-06-30": -125, "2017-03-31": "-125.00000", "2016-12-31": -75, "2016-09-30": -74, "2016-06-30": -75, "2016-03-31": "-76.00000", "2015-12-31": -53, "2015-09-30": -50, "2015-06-30": -52, "2015-03-31": "-48.00000", "2014-12-31": 0, "2014-09-30": 0, "2014-06-30": 0, "2014-03-31": "", "2013-12-31": 0, "2013-09-30": 0, "2013-06-30": 0, "2013-03-31": "", "2012-12-31": 0, "2012-09-30": 0, "2012-06-30": 0, "2012-03-31": "", "2011-12-31": 3, "2010-12-31": -3}, "Total Common And Preferred Stock Dividends Paid": {"2020-09-30": -95, "2020-06-30": -95, "2020-03-31": "-95.00000", "2019-12-31": -79, "2019-09-30": -78, "2019-06-30": -78, "2019-03-31": "-79.00000", "2018-12-31": -60, "2018-09-30": -61, "2018-06-30": -60, "2018-03-31": "-62.00000", "2017-12-31": -51, "2017-09-30": -52, "2017-06-30": -51, "2017-03-31": "-52.00000", "2016-12-31": -47, "2016-09-30": -47, "2016-06-30": -47, "2016-03-31": "-47.00000", "2015-12-31": -41, "2015-09-30": -42, "2015-06-30": -43, "2015-03-31": "-42.00000", "2014-12-31": -37, "2014-09-30": -36, "2014-06-30": -37, "2014-03-31": "-36.00000", "2013-12-31": -33, "2013-09-30": -32, "2013-06-30": -33, "2013-03-31": "", "2012-12-31": 0, "2012-09-30": -1, "2012-06-30": -10, "2012-03-31": "-52.00000", "2011-12-31": -209, "2010-12-31": -207}, "Financial Activities - Other": {"2020-09-30": 2, "2020-06-30": -5, "2020-03-31": "17.00000", "2019-12-31": 5, "2019-09-30": -4, "2019-06-30": 2, "2019-03-31": "-5.00000", "2018-12-31": 5, "2018-09-30": -18, "2018-06-30": 4, "2018-03-31": "-10.00000", "2017-12-31": -41, "2017-09-30": 2, "2017-06-30": 12, "2017-03-31": "1.00000", "2016-12-31": -6, "2016-09-30": 1, "2016-06-30": 14, "2016-03-31": "-19.00000", "2015-12-31": 7, "2015-09-30": 2, "2015-06-30": 1, "2015-03-31": "1.00000", "2014-12-31": -2, "2014-09-30": 1, "2014-06-30": 1, "2014-03-31": "", "2013-12-31": 0, "2013-09-30": 0, "2013-06-30": -5, "2013-03-31": "-2738.00000", "2012-12-31": -78, "2012-09-30": -17, "2012-06-30": -43, "2012-03-31": "123.00000", "2011-12-31": 596, "2010-12-31": -67}, "Cash Flow From Financial Activities": {"2020-09-30": -93, "2020-06-30": 1141, "2020-03-31": "-328.00000", "2019-12-31": -250, "2019-09-30": -232, "2019-06-30": -226, "2019-03-31": "-243.00000", "2018-12-31": -197, "2018-09-30": 1263, "2018-06-30": -271, "2018-03-31": "-262.00000", "2017-12-31": -967, "2017-09-30": 956, "2017-06-30": -64, "2017-03-31": "-176.00000", "2016-12-31": -128, "2016-09-30": -124, "2016-06-30": -108, "2016-03-31": "-543.00000", "2015-12-31": 1026, "2015-09-30": -86, "2015-06-30": -91, "2015-03-31": "-94.00000", "2014-12-31": -42, "2014-09-30": -38, "2014-06-30": -39, "2014-03-31": "-35.00000", "2013-12-31": -28, "2013-09-30": -32, "2013-06-30": -32, "2013-03-31": "-108.00000", "2012-12-31": -78, "2012-09-30": -18, "2012-06-30": -53, "2012-03-31": "71.00000", "2011-12-31": 247, "2010-12-31": -277}, "Net Cash Flow": {"2020-09-30": 301, "2020-06-30": 1402, "2020-03-31": "17.00000", "2019-12-31": 119, "2019-09-30": 60, "2019-06-30": 27, "2019-03-31": "126.00000", "2018-12-31": 316, "2018-09-30": -272, "2018-06-30": -96, "2018-03-31": "90.00000", "2017-12-31": -417, "2017-09-30": 1276, "2017-06-30": 76, "2017-03-31": "-98.00000", "2016-12-31": 76, "2016-09-30": -7, "2016-06-30": -17, "2016-03-31": "-479.00000", "2015-12-31": 562, "2015-09-30": 48, "2015-06-30": -15, "2015-03-31": "-323.00000", "2014-12-31": 284, "2014-09-30": 20, "2014-06-30": 72, "2014-03-31": "-104.00000", "2013-12-31": 221, "2013-09-30": 20, "2013-06-30": -99, "2013-03-31": "151.00000", "2012-12-31": 184, "2012-09-30": 27, "2012-06-30": -7, "2012-03-31": "34.00000", "2011-12-31": 52, "2010-12-31": -36}, "Stock-Based Compensation": {"2020-09-30": 14, "2020-06-30": 16, "2020-03-31": "16.00000", "2019-12-31": 16, "2019-09-30": 16, "2019-06-30": 17, "2019-03-31": "18.00000", "2018-12-31": 17, "2018-09-30": 14, "2018-06-30": 11, "2018-03-31": "11.00000", "2017-12-31": 11, "2017-09-30": 11, "2017-06-30": 11, "2017-03-31": "11.00000", "2016-12-31": 9, "2016-09-30": 9, "2016-06-30": 10, "2016-03-31": "9.00000", "2015-12-31": 12, "2015-09-30": 10, "2015-06-30": 11, "2015-03-31": "10.00000", "2014-12-31": 10, "2014-09-30": 9, "2014-06-30": 8, "2014-03-31": "5.00000", "2013-12-31": 6, "2013-09-30": 6, "2013-06-30": 20, "2013-03-31": "11.00000", "2012-12-31": 10, "2012-09-30": 6, "2012-06-30": 6, "2012-03-31": "6.00000", "2011-12-31": 0, "2010-12-31": 0}, "Common Stock Dividends Paid": {"2020-09-30": -95, "2020-06-30": -95, "2020-03-31": "-95.00000", "2019-12-31": -79, "2019-09-30": -78, "2019-06-30": -78, "2019-03-31": "-79.00000", "2018-12-31": -60, "2018-09-30": -61, "2018-06-30": -60, "2018-03-31": "-62.00000", "2017-12-31": -51, "2017-09-30": -52, "2017-06-30": -51, "2017-03-31": "-52.00000", "2016-12-31": -47, "2016-09-30": -47, "2016-06-30": -47, "2016-03-31": "-47.00000", "2015-12-31": -41, "2015-09-30": -42, "2015-06-30": -43, "2015-03-31": "-42.00000", "2014-12-31": -37, "2014-09-30": -36, "2014-06-30": -37, "2014-03-31": "-36.00000", "2013-12-31": -33, "2013-09-30": -32, "2013-06-30": -33, "2013-03-31": "", "2012-12-31": 0, "2012-09-30": -1, "2012-06-30": -10, "2012-03-31": "-52.00000", "2011-12-31": 0, "2010-12-31": 0}}, "financial ratios": {"Current Ratio": {"2019-12-31": "2.62900", "2018-12-31": "3.59690", "2017-12-31": "3.85470", "2016-12-31": "3.03490", "2015-12-31": "2.15050", "2014-12-31": "3.19060", "2013-12-31": "2.37240", "2012-12-31": "2.55030", "2011-12-31": "2.74140", "2010-12-31": ""}, "Long-term Debt / Capital": {"2019-12-31": "0.68710", "2018-12-31": "0.74680", "2017-12-31": "0.73500", "2016-12-31": "0.74880", "2015-12-31": "0.80360", "2014-12-31": "0.73050", "2013-12-31": "0.79110", "2012-12-31": "0.11190", "2011-12-31": "0.13340", "2010-12-31": ""}, "Debt/Equity Ratio": {"2019-12-31": "2.38070", "2018-12-31": "2.95290", "2017-12-31": "2.77320", "2016-12-31": "2.98070", "2015-12-31": "4.46200", "2014-12-31": "2.71580", "2013-12-31": "3.80150", "2012-12-31": "0.14400", "2011-12-31": "0.15390", "2010-12-31": ""}, "Gross Margin": {"2019-12-31": "68.17890", "2018-12-31": "67.19310", "2017-12-31": "66.55360", "2016-12-31": "65.91650", "2015-12-31": "63.52570", "2014-12-31": "64.11700", "2013-12-31": "63.40720", "2012-12-31": "63.95300", "2011-12-31": "60.97330", "2010-12-31": "59.68730"}, "Operating Margin": {"2019-12-31": "28.77000", "2018-12-31": "29.01290", "2017-12-31": "28.73560", "2016-12-31": "25.12280", "2015-12-31": "11.43760", "2014-12-31": "17.13690", "2013-12-31": "15.12830", "2012-12-31": "16.37450", "2011-12-31": "9.30780", "2010-12-31": "4.96930"}, "EBIT Margin": {"2019-12-31": "32.33230", "2018-12-31": "32.54940", "2017-12-31": "32.03320", "2016-12-31": "28.51880", "2015-12-31": "14.03990", "2014-12-31": "19.58200", "2013-12-31": "17.60580", "2012-12-31": "17.08950", "2011-12-31": "10.15830", "2010-12-31": "4.96930"}, "EBITDA Margin": {"2019-12-31": "38.91370", "2018-12-31": "37.83690", "2017-12-31": "36.59320", "2016-12-31": "33.42880", "2015-12-31": "18.21620", "2014-12-31": "23.84540", "2013-12-31": "22.18810", "2012-12-31": "21.70200", "2011-12-31": "15.00120", "2010-12-31": "10.13400"}, "Pre-Tax Profit Margin": {"2019-12-31": "28.77000", "2018-12-31": "29.01290", "2017-12-31": "28.73560", "2016-12-31": "25.12280", "2015-12-31": "11.43760", "2014-12-31": "17.13690", "2013-12-31": "15.12830", "2012-12-31": "16.37450", "2011-12-31": "9.30780", "2010-12-31": "4.96930"}, "Net Profit Margin": {"2019-12-31": "23.96170", "2018-12-31": "24.51500", "2017-12-31": "16.28040", "2016-12-31": "16.79620", "2015-12-31": "7.11440", "2014-12-31": "12.18390", "2013-12-31": "11.05020", "2012-12-31": "10.05540", "2011-12-31": "5.78790", "2010-12-31": "3.07090"}, "Asset Turnover": {"2019-12-31": "0.54220", "2018-12-31": "0.54050", "2017-12-31": "0.61810", "2016-12-31": "0.63900", "2015-12-31": "0.60220", "2014-12-31": "0.72630", "2013-12-31": "0.69550", "2012-12-31": "0.69240", "2011-12-31": "0.74120", "2010-12-31": ""}, "Inventory Turnover Ratio": {"2019-12-31": "1.41280", "2018-12-31": "1.37380", "2017-12-31": "1.24390", "2016-12-31": "1.10920", "2015-12-31": "1.18470", "2014-12-31": "1.33200", "2013-12-31": "1.29080", "2012-12-31": "1.16210", "2011-12-31": "1.55410", "2010-12-31": ""}, "Receiveable Turnover": {"2019-12-31": "5.76430", "2018-12-31": "5.62260", "2017-12-31": "5.31760", "2016-12-31": "5.35380", "2015-12-31": "5.08540", "2014-12-31": "4.88270", "2013-12-31": "4.00790", "2012-12-31": "4.81780", "2011-12-31": "4.85990", "2010-12-31": ""}, "Days Sales In Receivables": {"2019-12-31": "63.32110", "2018-12-31": "64.91670", "2017-12-31": "68.63950", "2016-12-31": "68.17620", "2015-12-31": "71.77440", "2014-12-31": "74.75440", "2013-12-31": "91.06990", "2012-12-31": "75.76110", "2011-12-31": "75.10400", "2010-12-31": ""}, "ROE - Return On Equity": {"2019-12-31": "55.39140", "2018-12-31": "65.17160", "2017-12-31": "48.26430", "2016-12-31": "54.63640", "2015-12-31": "31.07240", "2014-12-31": "43.90430", "2013-12-31": "52.28690", "2012-12-31": "10.78940", "2011-12-31": "6.63810", "2010-12-31": ""}, "Return On Tangible Equity": {"2019-12-31": "-84.55470", "2018-12-31": "-59.83190", "2017-12-31": "-86.80770", "2016-12-31": "-67.68600", "2015-12-31": "-21.81470", "2014-12-31": "-160.38250", "2013-12-31": "-61.11790", "2012-12-31": "19.92690", "2011-12-31": "13.63390", "2010-12-31": ""}, "ROA - Return On Assets": {"2019-12-31": "12.99260", "2018-12-31": "13.21330", "2017-12-31": "10.03960", "2016-12-31": "10.70730", "2015-12-31": "4.28410", "2014-12-31": "8.91010", "2013-12-31": "7.67000", "2012-12-31": "6.96260", "2011-12-31": "4.34250", "2010-12-31": ""}, "ROI - Return On Investment": {"2019-12-31": "17.33100", "2018-12-31": "16.50440", "2017-12-31": "12.79120", "2016-12-31": "13.72550", "2015-12-31": "6.10370", "2014-12-31": "11.83230", "2013-12-31": "10.92530", "2012-12-31": "9.58240", "2011-12-31": "5.75270", "2010-12-31": ""}, "Book Value Per Share": {"2019-12-31": "5.69470", "2018-12-31": "4.55620", "2017-12-31": "3.67390", "2016-12-31": "3.04150", "2015-12-31": "2.19340", "2014-12-31": "2.66690", "2013-12-31": "1.92400", "2012-12-31": "8.08200", "2011-12-31": "", "2010-12-31": ""}, "Operating Cash Flow Per Share": {"2019-12-31": 0.0494, "2018-12-31": 0.947, "2017-12-31": 1.2982, "2016-12-31": 0.1084, "2015-12-31": 0.0757, "2014-12-31": -0.1141, "2013-12-31": 0.4531, "2012-12-31": -0.086, "2011-12-31": 0.486, "2010-12-31": 0.508}, "Free Cash Flow Per Share": {"2019-12-31": -0.2827, "2018-12-31": 0.7471, "2017-12-31": 1.1719, "2016-12-31": 0.2978, "2015-12-31": -0.0259, "2014-12-31": -0.1051, "2013-12-31": 0.3494, "2012-12-31": -0.13, "2011-12-31": 0.126, "2010-12-31": 0.666}}, "financial ratios, quarterly": {"Current Ratio": {"2020-09-30": "2.81540", "2020-06-30": "3.47050", "2020-03-31": "2.77280", "2019-12-31": "2.62900", "2019-09-30": "4.38970", "2019-06-30": "4.17120", "2019-03-31": "4.04710", "2018-12-31": "3.59690", "2018-09-30": "4.06380", "2018-06-30": "4.38370", "2018-03-31": "4.26700", "2017-12-31": "3.85470", "2017-09-30": "2.80300", "2017-06-30": "2.00900", "2017-03-31": "1.95550", "2016-12-31": "3.03490", "2016-09-30": "3.23770", "2016-06-30": "3.20310", "2016-03-31": "2.84350", "2015-12-31": "2.15050", "2015-09-30": "2.08080", "2015-06-30": "2.10940", "2015-03-31": "2.27010", "2014-12-31": "3.19060", "2014-09-30": "3.35970", "2014-06-30": "3.13570", "2014-03-31": "2.85890", "2013-12-31": "2.37240", "2013-09-30": "2.35700", "2013-06-30": "2.33310", "2013-03-31": "2.28590", "2012-12-31": "2.55030", "2012-09-30": "", "2012-06-30": "", "2012-03-31": "", "2011-12-31": "", "2010-12-31": ""}, "Long-term Debt / Capital": {"2020-09-30": "0.64640", "2020-06-30": "0.70660", "2020-03-31": "0.68410", "2019-12-31": "0.68710", "2019-09-30": "0.70650", "2019-06-30": "0.72780", "2019-03-31": "0.73550", "2018-12-31": "0.74680", "2018-09-30": "0.75250", "2018-06-30": "0.71430", "2018-03-31": "0.71500", "2017-12-31": "0.73500", "2017-09-30": "0.71040", "2017-06-30": "0.68050", "2017-03-31": "0.69460", "2016-12-31": "0.74880", "2016-09-30": "0.73650", "2016-06-30": "0.76510", "2016-03-31": "0.78990", "2015-12-31": "0.80360", "2015-09-30": "0.72010", "2015-06-30": "0.72960", "2015-03-31": "0.71310", "2014-12-31": "0.73050", "2014-09-30": "0.72390", "2014-06-30": "0.73950", "2014-03-31": "0.76820", "2013-12-31": "0.79110", "2013-09-30": "0.80790", "2013-06-30": "0.81560", "2013-03-31": "0.83410", "2012-12-31": "0.11190", "2012-09-30": "", "2012-06-30": "", "2012-03-31": "", "2011-12-31": "", "2010-12-31": ""}, "Debt/Equity Ratio": {"2020-09-30": "2.13360", "2020-06-30": "2.57620", "2020-03-31": "2.34760", "2019-12-31": "2.38070", "2019-09-30": "2.40740", "2019-06-30": "2.67360", "2019-03-31": "2.78120", "2018-12-31": "2.95290", "2018-09-30": "3.04110", "2018-06-30": "2.50000", "2018-03-31": "2.50840", "2017-12-31": "2.77320", "2017-09-30": "2.82420", "2017-06-30": "2.61680", "2017-03-31": "2.73270", "2016-12-31": "2.98070", "2016-09-30": "2.79540", "2016-06-30": "3.25970", "2016-03-31": "3.76410", "2015-12-31": "4.46200", "2015-09-30": "2.89790", "2015-06-30": "3.03410", "2015-03-31": "2.79310", "2014-12-31": "2.71580", "2014-09-30": "2.62920", "2014-06-30": "2.84800", "2014-03-31": "3.32850", "2013-12-31": "3.80150", "2013-09-30": "4.21710", "2013-06-30": "4.43740", "2013-03-31": "5.03590", "2012-12-31": "0.14400", "2012-09-30": "", "2012-06-30": "", "2012-03-31": "", "2011-12-31": "", "2010-12-31": ""}, "Gross Margin": {"2020-09-30": "69.42890", "2020-06-30": "70.86560", "2020-03-31": "70.07820", "2019-12-31": "68.33930", "2019-09-30": "69.76010", "2019-06-30": "69.94180", "2019-03-31": "64.39860", "2018-12-31": "65.21740", "2018-09-30": "68.04050", "2018-06-30": "68.40990", "2018-03-31": "67.27670", "2017-12-31": "68.69860", "2017-09-30": "67.70600", "2017-06-30": "65.32700", "2017-03-31": "64.01300", "2016-12-31": "63.35160", "2016-09-30": "66.96210", "2016-06-30": "66.97020", "2016-03-31": "66.52320", "2015-12-31": "61.06750", "2015-09-30": "65.32130", "2015-06-30": "63.65960", "2015-03-31": "64.24680", "2014-12-31": "62.80300", "2014-09-30": "64.13220", "2014-06-30": "64.33510", "2014-03-31": "65.45120", "2013-12-31": "62.83890", "2013-09-30": "65.09520", "2013-06-30": "62.65710", "2013-03-31": "63.11930", "2012-12-31": "63.18030", "2012-09-30": "64.76940", "2012-06-30": "65.44790", "2012-03-31": "62.46420", "2011-12-31": "", "2010-12-31": ""}, "Operating Margin": {"2020-09-30": "33.42670", "2020-06-30": "31.13700", "2020-03-31": "32.39900", "2019-12-31": "26.10510", "2019-09-30": "33.33330", "2019-06-30": "29.41180", "2019-03-31": "26.18560", "2018-12-31": "26.72630", "2018-09-30": "28.24320", "2018-06-30": "30.88340", "2018-03-31": "30.52710", "2017-12-31": "29.45210", "2017-09-30": "30.66070", "2017-06-30": "27.18680", "2017-03-31": "27.37610", "2016-12-31": "18.08930", "2016-09-30": "26.83320", "2016-06-30": "27.48340", "2016-03-31": "28.57140", "2015-12-31": "5.41600", "2015-09-30": "22.48760", "2015-06-30": "-2.29790", "2015-03-31": "20.87110", "2014-12-31": "11.74240", "2014-09-30": "19.66940", "2014-06-30": "17.27120", "2014-03-31": "20.69280", "2013-12-31": "10.04790", "2013-09-30": "16.77240", "2013-06-30": "16.78640", "2013-03-31": "17.61470", "2012-12-31": "6.97280", "2012-09-30": "20.90290", "2012-06-30": "23.03470", "2012-03-31": "16.33240", "2011-12-31": "", "2010-12-31": ""}, "EBIT Margin": {"2020-09-30": "36.89810", "2020-06-30": "34.88370", "2020-03-31": "35.85400", "2019-12-31": "29.45040", "2019-09-30": "36.86870", "2019-06-30": "32.96700", "2019-03-31": "30.03440", "2018-12-31": "30.49870", "2018-09-30": "31.89190", "2018-06-30": "34.13430", "2018-03-31": "33.96780", "2017-12-31": "32.87670", "2017-09-30": "33.85300", "2017-06-30": "30.41770", "2017-03-31": "30.70670", "2016-12-31": "21.29990", "2016-09-30": "30.13700", "2016-06-30": "30.87750", "2016-03-31": "32.27200", "2015-12-31": "8.39870", "2015-09-30": "24.87640", "2015-06-30": "0.17020", "2015-03-31": "23.41200", "2014-12-31": "14.01520", "2014-09-30": "22.06610", "2014-06-30": "19.77550", "2014-03-31": "23.33640", "2013-12-31": "12.44020", "2013-09-30": "19.40160", "2013-06-30": "19.65890", "2013-03-31": "19.63300", "2012-12-31": "6.97280", "2012-09-30": "21.58980", "2012-06-30": "23.76600", "2012-03-31": "17.09650", "2011-12-31": "", "2010-12-31": ""}, "EBITDA Margin": {"2020-09-30": "", "2020-06-30": "", "2020-03-31": "", "2019-12-31": "", "2019-09-30": "", "2019-06-30": "", "2019-03-31": "", "2018-12-31": "", "2018-09-30": "", "2018-06-30": "", "2018-03-31": "", "2017-12-31": "", "2017-09-30": "", "2017-06-30": "", "2017-03-31": "", "2016-12-31": "", "2016-09-30": "", "2016-06-30": "", "2016-03-31": "", "2015-12-31": "", "2015-09-30": "", "2015-06-30": "", "2015-03-31": "", "2014-12-31": "", "2014-09-30": "", "2014-06-30": "", "2014-03-31": "", "2013-12-31": "", "2013-09-30": "", "2013-06-30": "", "2013-03-31": "", "2012-12-31": "", "2012-09-30": "", "2012-06-30": "", "2012-03-31": "", "2011-12-31": "", "2010-12-31": ""}, "Pre-Tax Profit Margin": {"2020-09-30": "33.42670", "2020-06-30": "31.13700", "2020-03-31": "32.39900", "2019-12-31": "26.10510", "2019-09-30": "33.33330", "2019-06-30": "29.41180", "2019-03-31": "26.18560", "2018-12-31": "26.72630", "2018-09-30": "28.24320", "2018-06-30": "30.88340", "2018-03-31": "30.52710", "2017-12-31": "29.45210", "2017-09-30": "30.66070", "2017-06-30": "27.18680", "2017-03-31": "27.37610", "2016-12-31": "18.08930", "2016-09-30": "26.83320", "2016-06-30": "27.48340", "2016-03-31": "28.57140", "2015-12-31": "5.41600", "2015-09-30": "22.48760", "2015-06-30": "-2.29790", "2015-03-31": "20.87110", "2014-12-31": "11.74240", "2014-09-30": "19.66940", "2014-06-30": "17.27120", "2014-03-31": "20.69280", "2013-12-31": "10.04790", "2013-09-30": "16.77240", "2013-06-30": "16.78640", "2013-03-31": "17.61470", "2012-12-31": "6.29250", "2012-09-30": "20.90290", "2012-06-30": "23.03470", "2012-03-31": "16.33240", "2011-12-31": "", "2010-12-31": ""}, "Net Profit Margin": {"2020-09-30": "26.81970", "2020-06-30": "24.35400", "2020-03-31": "27.57500", "2019-12-31": "22.93910", "2019-09-30": "27.33590", "2019-06-30": "23.98190", "2019-03-31": "21.44330", "2018-12-31": "22.05880", "2018-09-30": "23.44600", "2018-06-30": "27.13780", "2018-03-31": "25.76870", "2017-12-31": "5.54790", "2017-09-30": "22.12320", "2017-06-30": "19.46420", "2017-03-31": "19.33390", "2016-12-31": "12.05950", "2016-09-30": "19.25870", "2016-06-30": "18.54310", "2016-03-31": "17.55590", "2015-12-31": "1.72680", "2015-09-30": "15.56840", "2015-06-30": "-3.14890", "2015-03-31": "14.97280", "2014-12-31": "9.54550", "2014-09-30": "13.71900", "2014-06-30": "11.74440", "2014-03-31": "14.12940", "2013-12-31": "8.37320", "2013-09-30": "11.87670", "2013-06-30": "11.49010", "2013-03-31": "12.84400", "2012-12-31": "-0.85030", "2012-09-30": "15.89790", "2012-06-30": "15.81350", "2012-03-31": "10.60170", "2011-12-31": "", "2010-12-31": ""}, "Asset Turnover": {"2020-09-30": "0.13010", "2020-06-30": "0.11840", "2020-03-31": "0.13310", "2019-12-31": "0.14500", "2019-09-30": "0.14050", "2019-06-30": "0.14080", "2019-03-31": "0.13370", "2018-12-31": "0.14510", "2018-09-30": "0.14150", "2018-06-30": "0.16450", "2018-03-31": "0.15720", "2017-12-31": "0.17000", "2017-09-30": "0.14500", "2017-06-30": "0.16270", "2017-03-31": "0.16090", "2016-12-31": "0.16690", "2016-09-30": "0.16090", "2016-06-30": "0.16070", "2016-03-31": "0.15590", "2015-12-31": "0.16100", "2015-09-30": "0.18160", "2015-06-30": "0.17810", "2015-03-31": "0.17140", "2014-12-31": "0.20040", "2014-09-30": "0.18540", "2014-06-30": "0.17760", "2014-03-31": "0.17130", "2013-12-31": "0.19120", "2013-09-30": "0.17620", "2013-06-30": "0.17790", "2013-03-31": "0.17750", "2012-12-31": "0.18780", "2012-09-30": "", "2012-06-30": "", "2012-03-31": "", "2011-12-31": "", "2010-12-31": ""}, "Inventory Turnover Ratio": {"2020-09-30": "0.33580", "2020-06-30": "0.28470", "2020-03-31": "0.30990", "2019-12-31": "0.37590", "2019-09-30": "0.33290", "2019-06-30": "0.33120", "2019-03-31": "0.38060", "2018-12-31": "0.39110", "2018-09-30": "0.32820", "2018-06-30": "0.31480", "2018-03-31": "0.31020", "2017-12-31": "0.32030", "2017-09-30": "0.29190", "2017-06-30": "0.29370", "2017-03-31": "0.28860", "2016-12-31": "0.31160", "2016-09-30": "0.26230", "2016-06-30": "0.26160", "2016-03-31": "0.26630", "2015-12-31": "0.33810", "2015-09-30": "0.30010", "2015-06-30": "0.30130", "2015-03-31": "0.29270", "2014-12-31": "0.38090", "2014-09-30": "0.31270", "2014-06-30": "0.30910", "2014-03-31": "0.28800", "2013-12-31": "0.36040", "2013-09-30": "0.29840", "2013-06-30": "0.33090", "2013-03-31": "0.35890", "2012-12-31": "0.32190", "2012-09-30": "", "2012-06-30": "", "2012-03-31": "", "2011-12-31": "", "2010-12-31": ""}, "Receiveable Turnover": {"2020-09-30": "1.76480", "2020-06-30": "1.57320", "2020-03-31": "1.58960", "2019-12-31": "1.54140", "2019-09-30": "1.53790", "2019-06-30": "1.55630", "2019-03-31": "1.50000", "2018-12-31": "1.50970", "2018-09-30": "1.59310", "2018-06-30": "1.45430", "2018-03-31": "1.44860", "2017-12-31": "1.46290", "2017-09-30": "1.33500", "2017-06-30": "1.30150", "2017-03-31": "1.29040", "2016-12-31": "1.39870", "2016-09-30": "1.35630", "2016-06-30": "1.36040", "2016-03-31": "1.27970", "2015-12-31": "1.35970", "2015-09-30": "1.16960", "2015-06-30": "1.18330", "2015-03-31": "1.21770", "2014-12-31": "1.34690", "2014-09-30": "1.14470", "2014-06-30": "1.05460", "2014-03-31": "0.99730", "2013-12-31": "1.10190", "2013-09-30": "0.99370", "2013-06-30": "0.97980", "2013-03-31": "1.00650", "2012-12-31": "1.30670", "2012-09-30": "", "2012-06-30": "", "2012-03-31": "", "2011-12-31": "", "2010-12-31": ""}, "Days Sales In Receivables": {"2020-09-30": "50.99660", "2020-06-30": "57.20930", "2020-03-31": "56.61670", "2019-12-31": "58.38710", "2019-09-30": "58.52270", "2019-06-30": "57.82810", "2019-03-31": "60.00000", "2018-12-31": "59.61640", "2018-09-30": "56.49320", "2018-06-30": "61.88690", "2018-03-31": "62.13030", "2017-12-31": "61.52060", "2017-09-30": "67.41650", "2017-06-30": "69.14890", "2017-03-31": "69.74820", "2016-12-31": "64.34610", "2016-09-30": "66.35780", "2016-06-30": "66.15890", "2016-03-31": "70.32700", "2015-12-31": "66.19310", "2015-09-30": "76.95220", "2015-06-30": "76.05960", "2015-03-31": "73.91110", "2014-12-31": "66.81820", "2014-09-30": "78.61980", "2014-06-30": "85.33680", "2014-03-31": "90.24610", "2013-12-31": "81.67460", "2013-09-30": "90.57120", "2013-06-30": "91.85820", "2013-03-31": "89.42200", "2012-12-31": "68.87760", "2012-09-30": "", "2012-06-30": "", "2012-03-31": "", "2011-12-31": "", "2010-12-31": ""}, "ROE - Return On Equity": {"2020-09-30": "13.27970", "2020-06-30": "12.58790", "2020-03-31": "15.36510", "2019-12-31": "14.18020", "2019-09-30": "16.16880", "2019-06-30": "15.38780", "2019-03-31": "13.46570", "2018-12-31": "15.78950", "2018-09-30": "16.38340", "2018-06-30": "19.27350", "2018-03-31": "17.72150", "2017-12-31": "4.47930", "2017-09-30": "14.66070", "2017-06-30": "14.14660", "2017-03-31": "14.61770", "2016-12-31": "10.27350", "2016-09-30": "14.83100", "2016-06-30": "16.33840", "2016-03-31": "17.18620", "2015-12-31": "1.83320", "2015-09-30": "15.15150", "2015-06-30": "-2.99500", "2015-03-31": "12.64370", "2014-12-31": "9.42410", "2014-09-30": "12.02300", "2014-06-30": "10.83400", "2014-03-31": "14.10370", "2013-12-31": "10.81080", "2013-09-30": "15.12700", "2013-06-30": "15.55290", "2013-03-31": "19.33700", "2012-12-31": "-0.24750", "2012-09-30": "", "2012-06-30": "", "2012-03-31": "", "2011-12-31": "", "2010-12-31": ""}, "Return On Tangible Equity": {"2020-09-30": "-54.61800", "2020-06-30": "-26.38600", "2020-03-31": "-25.62080", "2019-12-31": "-21.64600", "2019-09-30": "-23.96240", "2019-06-30": "-18.45770", "2019-03-31": "-14.22060", "2018-12-31": "-14.49580", "2018-09-30": "-13.66680", "2018-06-30": "-50.46240", "2018-03-31": "-41.81600", "2017-12-31": "-8.05640", "2017-09-30": "-35.70570", "2017-06-30": "-25.75600", "2017-03-31": "-21.84640", "2016-12-31": "-12.72730", "2016-09-30": "-20.06770", "2016-06-30": "-16.95690", "2016-03-31": "-13.76520", "2015-12-31": "-1.28700", "2015-09-30": "-32.31290", "2015-06-30": "5.43810", "2015-03-31": "-27.54590", "2014-12-31": "-34.42620", "2014-09-30": "-47.71430", "2014-06-30": "-29.26320", "2014-03-31": "-23.13430", "2013-12-31": "-12.63670", "2013-09-30": "-14.10120", "2013-06-30": "-12.89020", "2013-03-31": "-12.54480", "2012-12-31": "-0.45700", "2012-09-30": "", "2012-06-30": "", "2012-03-31": "", "2011-12-31": "", "2010-12-31": ""}, "ROA - Return On Assets": {"2020-09-30": "3.49000", "2020-06-30": "2.87700", "2020-03-31": "3.66930", "2019-12-31": "3.32610", "2019-09-30": "3.84140", "2019-06-30": "3.37700", "2019-03-31": "2.86690", "2018-12-31": "3.20130", "2018-09-30": "3.31770", "2018-06-30": "4.44030", "2018-03-31": "4.02760", "2017-12-31": "0.93170", "2017-09-30": "3.18690", "2017-06-30": "3.16590", "2017-03-31": "3.12460", "2016-12-31": "2.01330", "2016-09-30": "3.07190", "2016-06-30": "2.97950", "2016-03-31": "2.73720", "2015-12-31": "0.25270", "2015-09-30": "2.84180", "2015-06-30": "-0.54560", "2015-03-31": "2.56610", "2014-12-31": "1.91260", "2014-09-30": "2.55860", "2014-06-30": "2.13120", "2014-03-31": "2.42070", "2013-12-31": "1.58580", "2013-09-30": "2.09300", "2013-06-30": "2.04440", "2013-03-31": "2.27940", "2012-12-31": "-0.15970", "2012-09-30": "", "2012-06-30": "", "2012-03-31": "", "2011-12-31": "", "2010-12-31": ""}, "ROI - Return On Investment": {"2020-09-30": "4.69520", "2020-06-30": "3.69320", "2020-03-31": "4.85310", "2019-12-31": "4.43670", "2019-09-30": "4.74520", "2019-06-30": "4.18880", "2019-03-31": "3.56120", "2018-12-31": "3.99860", "2018-09-30": "4.05420", "2018-06-30": "5.50670", "2018-03-31": "5.05120", "2017-12-31": "1.18710", "2017-09-30": "4.24620", "2017-06-30": "4.51970", "2017-03-31": "4.46480", "2016-12-31": "2.58090", "2016-09-30": "3.90770", "2016-06-30": "3.83820", "2016-03-31": "3.61000", "2015-12-31": "0.36010", "2015-09-30": "4.24110", "2015-06-30": "-0.80990", "2015-03-31": "3.62800", "2014-12-31": "2.53980", "2014-09-30": "3.31940", "2014-06-30": "2.82230", "2014-03-31": "3.26940", "2013-12-31": "2.25890", "2013-09-30": "2.90590", "2013-06-30": "2.86800", "2013-03-31": "3.20810", "2012-12-31": "-0.21980", "2012-09-30": "", "2012-06-30": "", "2012-03-31": "", "2011-12-31": "", "2010-12-31": ""}, "Book Value Per Share": {"2020-09-30": "7.58980", "2020-06-30": "6.28840", "2020-03-31": "5.79740", "2019-12-31": "5.69470", "2019-09-30": "5.61720", "2019-06-30": "5.04580", "2019-03-31": "4.83690", "2018-12-31": "4.55620", "2018-09-30": "4.40350", "2018-06-30": "4.10960", "2018-03-31": "4.07450", "2017-12-31": "3.67390", "2017-09-30": "4.13870", "2017-06-30": "3.56570", "2017-03-31": "3.32770", "2016-12-31": "3.04150", "2016-09-30": "3.23320", "2016-06-30": "2.76750", "2016-03-31": "2.39110", "2015-12-31": "2.19340", "2015-09-30": "2.51640", "2015-06-30": "2.40720", "2015-03-31": "2.60810", "2014-12-31": "2.66690", "2014-09-30": "2.77140", "2014-06-30": "2.56070", "2014-03-31": "2.19360", "2013-12-31": "1.92400", "2013-09-30": "1.73200", "2013-06-30": "1.64600", "2013-03-31": "1.44800", "2012-12-31": "8.08200", "2012-09-30": "", "2012-06-30": "", "2012-03-31": "", "2011-12-31": "", "2010-12-31": ""}, "Operating Cash Flow Per Share": {"2020-09-30": 1.173, "2020-06-30": 0.9177, "2020-03-31": "0.85180", "2019-12-31": 1.2065, "2019-09-30": 1.0533, "2019-06-30": 0.6607, "2019-03-31": "0.80520", "2018-12-31": 1.1938, "2018-09-30": 1.1369, "2018-06-30": 0.5514, "2018-03-31": "0.79420", "2017-12-31": 1.2305, "2017-09-30": 0.8935, "2017-06-30": 0.365, "2017-03-31": "0.24030", "2016-12-31": 0.5735, "2016-09-30": 0.4807, "2016-06-30": 0.2748, "2016-03-31": "0.10210", "2015-12-31": 0.5533, "2015-09-30": 0.4055, "2015-06-30": 0.2447, "2015-03-31": "0.11920", "2014-12-31": 0.7713, "2014-09-30": 0.2046, "2014-06-30": 0.317, "2014-03-31": "-0.04590", "2013-12-31": 0.5956, "2013-09-30": 0.2277, "2013-06-30": -0.0241, "2013-03-31": "0.56190", "2012-12-31": 0.62, "2012-09-30": 0.148, "2012-06-30": 0.148, "2012-03-31": "-0.00800", "2011-12-31": 0, "2010-12-31": 0}, "Free Cash Flow Per Share": {"2020-09-30": 0.9246, "2020-06-30": 0.7355, "2020-03-31": "0.69730", "2019-12-31": 0.8643, "2019-09-30": 0.8285, "2019-06-30": 0.4469, "2019-03-31": "0.67480", "2018-12-31": 1.0099, "2018-09-30": 0.9837, "2018-06-30": 0.4013, "2018-03-31": "0.70230", "2017-12-31": 1.1356, "2017-09-30": 0.7955, "2017-06-30": 0.2635, "2017-03-31": "0.15550", "2016-12-31": 0.4552, "2016-09-30": 0.3681, "2016-06-30": 0.1927, "2016-03-31": "0.16220", "2015-12-31": 0.3921, "2015-09-30": 0.3024, "2015-06-30": 0.1541, "2015-03-31": "0.03180", "2014-12-31": 0.6714, "2014-09-30": 0.1233, "2014-06-30": 0.2474, "2014-03-31": "-0.13580", "2013-12-31": 0.5018, "2013-09-30": 0.1198, "2013-06-30": -0.1281, "2013-03-31": "0.51790", "2012-12-31": 0.536, "2012-09-30": 0.096, "2012-06-30": 0.1, "2012-03-31": "-0.07000", "2011-12-31": 0, "2010-12-31": 0}}, "revenue": {"Zoetis Annual Revenue (Millions of US $)": {"2019": "$6,260", "2018": "$5,825", "2017": "$5,307", "2016": "$4,888", "2015": "$4,765", "2014": "$4,785", "2013": "$4,561", "2012": "$4,336", "2011": "$4,233", "2010": "$3,582"}, "Zoetis Quarterly Revenue (Millions of US $)": {"2020-09-30": "$1,786", "2020-06-30": "$1,548", "2020-03-31": "$1,534", "2019-12-31": "$1,674", "2019-09-30": "$1,584", "2019-06-30": "$1,547", "2019-03-31": "$1,455", "2018-12-31": "$1,564", "2018-09-30": "$1,480", "2018-06-30": "$1,415", "2018-03-31": "$1,366", "2017-12-31": "$1,460", "2017-09-30": "$1,347", "2017-06-30": "$1,269", "2017-03-31": "$1,231", "2016-12-31": "$1,277", "2016-09-30": "$1,241", "2016-06-30": "$1,208", "2016-03-31": "$1,162", "2015-12-31": "$1,274", "2015-09-30": "$1,214", "2015-06-30": "$1,175", "2015-03-31": "$1,102", "2014-12-31": "$1,320", "2014-09-30": "$1,210", "2014-06-30": "$1,158", "2014-03-31": "$1,097", "2013-12-31": "$1,254", "2013-09-30": "$1,103", "2013-06-30": "$1,114", "2013-03-31": "$1,090", "2012-12-31": "$1,176", "2012-09-30": "$1,019", "2012-06-30": "$1,094", "2012-03-31": "$1,047", "2011-12-31": "", "2010-12-31": ""}}, "gross-profit": {"Zoetis Annual Gross Profit (Millions of US $)": {"2019": "$4,268", "2018": "$3,914", "2017": "$3,532", "2016": "$3,222", "2015": "$3,027", "2014": "$3,068", "2013": "$2,892", "2012": "$2,773", "2011": "$2,581", "2010": "$2,138"}, "Zoetis Quarterly Gross Profit (Millions of US $)": {"2020-09-30": "$1,240", "2020-06-30": "$1,097", "2020-03-31": "$1,075", "2019-12-31": "$1,144", "2019-09-30": "$1,105", "2019-06-30": "$1,082", "2019-03-31": "$937", "2018-12-31": "$1,020", "2018-09-30": "$1,007", "2018-06-30": "$968", "2018-03-31": "$919", "2017-12-31": "$1,003", "2017-09-30": "$912", "2017-06-30": "$829", "2017-03-31": "$788", "2016-12-31": "$809", "2016-09-30": "$831", "2016-06-30": "$809", "2016-03-31": "$773", "2015-12-31": "$778", "2015-09-30": "$793", "2015-06-30": "$748", "2015-03-31": "$708", "2014-12-31": "$829", "2014-09-30": "$776", "2014-06-30": "$745", "2014-03-31": "$718", "2013-12-31": "$788", "2013-09-30": "$718", "2013-06-30": "$698", "2013-03-31": "$688", "2012-12-31": "$743", "2012-09-30": "$660", "2012-06-30": "$716", "2012-03-31": "$654", "2011-12-31": "", "2010-12-31": ""}}, "operating-income": {"Zoetis Annual Operating Income (Millions of US $)": {"2019": "$1,801", "2018": "$1,690", "2017": "$1,525", "2016": "$1,228", "2015": "$545", "2014": "$820", "2013": "$690", "2012": "$710", "2011": "$394", "2010": "$178"}, "Zoetis Quarterly Operating Income (Millions of US $)": {"2020-09-30": "$597", "2020-06-30": "$482", "2020-03-31": "$497", "2019-12-31": "$437", "2019-09-30": "$528", "2019-06-30": "$455", "2019-03-31": "$381", "2018-12-31": "$418", "2018-09-30": "$418", "2018-06-30": "$437", "2018-03-31": "$417", "2017-12-31": "$430", "2017-09-30": "$413", "2017-06-30": "$345", "2017-03-31": "$337", "2016-12-31": "$231", "2016-09-30": "$333", "2016-06-30": "$332", "2016-03-31": "$332", "2015-12-31": "$69", "2015-09-30": "$273", "2015-06-30": "$-27", "2015-03-31": "$230", "2014-12-31": "$155", "2014-09-30": "$238", "2014-06-30": "$200", "2014-03-31": "$227", "2013-12-31": "$126", "2013-09-30": "$185", "2013-06-30": "$187", "2013-03-31": "$192", "2012-12-31": "$82", "2012-09-30": "$213", "2012-06-30": "$252", "2012-03-31": "$171", "2011-12-31": "", "2010-12-31": ""}}, "ebitda": {"Zoetis Annual EBITDA (Millions of US $)": {"2019": "$2,436", "2018": "$2,204", "2017": "$1,942", "2016": "$1,634", "2015": "$868", "2014": "$1,141", "2013": "$1,012", "2012": "$941", "2011": "$635", "2010": "$363"}, "Zoetis Quarterly EBITDA (Millions of US $)": {"2020-09-30": "$770", "2020-06-30": "$651", "2020-03-31": "$660", "2019-12-31": "$602", "2019-09-30": "$691", "2019-06-30": "$608", "2019-03-31": "$535", "2018-12-31": "$578", "2018-09-30": "$556", "2018-06-30": "$546", "2018-03-31": "$524", "2017-12-31": "$543", "2017-09-30": "$514", "2017-06-30": "$445", "2017-03-31": "$440", "2016-12-31": "$335", "2016-09-30": "$434", "2016-06-30": "$433", "2016-03-31": "$432", "2015-12-31": "$162", "2015-09-30": "$348", "2015-06-30": "$52", "2015-03-31": "$306", "2014-12-31": "$238", "2014-09-30": "$317", "2014-06-30": "$280", "2014-03-31": "$306", "2013-12-31": "$214", "2013-09-30": "$263", "2013-06-30": "$270", "2013-03-31": "$265", "2012-12-31": "$134", "2012-09-30": "$274", "2012-06-30": "$314", "2012-03-31": "$227", "2011-12-31": "", "2010-12-31": ""}}, "net-income": {"Zoetis Annual Net Income (Millions of US $)": {"2019": "$1,500", "2018": "$1,428", "2017": "$864", "2016": "$821", "2015": "$339", "2014": "$583", "2013": "$504", "2012": "$436", "2011": "$245", "2010": "$110"}, "Zoetis Quarterly Net Income (Millions of US $)": {"2020-09-30": "$479", "2020-06-30": "$377", "2020-03-31": "$423", "2019-12-31": "$384", "2019-09-30": "$433", "2019-06-30": "$371", "2019-03-31": "$312", "2018-12-31": "$345", "2018-09-30": "$347", "2018-06-30": "$384", "2018-03-31": "$352", "2017-12-31": "$81", "2017-09-30": "$298", "2017-06-30": "$247", "2017-03-31": "$238", "2016-12-31": "$154", "2016-09-30": "$239", "2016-06-30": "$224", "2016-03-31": "$204", "2015-12-31": "$22", "2015-09-30": "$189", "2015-06-30": "$-37", "2015-03-31": "$165", "2014-12-31": "$126", "2014-09-30": "$166", "2014-06-30": "$136", "2014-03-31": "$155", "2013-12-31": "$105", "2013-09-30": "$131", "2013-06-30": "$128", "2013-03-31": "$140", "2012-12-31": "$-10", "2012-09-30": "$162", "2012-06-30": "$173", "2012-03-31": "$111", "2011-12-31": "", "2010-12-31": ""}}, "eps-earnings-per-share-diluted": {"Zoetis Annual EPS": {"2019": "$3.11", "2018": "$2.93", "2017": "$1.75", "2016": "$1.65", "2015": "$0.68", "2014": "$1.16", "2013": "$1.01", "2012": "$0.87", "2011": "$0.49", "2010": "$0.22"}, "Zoetis Quarterly EPS": {"2020-09-30": "$1.00", "2020-06-30": "$0.79", "2020-03-31": "$0.88", "2019-12-31": "$0.79", "2019-09-30": "$0.90", "2019-06-30": "$0.77", "2019-03-31": "$0.65", "2018-12-31": "$0.71", "2018-09-30": "$0.71", "2018-06-30": "$0.79", "2018-03-31": "$0.72", "2017-12-31": "$0.16", "2017-09-30": "$0.61", "2017-06-30": "$0.50", "2017-03-31": "$0.48", "2016-12-31": "$0.31", "2016-09-30": "$0.48", "2016-06-30": "$0.45", "2016-03-31": "$0.41", "2015-12-31": "$0.04", "2015-09-30": "$0.38", "2015-06-30": "$-0.07", "2015-03-31": "$0.33", "2014-12-31": "$0.25", "2014-09-30": "$0.33", "2014-06-30": "$0.27", "2014-03-31": "$0.31", "2013-12-31": "$0.21", "2013-09-30": "$0.26", "2013-06-30": "$0.26", "2013-03-31": "$0.28", "2012-12-31": "$-0.02", "2012-09-30": "$0.32", "2012-06-30": "$0.35", "2012-03-31": "$0.22", "2011-12-31": "$0.00", "2010-12-31": "$0.00"}}, "shares-outstanding": {"Zoetis Annual Shares Outstanding (Millions of Shares)": {"2019": "482", "2018": "487", "2017": "493", "2016": "498", "2015": "502", "2014": "502", "2013": "500", "2012": "500", "2011": "500", "2010": "500"}, "Zoetis Quarterly Shares Outstanding (Millions of Shares)": {"2020-09-30": "479", "2020-06-30": "478", "2020-03-31": "479", "2019-12-31": "482", "2019-09-30": "482", "2019-06-30": "482", "2019-03-31": "483", "2018-12-31": "487", "2018-09-30": "486", "2018-06-30": "488", "2018-03-31": "490", "2017-12-31": "493", "2017-09-30": "492", "2017-06-30": "494", "2017-03-31": "495", "2016-12-31": "498", "2016-09-30": "498", "2016-06-30": "499", "2016-03-31": "500", "2015-12-31": "502", "2015-09-30": "502", "2015-06-30": "500", "2015-03-31": "503", "2014-12-31": "502", "2014-09-30": "502", "2014-06-30": "502", "2014-03-31": "501", "2013-12-31": "500", "2013-09-30": "500", "2013-06-30": "500", "2013-03-31": "500", "2012-12-31": "500", "2012-09-30": "500", "2012-06-30": "500", "2012-03-31": "500", "2011-12-31": "", "2010-12-31": ""}}, "total-assets": {"Zoetis Annual Total Assets (Millions of US $)": {"2019": "$11,545", "2018": "$10,777", "2017": "$8,586", "2016": "$7,649", "2015": "$7,913", "2014": "$6,588", "2013": "$6,558", "2012": "$6,262", "2011": "$5,711", "2010": "$0"}, "Zoetis Quarterly Total Assets (Millions of US $)": {"2020-09-30": "$13,725", "2020-06-30": "$13,069", "2020-03-31": "$11,528", "2019-12-31": "$11,545", "2019-09-30": "$11,272", "2019-06-30": "$10,986", "2019-03-31": "$10,883", "2018-12-31": "$10,777", "2018-09-30": "$10,459", "2018-06-30": "$8,603", "2018-03-31": "$8,690", "2017-12-31": "$8,586", "2017-09-30": "$9,288", "2017-06-30": "$7,802", "2017-03-31": "$7,649", "2016-12-31": "$7,649", "2016-09-30": "$7,715", "2016-06-30": "$7,518", "2016-03-31": "$7,453", "2015-12-31": "$7,913", "2015-09-30": "$6,686", "2015-06-30": "$6,598", "2015-03-31": "$6,430", "2014-12-31": "$6,588", "2014-09-30": "$6,527", "2014-06-30": "$6,522", "2014-03-31": "$6,403", "2013-12-31": "$6,558", "2013-09-30": "$6,259", "2013-06-30": "$6,261", "2013-03-31": "$6,142", "2012-12-31": "$6,262", "2012-09-30": "$0", "2012-06-30": "$0", "2012-03-31": "$0", "2011-12-31": "$5,711", "2010-12-31": "$0"}}, "cash-on-hand": {"Zoetis Annual Cash on Hand (Millions of US $)": {"2019": "$1,934", "2018": "$1,701", "2017": "$1,564", "2016": "$727", "2015": "$1,154", "2014": "$882", "2013": "$610", "2012": "$317", "2011": "$79", "2010": "$"}, "Zoetis Quarterly Cash on Hand (Millions of US $)": {"2020-09-30": "$3,654", "2020-06-30": "$3,353", "2020-03-31": "$1,951", "2019-12-31": "$1,934", "2019-09-30": "$1,827", "2019-06-30": "$1,780", "2019-03-31": "$1,793", "2018-12-31": "$1,701", "2018-09-30": "$1,391", "2018-06-30": "$1,558", "2018-03-31": "$1,654", "2017-12-31": "$1,564", "2017-09-30": "$1,981", "2017-06-30": "$705", "2017-03-31": "$629", "2016-12-31": "$727", "2016-09-30": "$651", "2016-06-30": "$658", "2016-03-31": "$675", "2015-12-31": "$1,154", "2015-09-30": "$592", "2015-06-30": "$544", "2015-03-31": "$559", "2014-12-31": "$882", "2014-09-30": "$598", "2014-06-30": "$578", "2014-03-31": "$506", "2013-12-31": "$610", "2013-09-30": "$389", "2013-06-30": "$369", "2013-03-31": "$468", "2012-12-31": "$317", "2012-09-30": "", "2012-06-30": "", "2012-03-31": "", "2011-12-31": "$79", "2010-12-31": ""}}, "long-term-debt": {"Zoetis Annual Long Term Debt (Millions of US $)": {"2019": "$5,947", "2018": "$6,443", "2017": "$4,953", "2016": "$4,468", "2015": "$4,463", "2014": "$3,624", "2013": "$3,642", "2012": "$509", "2011": "$575", "2010": "$"}, "Zoetis Quarterly Long Term Debt (Millions of US $)": {"2020-09-30": "$6,595", "2020-06-30": "$7,194", "2020-03-31": "$5,963", "2019-12-31": "$5,947", "2019-09-30": "$6,447", "2019-06-30": "$6,446", "2019-03-31": "$6,444", "2018-12-31": "$6,443", "2018-09-30": "$6,441", "2018-06-30": "$4,955", "2018-03-31": "$4,954", "2017-12-31": "$4,953", "2017-09-30": "$4,952", "2017-06-30": "$3,719", "2017-03-31": "$3,718", "2016-12-31": "$4,468", "2016-09-30": "$4,467", "2016-06-30": "$4,465", "2016-03-31": "$4,464", "2015-12-31": "$4,463", "2015-09-30": "$3,226", "2015-06-30": "$3,243", "2015-03-31": "$3,243", "2014-12-31": "$3,624", "2014-09-30": "$3,642", "2014-06-30": "$3,642", "2014-03-31": "$3,642", "2013-12-31": "$3,642", "2013-09-30": "$3,642", "2013-06-30": "$3,640", "2013-03-31": "$3,640", "2012-12-31": "$509", "2012-09-30": "", "2012-06-30": "", "2012-03-31": "", "2011-12-31": "$575", "2010-12-31": ""}}, "total-liabilities": {"Zoetis Annual Total Liabilities (Millions of US $)": {"2019": "$8,837", "2018": "$8,592", "2017": "$6,800", "2016": "$6,150", "2015": "$6,822", "2014": "$5,251", "2013": "$5,596", "2012": "$2,221", "2011": "$1,975", "2010": "$0"}, "Zoetis Quarterly Total Liabilities (Millions of US $)": {"2020-09-30": "$10,118", "2020-06-30": "$10,082", "2020-03-31": "$8,775", "2019-12-31": "$8,837", "2019-09-30": "$8,594", "2019-06-30": "$8,575", "2019-03-31": "$8,566", "2018-12-31": "$8,592", "2018-09-30": "$8,341", "2018-06-30": "$6,621", "2018-03-31": "$6,715", "2017-12-31": "$6,800", "2017-09-30": "$7,269", "2017-06-30": "$6,056", "2017-03-31": "$6,014", "2016-12-31": "$6,150", "2016-09-30": "$6,117", "2016-06-30": "$6,147", "2016-03-31": "$6,266", "2015-12-31": "$6,822", "2015-09-30": "$5,432", "2015-06-30": "$5,396", "2015-03-31": "$5,125", "2014-12-31": "$5,251", "2014-09-30": "$5,138", "2014-06-30": "$5,239", "2014-03-31": "$5,304", "2013-12-31": "$5,596", "2013-09-30": "$5,393", "2013-06-30": "$5,438", "2013-03-31": "$5,418", "2012-12-31": "$2,221", "2012-09-30": "$0", "2012-06-30": "$0", "2012-03-31": "$0", "2011-12-31": "$1,975", "2010-12-31": "$0"}}, "total-share-holder-equity": {"Zoetis Annual Share Holder Equity (Millions of US $)": {"2019": "$2,708", "2018": "$2,185", "2017": "$1,786", "2016": "$1,499", "2015": "$1,091", "2014": "$1,337", "2013": "$962", "2012": "$4,041", "2011": "$3,736", "2010": "$0"}, "Zoetis Quarterly Share Holder Equity (Millions of US $)": {"2020-09-30": "$3,607", "2020-06-30": "$2,987", "2020-03-31": "$2,753", "2019-12-31": "$2,708", "2019-09-30": "$2,678", "2019-06-30": "$2,411", "2019-03-31": "$2,317", "2018-12-31": "$2,185", "2018-09-30": "$2,118", "2018-06-30": "$1,982", "2018-03-31": "$1,975", "2017-12-31": "$1,786", "2017-09-30": "$2,019", "2017-06-30": "$1,746", "2017-03-31": "$1,635", "2016-12-31": "$1,499", "2016-09-30": "$1,598", "2016-06-30": "$1,371", "2016-03-31": "$1,187", "2015-12-31": "$1,091", "2015-09-30": "$1,254", "2015-06-30": "$1,202", "2015-03-31": "$1,305", "2014-12-31": "$1,337", "2014-09-30": "$1,389", "2014-06-30": "$1,283", "2014-03-31": "$1,099", "2013-12-31": "$962", "2013-09-30": "$866", "2013-06-30": "$823", "2013-03-31": "$724", "2012-12-31": "$4,041", "2012-09-30": "$0", "2012-06-30": "$0", "2012-03-31": "$0", "2011-12-31": "$3,736", "2010-12-31": "$0"}}, "profit-margins": {"current": "25.42%"}, "gross margin": {"2020-09-30": "69.64%", "2020-06-30": "69.73%", "2020-03-31": "69.51%", "2019-12-31": "68.18%", "2019-09-30": "67.38%", "2019-06-30": "66.92%", "2019-03-31": "66.49%", "2018-12-31": "67.19%", "2018-09-30": "68.12%", "2018-06-30": "68.04%", "2018-03-31": "67.31%", "2017-12-31": "66.55%", "2017-09-30": "65.14%", "2017-06-30": "64.91%", "2017-03-31": "65.30%", "2016-12-31": "65.92%", "2016-09-30": "65.32%", "2016-06-30": "64.90%", "2016-03-31": "64.08%", "2015-12-31": "63.53%", "2015-09-30": "63.98%", "2015-06-30": "63.68%", "2015-03-31": "63.84%", "2014-12-31": "64.12%", "2014-09-30": "64.14%", "2014-06-30": "64.38%", "2014-03-31": "63.97%", "2013-12-31": "63.41%", "2013-09-30": "63.51%", "2013-06-30": "63.40%", "2013-03-31": "64.10%", "2012-12-31": "63.95%"}, "operating margin": {"2020-09-30": "30.77%", "2020-06-30": "30.66%", "2020-03-31": "30.24%", "2019-12-31": "28.77%", "2019-09-30": "28.98%", "2019-06-30": "27.65%", "2019-03-31": "27.97%", "2018-12-31": "29.01%", "2018-09-30": "29.75%", "2018-06-30": "30.37%", "2018-03-31": "29.49%", "2017-12-31": "28.74%", "2017-09-30": "25.88%", "2017-06-30": "24.83%", "2017-03-31": "24.87%", "2016-12-31": "25.12%", "2016-09-30": "21.82%", "2016-06-30": "20.71%", "2016-03-31": "13.41%", "2015-12-31": "11.44%", "2015-09-30": "13.12%", "2015-06-30": "12.40%", "2015-03-31": "17.18%", "2014-12-31": "17.14%", "2014-09-30": "16.76%", "2014-06-30": "16.00%", "2014-03-31": "15.87%", "2013-12-31": "15.13%", "2013-09-30": "14.41%", "2013-06-30": "15.32%", "2013-03-31": "16.88%", "2012-12-31": "16.56%"}, "ebitda margin": {"2020-09-30": "41.01%", "2020-06-30": "41.07%", "2020-03-31": "40.40%", "2019-12-31": "38.91%", "2019-09-30": "39.22%", "2019-06-30": "37.66%", "2019-03-31": "37.45%", "2018-12-31": "37.84%", "2018-09-30": "37.91%", "2018-06-30": "38.06%", "2018-03-31": "37.23%", "2017-12-31": "36.59%", "2017-09-30": "33.84%", "2017-06-30": "32.96%", "2017-03-31": "33.12%", "2016-12-31": "33.43%", "2016-09-30": "29.91%", "2016-06-30": "28.30%", "2016-03-31": "20.60%", "2015-12-31": "18.22%", "2015-09-30": "19.62%", "2015-06-30": "18.99%", "2015-03-31": "23.82%", "2014-12-31": "23.85%", "2014-09-30": "23.67%", "2014-06-30": "23.05%", "2014-03-31": "23.05%", "2013-12-31": "22.19%", "2013-09-30": "20.79%", "2013-06-30": "21.44%", "2013-03-31": "22.54%", "2012-12-31": "21.89%"}, "pre tax profit margin": {"2020-09-30": "30.77%", "2020-06-30": "30.66%", "2020-03-31": "30.24%", "2019-12-31": "28.77%", "2019-09-30": "28.98%", "2019-06-30": "27.65%", "2019-03-31": "27.97%", "2018-12-31": "29.01%", "2018-09-30": "29.75%", "2018-06-30": "30.37%", "2018-03-31": "29.49%", "2017-12-31": "28.74%", "2017-09-30": "25.88%", "2017-06-30": "24.83%", "2017-03-31": "24.87%", "2016-12-31": "25.12%", "2016-09-30": "21.82%", "2016-06-30": "20.71%", "2016-03-31": "13.41%", "2015-12-31": "11.44%", "2015-09-30": "13.12%", "2015-06-30": "12.40%", "2015-03-31": "17.18%", "2014-12-31": "17.14%", "2014-09-30": "16.76%", "2014-06-30": "16.00%", "2014-03-31": "15.87%", "2013-12-31": "15.13%", "2013-09-30": "14.23%", "2013-06-30": "15.14%", "2013-03-31": "16.69%", "2012-12-31": "16.37%"}, "net profit margin": {"2020-09-30": "25.42%", "2020-06-30": "25.50%", "2020-03-31": "25.41%", "2019-12-31": "23.96%", "2019-09-30": "23.76%", "2019-06-30": "22.74%", "2019-03-31": "23.47%", "2018-12-31": "24.52%", "2018-09-30": "20.35%", "2018-06-30": "19.95%", "2018-03-31": "17.97%", "2017-12-31": "16.28%", "2017-09-30": "18.29%", "2017-06-30": "17.50%", "2017-03-31": "17.25%", "2016-12-31": "16.80%", "2016-09-30": "14.10%", "2016-06-30": "13.15%", "2016-03-31": "7.83%", "2015-12-31": "7.11%", "2015-09-30": "9.21%", "2015-06-30": "8.74%", "2015-03-31": "12.38%", "2014-12-31": "12.18%", "2014-09-30": "11.91%", "2014-06-30": "11.43%", "2014-03-31": "11.36%", "2013-12-31": "11.05%", "2013-09-30": "8.68%", "2013-06-30": "9.55%", "2013-03-31": "10.62%", "2012-12-31": "10.06%"}, "pe ratio": {"current": "41.26", "2021-02-05": "45.90", "2020-09-30": "47.52", "2020-06-30": "40.49", "2020-03-31": "34.93", "2019-12-31": "42.12", "2019-09-30": "40.77", "2019-06-30": "39.57", "2019-03-31": "34.79", "2018-12-31": "28.80", "2018-09-30": "37.90", "2018-06-30": "36.76", "2018-03-31": "41.22", "2017-12-31": "40.37", "2017-09-30": "32.86", "2017-06-30": "34.51", "2017-03-31": "30.27", "2016-12-31": "31.59", "2016-09-30": "36.62", "2016-06-30": "36.03", "2016-03-31": "56.45", "2015-12-31": "68.05", "2015-09-30": "44.60", "2015-06-30": "55.24", "2015-03-31": "37.68", "2014-12-31": "35.56", "2014-09-30": "31.57", "2014-06-30": "29.35", "2014-03-31": "26.51", "2013-12-31": "30.76"}, "price sales": {"2021-02-05": "11.67", "2020-09-30": "12.08", "2020-06-30": "10.33", "2020-03-31": "8.88", "2019-12-31": "10.12", "2019-09-30": "9.71", "2019-06-30": "9.01", "2019-03-31": "8.17", "2018-12-31": "7.06", "2018-09-30": "7.71", "2018-06-30": "7.36", "2018-03-31": "7.42", "2017-12-31": "6.57", "2017-09-30": "6.03", "2017-06-30": "6.04", "2017-03-31": "5.23", "2016-12-31": "5.32", "2016-09-30": "5.17", "2016-06-30": "4.75", "2016-03-31": "4.45", "2015-12-31": "4.87", "2015-09-30": "4.14", "2015-06-30": "4.84", "2015-03-31": "4.66", "2014-12-31": "4.33", "2014-09-30": "3.76", "2014-06-30": "3.35", "2014-03-31": "3.02", "2013-12-31": "3.41"}, "price book": {"current": "20.99", "2021-02-05": "20.99", "2020-09-30": "21.73", "2020-06-30": "21.70", "2020-03-31": "20.18", "2019-12-31": "23.07", "2019-09-30": "21.99", "2019-06-30": "22.27", "2019-03-31": "20.57", "2018-12-31": "18.52", "2018-09-30": "20.48", "2018-06-30": "20.39", "2018-03-31": "20.13", "2017-12-31": "19.23", "2017-09-30": "15.09", "2017-06-30": "17.13", "2017-03-31": "15.65", "2016-12-31": "17.14", "2016-09-30": "15.63", "2016-06-30": "16.66", "2016-03-31": "17.94", "2015-12-31": "21.10", "2015-09-30": "15.77", "2015-06-30": "19.27", "2015-03-31": "17.05", "2014-12-31": "15.47", "2014-09-30": "12.76", "2014-06-30": "12.03", "2014-03-31": "12.57", "2013-12-31": "16.15", "2013-09-30": "17.04", "2013-06-30": "17.76", "2013-03-31": "21.79"}, "price fcf": {"2021-02-05": "", "2020-09-30": "$3.22", "2020-06-30": "$3.13", "2020-03-31": "$2.84", "2019-12-31": "$2.81", "2019-09-30": "$2.96", "2019-06-30": "$3.12", "2019-03-31": "$3.07", "2018-12-31": "$3.10", "2018-09-30": "$3.22", "2018-06-30": "$3.03", "2018-03-31": "$2.90", "2017-12-31": "$2.35", "2017-09-30": "$1.67", "2017-06-30": "$1.24", "2017-03-31": "$1.17", "2016-12-31": "$1.18", "2016-09-30": "$1.12", "2016-06-30": "$1.05", "2016-03-31": "$1.01", "2015-12-31": "$0.88", "2015-09-30": "$1.16", "2015-06-30": "$0.98", "2015-03-31": "$1.07", "2014-12-31": "$0.91", "2014-09-30": "$0.74", "2014-06-30": "$0.73", "2014-03-31": "$0.36", "2013-12-31": "$1.01"}, "net worth": {"value": "$75.7B"}, "current ratio": {"current": "2.82", "2020-09-30": "2.82", "2020-06-30": "3.47", "2020-03-31": "2.77", "2019-12-31": "2.63", "2019-09-30": "4.39", "2019-06-30": "4.17", "2019-03-31": "4.05", "2018-12-31": "3.60", "2018-09-30": "4.06", "2018-06-30": "4.38", "2018-03-31": "4.27", "2017-12-31": "3.86", "2017-09-30": "2.80", "2017-06-30": "2.01", "2017-03-31": "1.96", "2016-12-31": "3.04", "2016-09-30": "3.24", "2016-06-30": "3.20", "2016-03-31": "2.84", "2015-12-31": "2.15", "2015-09-30": "2.08", "2015-06-30": "2.11", "2015-03-31": "2.27", "2014-12-31": "3.19", "2014-09-30": "3.36", "2014-06-30": "3.14", "2014-03-31": "2.86", "2013-12-31": "2.37", "2013-09-30": "2.36", "2013-06-30": "2.33", "2013-03-31": "2.29", "2012-12-31": "2.55", "2012-09-30": "0.00", "2012-06-30": "0.00", "2012-03-31": "0.00", "2011-12-31": "2.74", "2010-12-31": "0.00"}, "quick ratio": {"2020-09-30": "2.14", "2020-06-30": "2.60", "2020-03-31": "1.91", "2019-12-31": "1.85", "2019-09-30": "3.02", "2019-06-30": "2.87", "2019-03-31": "2.79", "2018-12-31": "2.46", "2018-09-30": "2.63", "2018-06-30": "2.92", "2018-03-31": "2.83", "2017-12-31": "2.55", "2017-09-30": "1.95", "2017-06-30": "1.17", "2017-03-31": "1.07", "2016-12-31": "1.69", "2016-09-30": "1.73", "2016-06-30": "1.74", "2016-03-31": "1.59", "2015-12-31": "1.33", "2015-09-30": "1.24", "2015-06-30": "1.21", "2015-03-31": "1.29", "2014-12-31": "2.00", "2014-09-30": "1.97", "2014-06-30": "1.88", "2014-03-31": "1.69", "2013-12-31": "1.46", "2013-09-30": "1.37", "2013-06-30": "1.38", "2013-03-31": "1.42", "2012-12-31": "1.35", "2012-09-30": "0.00", "2012-06-30": "0.00", "2012-03-31": "0.00", "2011-12-31": "1.48", "2010-12-31": "0.00"}, "debt equity ratio": {"current": "1.83", "2020-09-30": "2.81", "2020-06-30": "3.38", "2020-03-31": "3.19", "2019-12-31": "3.26", "2019-09-30": "3.21", "2019-06-30": "3.56", "2019-03-31": "3.70", "2018-12-31": "3.93", "2018-09-30": "3.94", "2018-06-30": "3.34", "2018-03-31": "3.40", "2017-12-31": "3.81", "2017-09-30": "3.60", "2017-06-30": "3.47", "2017-03-31": "3.68", "2016-12-31": "4.10", "2016-09-30": "3.83", "2016-06-30": "4.48", "2016-03-31": "5.28", "2015-12-31": "6.25", "2015-09-30": "4.33", "2015-06-30": "4.49", "2015-03-31": "3.93", "2014-12-31": "3.93", "2014-09-30": "3.70", "2014-06-30": "4.08", "2014-03-31": "4.83", "2013-12-31": "5.82", "2013-09-30": "6.23", "2013-06-30": "6.61", "2013-03-31": "7.48", "2012-12-31": "0.55", "2012-09-30": "0.00", "2012-06-30": "0.00", "2012-03-31": "0.00", "2011-12-31": "0.53", "2010-12-31": "0.00"}, "return on equity": {"2020-09-30": "55.18%", "2020-06-30": "58.13%", "2020-03-31": "61.08%", "2019-12-31": "59.32%", "2019-09-30": "60.93%", "2019-06-30": "60.90%", "2019-03-31": "64.54%", "2018-12-31": "69.15%", "2018-09-30": "59.23%", "2018-06-30": "57.46%", "2018-03-31": "51.98%", "2017-12-31": "48.09%", "2017-09-30": "54.33%", "2017-06-30": "54.21%", "2017-03-31": "56.04%", "2016-12-31": "58.07%", "2016-09-30": "52.53%", "2016-06-30": "52.13%", "2016-03-31": "31.94%", "2015-12-31": "27.95%", "2015-09-30": "34.76%", "2015-06-30": "32.10%", "2015-03-31": "44.64%", "2014-12-31": "45.65%", "2014-09-30": "47.50%", "2014-06-30": "50.07%", "2014-03-31": "55.36%", "2013-12-31": "59.73%", "2013-09-30": "24.11%", "2013-06-30": "30.06%", "2013-03-31": "39.03%", "2012-12-31": "43.16%"}, "return on assets": {"2020-09-30": "13.34%", "2020-06-30": "13.64%", "2020-03-31": "14.22%", "2019-12-31": "13.43%", "2019-09-30": "13.31%", "2019-06-30": "12.76%", "2019-03-31": "13.63%", "2018-12-31": "14.83%", "2018-09-30": "12.81%", "2018-06-30": "12.68%", "2018-03-31": "11.38%", "2017-12-31": "10.37%", "2017-09-30": "11.57%", "2017-06-30": "11.40%", "2017-03-31": "11.20%", "2016-12-31": "10.83%", "2016-09-30": "9.01%", "2016-06-30": "8.64%", "2016-03-31": "5.28%", "2015-12-31": "4.91%", "2015-09-30": "6.74%", "2015-06-30": "6.43%", "2015-03-31": "9.10%", "2014-12-31": "8.96%", "2014-09-30": "8.64%", "2014-06-30": "8.19%", "2014-03-31": "8.15%", "2013-12-31": "7.99%", "2013-09-30": "6.24%", "2013-06-30": "9.00%", "2013-03-31": "15.00%", "2012-12-31": "27.85%"}, "return on investments": {"2020-09-30": "21.33%", "2020-06-30": "21.20%", "2020-03-31": "21.69%", "2019-12-31": "20.35%", "2019-09-30": "20.15%", "2019-06-30": "19.22%", "2019-03-31": "20.12%", "2018-12-31": "21.77%", "2018-09-30": "23.34%", "2018-06-30": "24.62%", "2018-03-31": "24.59%", "2017-12-31": "24.87%", "2017-09-30": "22.33%", "2017-06-30": "21.81%", "2017-03-31": "21.24%", "2016-12-31": "20.89%", "2016-09-30": "18.45%", "2016-06-30": "18.70%", "2016-03-31": "12.86%", "2015-12-31": "11.46%", "2015-09-30": "13.69%", "2015-06-30": "12.56%", "2015-03-31": "16.91%", "2014-12-31": "16.69%", "2014-09-30": "16.39%", "2014-06-30": "15.72%", "2014-03-31": "15.83%", "2013-12-31": "15.39%", "2013-09-30": "14.45%", "2013-06-30": "20.15%", "2013-03-31": "33.16%", "2012-12-31": "63.12%"}, "return on tangible equity": {"2020-09-30": "-116.15%", "2020-06-30": "-97.16%", "2020-03-31": "-88.98%", "2019-12-31": "-77.07%", "2019-09-30": "-69.65%", "2019-06-30": "-60.29%", "2019-03-31": "-70.55%", "2018-12-31": "-87.70%", "2018-09-30": "-90.83%", "2018-06-30": "-130.56%", "2018-03-31": "-108.13%", "2017-12-31": "-89.19%", "2017-09-30": "-91.59%", "2017-06-30": "-79.03%", "2017-03-31": "-71.16%", "2016-12-31": "-63.23%", "2016-09-30": "-49.77%", "2016-06-30": "-51.69%", "2016-03-31": "-35.28%", "2015-12-31": "-39.85%", "2015-09-30": "-80.00%", "2015-06-30": "-84.98%", "2015-03-31": "-132.51%", "2014-12-31": "-125.31%", "2014-09-30": "-96.98%", "2014-06-30": "-72.76%", "2014-03-31": "-60.79%", "2013-12-31": "-52.21%", "2013-09-30": "-183.06%", "2013-06-30": "2126.58%", "2013-03-31": "173.51%", "2012-12-31": "79.71%"}, "dividend yield history": {"last payout": "$1.00", "last yield": "0.63%"}}