{"ticker": "ZNGA", "price": {"title": "Zynga Historical Annual Stock Price Data", "value": 10.68, "historical": {"2020": {"Average Stock Price": "8.2827", "Year Open": "6.1500", "Year High": "10.4400", "Year Low": "5.8700", "Year Close": "9.8700", "Annual % Change": "61.27%"}, "2019": {"Average Stock Price": "5.7346", "Year Open": "3.9800", "Year High": "6.4900", "Year Low": "3.9200", "Year Close": "6.1200", "Annual % Change": "55.73%"}, "2018": {"Average Stock Price": "3.8577", "Year Open": "3.9200", "Year High": "4.4700", "Year Low": "3.3100", "Year Close": "3.9300", "Annual % Change": "-1.75%"}, "2017": {"Average Stock Price": "3.3906", "Year Open": "2.6500", "Year High": "4.2800", "Year Low": "2.5000", "Year Close": "4.0000", "Annual % Change": "55.64%"}, "2016": {"Average Stock Price": "2.5888", "Year Open": "2.5800", "Year High": "3.0100", "Year Low": "1.8100", "Year Close": "2.5700", "Annual % Change": "-4.10%"}, "2015": {"Average Stock Price": "2.6121", "Year Open": "2.7300", "Year High": "3.0600", "Year Low": "2.2100", "Year Close": "2.6800", "Annual % Change": "0.75%"}, "2014": {"Average Stock Price": "3.4229", "Year Open": "3.9500", "Year High": "5.7900", "Year Low": "2.2700", "Year Close": "2.6600", "Annual % Change": "-30.00%"}, "2013": {"Average Stock Price": "3.3194", "Year Open": "2.3900", "Year High": "4.5000", "Year Low": "2.3900", "Year Close": "3.8000", "Annual % Change": "61.02%"}, "2012": {"Average Stock Price": "6.4247", "Year Open": "9.4500", "Year High": "14.6900", "Year Low": "2.1000", "Year Close": "2.3600", "Annual % Change": "-74.92%"}, "2011": {"Average Stock Price": "9.4150", "Year Open": "9.5000", "Year High": "9.7500", "Year Low": "9.0500", "Year Close": "9.4100", "Annual % Change": "0.00%"}}}, "market cap": {"value": "$11.52B"}, "income statement": {"Revenue": {"2019-12-31": "1321.65900", "2018-12-31": "907.20800", "2017-12-31": "861.39000", "2016-12-31": "741.42000", "2015-12-31": "764.71700", "2014-12-31": "690.41000", "2013-12-31": "873.26600", "2012-12-31": "1281.26700", "2011-12-31": "1140.10000", "2010-12-31": "597.45900", "2009-12-31": "121.46700", "2008-12-31": "19.41000"}, "Cost Of Goods Sold": {"2019-12-31": "524.08900", "2018-12-31": "304.65800", "2017-12-31": "258.97100", "2016-12-31": "238.54600", "2015-12-31": "235.98500", "2014-12-31": "213.57000", "2013-12-31": "248.35800", "2012-12-31": "352.16900", "2011-12-31": "330.04300", "2010-12-31": "176.05200", "2009-12-31": "56.70700", "2008-12-31": "10.01700"}, "Gross Profit": {"2019-12-31": "797.57010", "2018-12-31": "602.55000", "2017-12-31": "602.41900", "2016-12-31": "502.87400", "2015-12-31": "528.73200", "2014-12-31": "476.84000", "2013-12-31": "624.90800", "2012-12-31": "929.09800", "2011-12-31": "810.05700", "2010-12-31": "421.40700", "2009-12-31": "64.76000", "2008-12-31": "9.39300"}, "Research And Development Expenses": {"2019-12-31": "505.88900", "2018-12-31": "270.32300", "2017-12-31": "256.01200", "2016-12-31": "320.30000", "2015-12-31": "361.93100", "2014-12-31": "396.55300", "2013-12-31": "413.00100", "2012-12-31": "645.64800", "2011-12-31": "727.01800", "2010-12-31": "149.51900", "2009-12-31": "51.02900", "2008-12-31": "12.16000"}, "SG&A Expenses": {"2019-12-31": "563.88100", "2018-12-31": "325.46500", "2017-12-31": "320.68300", "2016-12-31": "276.14600", "2015-12-31": "312.85700", "2014-12-31": "325.02800", "2013-12-31": "267.32100", "2012-12-31": "370.92800", "2011-12-31": "488.65500", "2010-12-31": "146.41600", "2009-12-31": "66.50900", "2008-12-31": "19.81600"}, "Other Operating Income Or Expenses": {"2019-12-31": "", "2018-12-31": "", "2017-12-31": "", "2016-12-31": "", "2015-12-31": "", "2014-12-31": "", "2013-12-31": "", "2012-12-31": "", "2011-12-31": "", "2010-12-31": "", "2009-12-31": "", "2008-12-31": ""}, "Operating Expenses": {"2019-12-31": "1593.85900", "2018-12-31": "900.44590", "2017-12-31": "835.66600", "2016-12-31": "855.66890", "2015-12-31": "910.77300", "2014-12-31": "935.15100", "2013-12-31": "938.89710", "2012-12-31": "1464.23800", "2011-12-31": "1545.71600", "2010-12-31": "471.98700", "2009-12-31": "174.24500", "2008-12-31": "41.99300"}, "Operating Income": {"2019-12-31": "-272.20000", "2018-12-31": "6.76210", "2017-12-31": "25.72400", "2016-12-31": "-114.24900", "2015-12-31": "-146.05600", "2014-12-31": "-244.74100", "2013-12-31": "-65.63110", "2012-12-31": "-182.97110", "2011-12-31": "-405.61610", "2010-12-31": "125.47200", "2009-12-31": "-52.77800", "2008-12-31": "-22.58300"}, "Total Non-Operating Income/Expense": {"2019-12-31": "319.53500", "2018-12-31": "19.70100", "2017-12-31": "11.85900", "2016-12-31": "9.51800", "2015-12-31": "15.87400", "2014-12-31": "11.51400", "2013-12-31": "0.76200", "2012-12-31": "23.39600", "2011-12-31": "-0.52600", "2010-12-31": "1.58700", "2009-12-31": "-0.03200", "2008-12-31": "0.50600"}, "Pre-Tax Income": {"2019-12-31": "47.33500", "2018-12-31": "26.46300", "2017-12-31": "37.58300", "2016-12-31": "-104.73100", "2015-12-31": "-130.18200", "2014-12-31": "-233.22700", "2013-12-31": "-64.86900", "2012-12-31": "-159.57500", "2011-12-31": "-406.14200", "2010-12-31": "127.05900", "2009-12-31": "-52.81000", "2008-12-31": "-22.07700"}, "Income Taxes": {"2019-12-31": "5.41000", "2018-12-31": "11.00600", "2017-12-31": "10.94400", "2016-12-31": "3.44200", "2015-12-31": "-8.67200", "2014-12-31": "-7.32700", "2013-12-31": "-27.88700", "2012-12-31": "49.87300", "2011-12-31": "-1.82600", "2010-12-31": "36.46400", "2009-12-31": "0.01200", "2008-12-31": "0.03800"}, "Income After Taxes": {"2019-12-31": "41.92500", "2018-12-31": "15.45700", "2017-12-31": "26.63900", "2016-12-31": "-108.17300", "2015-12-31": "-121.51000", "2014-12-31": "-225.90000", "2013-12-31": "-36.98200", "2012-12-31": "-209.44800", "2011-12-31": "-404.31600", "2010-12-31": "90.59500", "2009-12-31": "-52.82200", "2008-12-31": "-22.11500"}, "Other Income": {"2019-12-31": "", "2018-12-31": "", "2017-12-31": "", "2016-12-31": "", "2015-12-31": "", "2014-12-31": "", "2013-12-31": "", "2012-12-31": "", "2011-12-31": "", "2010-12-31": "", "2009-12-31": "", "2008-12-31": ""}, "Income From Continuous Operations": {"2019-12-31": "41.92500", "2018-12-31": "15.45700", "2017-12-31": "26.63900", "2016-12-31": "-108.17300", "2015-12-31": "-121.51000", "2014-12-31": "-225.90000", "2013-12-31": "-36.98200", "2012-12-31": "-209.44800", "2011-12-31": "-404.31600", "2010-12-31": "90.59500", "2009-12-31": "-52.82200", "2008-12-31": "-22.11500"}, "Income From Discontinued Operations": {"2019-12-31": "", "2018-12-31": "", "2017-12-31": "", "2016-12-31": "", "2015-12-31": "", "2014-12-31": "", "2013-12-31": "", "2012-12-31": "", "2011-12-31": "", "2010-12-31": "", "2009-12-31": "", "2008-12-31": ""}, "Net Income": {"2019-12-31": "41.92500", "2018-12-31": "15.45700", "2017-12-31": "26.63900", "2016-12-31": "-108.17300", "2015-12-31": "-121.51000", "2014-12-31": "-225.90000", "2013-12-31": "-36.98200", "2012-12-31": "-209.44800", "2011-12-31": "-404.31600", "2010-12-31": "27.89500", "2009-12-31": "-52.82200", "2008-12-31": "-22.11500"}, "EBITDA": {"2019-12-31": "-192.75490", "2018-12-31": "48.81910", "2017-12-31": "56.01800", "2016-12-31": "-51.80200", "2015-12-31": "-91.74100", "2014-12-31": "-161.84700", "2013-12-31": "73.63290", "2012-12-31": "54.00090", "2011-12-31": "-310.20210", "2010-12-31": "164.95300", "2009-12-31": "-42.40600", "2008-12-31": "-19.67800"}, "EBIT": {"2019-12-31": "-272.20000", "2018-12-31": "6.76210", "2017-12-31": "25.72400", "2016-12-31": "-114.24900", "2015-12-31": "-146.05600", "2014-12-31": "-244.74100", "2013-12-31": "-65.63110", "2012-12-31": "-182.97110", "2011-12-31": "-405.61610", "2010-12-31": "125.47200", "2009-12-31": "-52.77800", "2008-12-31": "-22.58300"}, "Basic Shares Outstanding": {"2019-12-31": "938.70900", "2018-12-31": "862.46000", "2017-12-31": "869.06700", "2016-12-31": "878.82700", "2015-12-31": "913.51100", "2014-12-31": "874.50900", "2013-12-31": "799.79400", "2012-12-31": "741.17700", "2011-12-31": "288.59900", "2010-12-31": "223.88100", "2009-12-31": "171.75100", "2008-12-31": "119.99000"}, "Shares Outstanding": {"2019-12-31": "974.02000", "2018-12-31": "889.58400", "2017-12-31": "897.16500", "2016-12-31": "878.82700", "2015-12-31": "913.51100", "2014-12-31": "874.50900", "2013-12-31": "799.79400", "2012-12-31": "741.17700", "2011-12-31": "288.59900", "2010-12-31": "329.25600", "2009-12-31": "171.75100", "2008-12-31": "119.99000"}, "Basic EPS": {"2019-12-31": "0.04000", "2018-12-31": "0.02000", "2017-12-31": "0.03000", "2016-12-31": "-0.12000", "2015-12-31": "-0.13000", "2014-12-31": "-0.26000", "2013-12-31": "-0.05000", "2012-12-31": "-0.28000", "2011-12-31": "-1.40000", "2010-12-31": "0.12000", "2009-12-31": "-0.31000", "2008-12-31": "-0.18000"}, "EPS - Earnings Per Share": {"2019-12-31": "0.04000", "2018-12-31": "0.02000", "2017-12-31": "0.03000", "2016-12-31": "-0.12000", "2015-12-31": "-0.13000", "2014-12-31": "-0.26000", "2013-12-31": "-0.05000", "2012-12-31": "-0.28000", "2011-12-31": "-1.40000", "2010-12-31": "0.11000", "2009-12-31": "-0.31000", "2008-12-31": "-0.18000"}}, "income statement, quarterly": {"Revenue": {"2020-09-30": "503.33200", "2020-06-30": "451.68800", "2020-03-31": "403.76700", "2019-12-31": "404.46310", "2019-09-30": "345.29300", "2019-06-30": "306.50000", "2019-03-31": "265.40300", "2018-12-31": "248.68800", "2018-09-30": "233.24300", "2018-06-30": "217.04500", "2018-03-31": "208.23200", "2017-12-31": "233.28000", "2017-09-30": "224.59500", "2017-06-30": "209.23100", "2017-03-31": "194.28400", "2016-12-31": "190.54000", "2016-09-30": "182.42400", "2016-06-30": "181.73500", "2016-03-31": "186.72100", "2015-12-31": "185.76900", "2015-09-30": "195.73700", "2015-06-30": "199.91800", "2015-03-31": "183.29300", "2014-12-31": "192.54700", "2014-09-30": "176.61100", "2014-06-30": "153.23200", "2014-03-31": "168.02000", "2013-12-31": "176.36200", "2013-09-30": "202.58000", "2013-06-30": "230.73500", "2013-03-31": "263.58900", "2012-12-31": "311.16500", "2012-09-30": "316.63700", "2012-06-30": "332.49300", "2012-03-31": "320.97200", "2011-12-31": "311.23690", "2011-09-30": "306.82900", "2011-06-30": "279.14400", "2011-03-31": "242.89000", "2010-12-31": "195.75900", "2010-09-30": "170.67400", "2010-06-30": "130.09900", "2010-03-31": "100.92700", "2009-12-31": "", "2008-12-31": ""}, "Cost Of Goods Sold": {"2020-09-30": "235.94000", "2020-06-30": "179.20800", "2020-03-31": "146.20200", "2019-12-31": "141.71500", "2019-09-30": "133.85900", "2019-06-30": "126.87200", "2019-03-31": "121.64300", "2018-12-31": "82.84200", "2018-09-30": "78.59200", "2018-06-30": "74.18200", "2018-03-31": "69.04200", "2017-12-31": "64.01500", "2017-09-30": "65.90700", "2017-06-30": "64.17200", "2017-03-31": "64.87700", "2016-12-31": "62.62900", "2016-09-30": "62.67500", "2016-06-30": "56.10300", "2016-03-31": "57.13900", "2015-12-31": "63.39700", "2015-09-30": "57.18700", "2015-06-30": "57.77900", "2015-03-31": "57.62200", "2014-12-31": "55.49200", "2014-09-30": "53.28600", "2014-06-30": "51.28800", "2014-03-31": "53.50400", "2013-12-31": "58.87600", "2013-09-30": "59.01100", "2013-06-30": "61.07700", "2013-03-31": "69.39400", "2012-12-31": "77.05600", "2012-09-30": "90.15000", "2012-06-30": "94.84100", "2012-03-31": "90.12200", "2011-12-31": "104.13500", "2011-09-30": "80.17000", "2011-06-30": "78.07600", "2011-03-31": "67.66200", "2010-12-31": "51.61000", "2010-09-30": "49.90200", "2010-06-30": "41.63600", "2010-03-31": "32.91100", "2009-12-31": "", "2008-12-31": ""}, "Gross Profit": {"2020-09-30": "267.39200", "2020-06-30": "272.48000", "2020-03-31": "257.56500", "2019-12-31": "262.74810", "2019-09-30": "211.43400", "2019-06-30": "179.62800", "2019-03-31": "143.76000", "2018-12-31": "165.84610", "2018-09-30": "154.65100", "2018-06-30": "142.86300", "2018-03-31": "139.19000", "2017-12-31": "169.26500", "2017-09-30": "158.68800", "2017-06-30": "145.05900", "2017-03-31": "129.40700", "2016-12-31": "127.91100", "2016-09-30": "119.74900", "2016-06-30": "125.63200", "2016-03-31": "129.58200", "2015-12-31": "122.37200", "2015-09-30": "138.55000", "2015-06-30": "142.13900", "2015-03-31": "125.67100", "2014-12-31": "137.05490", "2014-09-30": "123.32500", "2014-06-30": "101.94400", "2014-03-31": "114.51600", "2013-12-31": "117.48600", "2013-09-30": "143.56900", "2013-06-30": "169.65800", "2013-03-31": "194.19500", "2012-12-31": "234.10900", "2012-09-30": "226.48700", "2012-06-30": "237.65200", "2012-03-31": "230.85000", "2011-12-31": "207.10190", "2011-09-30": "226.65900", "2011-06-30": "201.06800", "2011-03-31": "175.22800", "2010-12-31": "144.14900", "2010-09-30": "120.77200", "2010-06-30": "88.46300", "2010-03-31": "68.01600", "2009-12-31": "", "2008-12-31": ""}, "Research And Development Expenses": {"2020-09-30": "165.94700", "2020-06-30": "227.95200", "2020-03-31": "197.84500", "2019-12-31": "104.42800", "2019-09-30": "137.48700", "2019-06-30": "102.09400", "2019-03-31": "161.88000", "2018-12-31": "70.98300", "2018-09-30": "71.12400", "2018-06-30": "67.39100", "2018-03-31": "60.82500", "2017-12-31": "61.22900", "2017-09-30": "60.96600", "2017-06-30": "64.61500", "2017-03-31": "69.20200", "2016-12-31": "92.41700", "2016-09-30": "73.91300", "2016-06-30": "66.23300", "2016-03-31": "87.73700", "2015-12-31": "85.09900", "2015-09-30": "78.41600", "2015-06-30": "90.89600", "2015-03-31": "107.52000", "2014-12-31": "105.13400", "2014-09-30": "100.11300", "2014-06-30": "93.72200", "2014-03-31": "97.58400", "2013-12-31": "78.47500", "2013-09-30": "81.02300", "2013-06-30": "124.32200", "2013-03-31": "129.18100", "2012-12-31": "131.84700", "2012-09-30": "155.60900", "2012-06-30": "171.31600", "2012-03-31": "186.87600", "2011-12-31": "444.70200", "2011-09-30": "114.80900", "2011-06-30": "95.74700", "2011-03-31": "71.76000", "2010-12-31": "51.50000", "2010-09-30": "39.78200", "2010-06-30": "30.38600", "2010-03-31": "27.85100", "2009-12-31": "", "2008-12-31": ""}, "SG&A Expenses": {"2020-09-30": "223.08000", "2020-06-30": "173.84700", "2020-03-31": "151.37400", "2019-12-31": "153.98800", "2019-09-30": "147.61000", "2019-06-30": "138.76800", "2019-03-31": "123.51500", "2018-12-31": "94.14200", "2018-09-30": "78.75700", "2018-06-30": "78.45800", "2018-03-31": "74.10800", "2017-12-31": "98.97600", "2017-09-30": "77.77000", "2017-06-30": "74.75200", "2017-03-31": "69.18500", "2016-12-31": "69.95500", "2016-09-30": "71.45800", "2016-06-30": "66.00500", "2016-03-31": "68.72800", "2015-12-31": "92.39900", "2015-09-30": "69.31400", "2015-06-30": "78.92400", "2015-03-31": "72.22000", "2014-12-31": "80.85900", "2014-09-30": "82.54100", "2014-06-30": "74.43900", "2014-03-31": "87.18900", "2013-12-31": "66.48800", "2013-09-30": "55.18200", "2013-06-30": "75.70400", "2013-03-31": "69.94700", "2012-12-31": "64.65200", "2012-09-30": "71.93900", "2012-06-30": "104.78500", "2012-03-31": "129.55200", "2011-12-31": "248.96100", "2011-09-30": "80.11200", "2011-06-30": "92.31600", "2011-03-31": "67.26600", "2010-12-31": "21.19000", "2010-09-30": "46.71400", "2010-06-30": "44.66000", "2010-03-31": "33.85000", "2009-12-31": "", "2008-12-31": ""}, "Other Operating Income Or Expenses": {"2020-09-30": "", "2020-06-30": "", "2020-03-31": "", "2019-12-31": "", "2019-09-30": "", "2019-06-30": "", "2019-03-31": "", "2018-12-31": "", "2018-09-30": "", "2018-06-30": "", "2018-03-31": "", "2017-12-31": "", "2017-09-30": "", "2017-06-30": "", "2017-03-31": "", "2016-12-31": "", "2016-09-30": "", "2016-06-30": "", "2016-03-31": "", "2015-12-31": "", "2015-09-30": "", "2015-06-30": "", "2015-03-31": "", "2014-12-31": "", "2014-09-30": "", "2014-06-30": "", "2014-03-31": "", "2013-12-31": "", "2013-09-30": "", "2013-06-30": "", "2013-03-31": "", "2012-12-31": "", "2012-09-30": "", "2012-06-30": "", "2012-03-31": "", "2011-12-31": "", "2011-09-30": "", "2011-06-30": "", "2011-03-31": "", "2010-12-31": "", "2010-09-30": "", "2010-06-30": "", "2010-03-31": "", "2009-12-31": "", "2008-12-31": ""}, "Operating Expenses": {"2020-09-30": "624.96700", "2020-06-30": "581.00700", "2020-03-31": "495.42100", "2019-12-31": "400.13100", "2019-09-30": "418.95600", "2019-06-30": "367.73400", "2019-03-31": "407.03800", "2018-12-31": "247.96690", "2018-09-30": "228.47300", "2018-06-30": "220.03100", "2018-03-31": "203.97500", "2017-12-31": "224.22000", "2017-09-30": "204.64300", "2017-06-30": "203.53900", "2017-03-31": "203.26400", "2016-12-31": "225.00090", "2016-09-30": "228.72300", "2016-06-30": "188.34100", "2016-03-31": "213.60400", "2015-12-31": "240.89500", "2015-09-30": "204.91700", "2015-06-30": "227.59900", "2015-03-31": "237.36200", "2014-12-31": "241.48500", "2014-09-30": "235.94000", "2014-06-30": "219.44900", "2014-03-31": "238.27700", "2013-12-31": "203.83910", "2013-09-30": "205.43300", "2013-06-30": "261.10300", "2013-03-31": "268.52200", "2012-12-31": "273.55500", "2012-09-30": "413.19100", "2012-06-30": "370.94200", "2012-03-31": "406.55000", "2011-12-31": "797.79800", "2011-09-30": "275.09100", "2011-06-30": "266.13900", "2011-03-31": "206.68800", "2010-12-31": "124.30000", "2010-09-30": "136.39800", "2010-06-30": "116.68200", "2010-03-31": "94.61200", "2009-12-31": "", "2008-12-31": ""}, "Operating Income": {"2020-09-30": "-121.63500", "2020-06-30": "-129.31900", "2020-03-31": "-91.65400", "2019-12-31": "4.33200", "2019-09-30": "-73.66300", "2019-06-30": "-61.23400", "2019-03-31": "-141.63500", "2018-12-31": "0.72120", "2018-09-30": "4.77000", "2018-06-30": "-2.98600", "2018-03-31": "4.25700", "2017-12-31": "9.06000", "2017-09-30": "19.95200", "2017-06-30": "5.69200", "2017-03-31": "-8.98000", "2016-12-31": "-34.46090", "2016-09-30": "-46.29900", "2016-06-30": "-6.60600", "2016-03-31": "-26.88300", "2015-12-31": "-55.12600", "2015-09-30": "-9.18000", "2015-06-30": "-27.68100", "2015-03-31": "-54.06900", "2014-12-31": "-48.93800", "2014-09-30": "-59.32900", "2014-06-30": "-66.21700", "2014-03-31": "-70.25700", "2013-12-31": "-27.47710", "2013-09-30": "-2.85300", "2013-06-30": "-30.36800", "2013-03-31": "-4.93300", "2012-12-31": "37.61000", "2012-09-30": "-96.55400", "2012-06-30": "-38.44900", "2012-03-31": "-85.57800", "2011-12-31": "-486.56100", "2011-09-30": "31.73800", "2011-06-30": "13.00500", "2011-03-31": "36.20200", "2010-12-31": "71.45900", "2010-09-30": "34.27600", "2010-06-30": "13.41700", "2010-03-31": "6.31500", "2009-12-31": "", "2008-12-31": ""}, "Total Non-Operating Income/Expense": {"2020-09-30": "-9.34400", "2020-06-30": "-2.79200", "2020-03-31": "-3.76000", "2019-12-31": "0.75500", "2019-09-30": "313.62600", "2019-06-30": "2.59900", "2019-03-31": "2.55500", "2018-12-31": "4.65000", "2018-09-30": "5.43500", "2018-06-30": "4.40500", "2018-03-31": "5.21100", "2017-12-31": "4.08000", "2017-09-30": "2.68300", "2017-06-30": "2.72300", "2017-03-31": "2.37300", "2016-12-31": "2.26700", "2016-09-30": "1.78000", "2016-06-30": "2.66600", "2016-03-31": "2.80500", "2015-12-31": "2.06600", "2015-09-30": "2.85100", "2015-06-30": "1.80400", "2015-03-31": "9.15300", "2014-12-31": "6.35900", "2014-09-30": "1.48800", "2014-06-30": "1.67200", "2014-03-31": "1.99500", "2013-12-31": "1.99400", "2013-09-30": "1.89400", "2013-06-30": "-3.42600", "2013-03-31": "0.30000", "2012-12-31": "0.11900", "2012-09-30": "0.79400", "2012-06-30": "22.33400", "2012-03-31": "0.14900", "2011-12-31": "-1.47600", "2011-09-30": "0.52500", "2011-06-30": "0.64300", "2011-03-31": "-0.21800", "2010-12-31": "1.07000", "2010-09-30": "", "2010-06-30": "", "2010-03-31": "0.51100", "2009-12-31": "", "2008-12-31": ""}, "Pre-Tax Income": {"2020-09-30": "-130.97900", "2020-06-30": "-132.11100", "2020-03-31": "-95.41400", "2019-12-31": "5.08700", "2019-09-30": "239.96300", "2019-06-30": "-58.63500", "2019-03-31": "-139.08000", "2018-12-31": "5.37100", "2018-09-30": "10.20500", "2018-06-30": "1.41900", "2018-03-31": "9.46800", "2017-12-31": "13.14000", "2017-09-30": "22.63500", "2017-06-30": "8.41500", "2017-03-31": "-6.60700", "2016-12-31": "-32.19400", "2016-09-30": "-44.51900", "2016-06-30": "-3.94000", "2016-03-31": "-24.07800", "2015-12-31": "-53.06000", "2015-09-30": "-6.32900", "2015-06-30": "-25.87700", "2015-03-31": "-44.91600", "2014-12-31": "-42.57900", "2014-09-30": "-57.84100", "2014-06-30": "-64.54500", "2014-03-31": "-68.26200", "2013-12-31": "-25.48300", "2013-09-30": "-0.95900", "2013-06-30": "-33.79400", "2013-03-31": "-4.63300", "2012-12-31": "37.72900", "2012-09-30": "-95.76000", "2012-06-30": "-16.11500", "2012-03-31": "-85.42900", "2011-12-31": "-488.03700", "2011-09-30": "32.26300", "2011-06-30": "13.64800", "2011-03-31": "35.98400", "2010-12-31": "72.55000", "2010-09-30": "34.27600", "2010-06-30": "13.41700", "2010-03-31": "6.82600", "2009-12-31": "", "2008-12-31": ""}, "Income Taxes": {"2020-09-30": "-8.77300", "2020-06-30": "18.18900", "2020-03-31": "8.51100", "2019-12-31": "8.58700", "2019-09-30": "9.88000", "2019-06-30": "-2.80500", "2019-03-31": "-10.25200", "2018-12-31": "4.81200", "2018-09-30": "0.00500", "2018-06-30": "2.33000", "2018-03-31": "3.85900", "2017-12-31": "0.21100", "2017-09-30": "4.54400", "2017-06-30": "3.32200", "2017-03-31": "2.86700", "2016-12-31": "3.23800", "2016-09-30": "-2.78200", "2016-06-30": "0.50600", "2016-03-31": "2.48000", "2015-12-31": "-1.86200", "2015-09-30": "-9.38100", "2015-06-30": "0.99100", "2015-03-31": "1.58000", "2014-12-31": "2.54700", "2014-09-30": "-0.78300", "2014-06-30": "-2.01200", "2014-03-31": "-7.07900", "2013-12-31": "-0.24100", "2013-09-30": "-0.89100", "2013-06-30": "-17.98900", "2013-03-31": "-8.76600", "2012-12-31": "86.29000", "2012-09-30": "-43.03500", "2012-06-30": "6.69600", "2012-03-31": "-0.07800", "2011-12-31": "-53.03200", "2011-09-30": "19.72300", "2011-06-30": "12.25700", "2011-03-31": "19.22600", "2010-12-31": "36.07000", "2010-09-30": "", "2010-06-30": "", "2010-03-31": "0.39100", "2009-12-31": "", "2008-12-31": ""}, "Income After Taxes": {"2020-09-30": "-122.20600", "2020-06-30": "-150.30000", "2020-03-31": "-103.92500", "2019-12-31": "-3.50000", "2019-09-30": "230.08300", "2019-06-30": "-55.83000", "2019-03-31": "-128.82800", "2018-12-31": "0.55900", "2018-09-30": "10.20000", "2018-06-30": "-0.91100", "2018-03-31": "5.60900", "2017-12-31": "12.92900", "2017-09-30": "18.09100", "2017-06-30": "5.09300", "2017-03-31": "-9.47400", "2016-12-31": "-35.43200", "2016-09-30": "-41.73700", "2016-06-30": "-4.44600", "2016-03-31": "-26.55800", "2015-12-31": "-51.19800", "2015-09-30": "3.05200", "2015-06-30": "-26.86800", "2015-03-31": "-46.49600", "2014-12-31": "-45.12600", "2014-09-30": "-57.05800", "2014-06-30": "-62.53300", "2014-03-31": "-61.18300", "2013-12-31": "-25.24200", "2013-09-30": "-0.06800", "2013-06-30": "-15.80500", "2013-03-31": "4.13300", "2012-12-31": "-48.56100", "2012-09-30": "-52.72500", "2012-06-30": "-22.81100", "2012-03-31": "-85.35100", "2011-12-31": "-435.00500", "2011-09-30": "12.54000", "2011-06-30": "1.39100", "2011-03-31": "16.75800", "2010-12-31": "36.48000", "2010-09-30": "34.27600", "2010-06-30": "13.41700", "2010-03-31": "6.43500", "2009-12-31": "", "2008-12-31": ""}, "Other Income": {"2020-09-30": "", "2020-06-30": "", "2020-03-31": "", "2019-12-31": "", "2019-09-30": "", "2019-06-30": "", "2019-03-31": "", "2018-12-31": "", "2018-09-30": "", "2018-06-30": "", "2018-03-31": "", "2017-12-31": "", "2017-09-30": "", "2017-06-30": "", "2017-03-31": "", "2016-12-31": "", "2016-09-30": "", "2016-06-30": "", "2016-03-31": "", "2015-12-31": "", "2015-09-30": "", "2015-06-30": "", "2015-03-31": "", "2014-12-31": "", "2014-09-30": "", "2014-06-30": "", "2014-03-31": "", "2013-12-31": "", "2013-09-30": "", "2013-06-30": "", "2013-03-31": "", "2012-12-31": "", "2012-09-30": "", "2012-06-30": "", "2012-03-31": "", "2011-12-31": "", "2011-09-30": "", "2011-06-30": "", "2011-03-31": "", "2010-12-31": "0.00000", "2010-09-30": "", "2010-06-30": "", "2010-03-31": "", "2009-12-31": "", "2008-12-31": ""}, "Income From Continuous Operations": {"2020-09-30": "-122.20600", "2020-06-30": "-150.30000", "2020-03-31": "-103.92500", "2019-12-31": "-3.50000", "2019-09-30": "230.08300", "2019-06-30": "-55.83000", "2019-03-31": "-128.82800", "2018-12-31": "0.55900", "2018-09-30": "10.20000", "2018-06-30": "-0.91100", "2018-03-31": "5.60900", "2017-12-31": "12.92900", "2017-09-30": "18.09100", "2017-06-30": "5.09300", "2017-03-31": "-9.47400", "2016-12-31": "-35.43200", "2016-09-30": "-41.73700", "2016-06-30": "-4.44600", "2016-03-31": "-26.55800", "2015-12-31": "-51.19800", "2015-09-30": "3.05200", "2015-06-30": "-26.86800", "2015-03-31": "-46.49600", "2014-12-31": "-45.12600", "2014-09-30": "-57.05800", "2014-06-30": "-62.53300", "2014-03-31": "-61.18300", "2013-12-31": "-25.24200", "2013-09-30": "-0.06800", "2013-06-30": "-15.80500", "2013-03-31": "4.13300", "2012-12-31": "-48.56100", "2012-09-30": "-52.72500", "2012-06-30": "-22.81100", "2012-03-31": "-85.35100", "2011-12-31": "-435.00500", "2011-09-30": "12.54000", "2011-06-30": "1.39100", "2011-03-31": "16.75800", "2010-12-31": "42.99200", "2010-09-30": "34.27600", "2010-06-30": "13.41700", "2010-03-31": "6.43500", "2009-12-31": "", "2008-12-31": ""}, "Income From Discontinued Operations": {"2020-09-30": "", "2020-06-30": "", "2020-03-31": "", "2019-12-31": "", "2019-09-30": "", "2019-06-30": "", "2019-03-31": "", "2018-12-31": "", "2018-09-30": "", "2018-06-30": "", "2018-03-31": "", "2017-12-31": "", "2017-09-30": "", "2017-06-30": "", "2017-03-31": "", "2016-12-31": "", "2016-09-30": "", "2016-06-30": "", "2016-03-31": "", "2015-12-31": "", "2015-09-30": "", "2015-06-30": "", "2015-03-31": "", "2014-12-31": "", "2014-09-30": "", "2014-06-30": "", "2014-03-31": "", "2013-12-31": "", "2013-09-30": "", "2013-06-30": "", "2013-03-31": "", "2012-12-31": "", "2012-09-30": "", "2012-06-30": "", "2012-03-31": "", "2011-12-31": "", "2011-09-30": "", "2011-06-30": "", "2011-03-31": "", "2010-12-31": "0.00000", "2010-09-30": "", "2010-06-30": "", "2010-03-31": "", "2009-12-31": "", "2008-12-31": ""}, "Net Income": {"2020-09-30": "-122.20600", "2020-06-30": "-150.30000", "2020-03-31": "-103.92500", "2019-12-31": "-3.50000", "2019-09-30": "230.08300", "2019-06-30": "-55.83000", "2019-03-31": "-128.82800", "2018-12-31": "0.55900", "2018-09-30": "10.20000", "2018-06-30": "-0.91100", "2018-03-31": "5.60900", "2017-12-31": "12.92900", "2017-09-30": "18.09100", "2017-06-30": "5.09300", "2017-03-31": "-9.47400", "2016-12-31": "-35.43200", "2016-09-30": "-41.73700", "2016-06-30": "-4.44600", "2016-03-31": "-26.55800", "2015-12-31": "-51.19800", "2015-09-30": "3.05200", "2015-06-30": "-26.86800", "2015-03-31": "-46.49600", "2014-12-31": "-45.12600", "2014-09-30": "-57.05800", "2014-06-30": "-62.53300", "2014-03-31": "-61.18300", "2013-12-31": "-25.24200", "2013-09-30": "-0.06800", "2013-06-30": "-15.80500", "2013-03-31": "4.13300", "2012-12-31": "-48.56100", "2012-09-30": "-52.72500", "2012-06-30": "-22.81100", "2012-03-31": "-85.35100", "2011-12-31": "-407.04900", "2011-09-30": "0.00000", "2011-06-30": "1.39100", "2011-03-31": "1.34200", "2010-12-31": "42.99200", "2010-09-30": "27.21700", "2010-06-30": "13.95100", "2010-03-31": "2.27000", "2009-12-31": "", "2008-12-31": ""}, "EBITDA": {"2020-09-30": "-72.44300", "2020-06-30": "-110.28600", "2020-03-31": "-72.79200", "2019-12-31": "23.95900", "2019-09-30": "-54.59400", "2019-06-30": "-41.56500", "2019-03-31": "-120.55500", "2018-12-31": "13.41520", "2018-09-30": "17.22400", "2018-06-30": "6.19200", "2018-03-31": "11.98800", "2017-12-31": "15.46500", "2017-09-30": "27.56200", "2017-06-30": "13.09000", "2017-03-31": "-0.09900", "2016-12-31": "-24.84890", "2016-09-30": "-15.11100", "2016-06-30": "4.22900", "2016-03-31": "-16.07100", "2015-12-31": "-43.16000", "2015-09-30": "2.10700", "2015-06-30": "-14.34100", "2015-03-31": "-36.34700", "2014-12-31": "-30.59700", "2014-09-30": "-40.04600", "2014-06-30": "-46.29100", "2014-03-31": "-44.91300", "2013-12-31": "4.66490", "2013-09-30": "41.35000", "2013-06-30": "0.49000", "2013-03-31": "27.12800", "2012-12-31": "71.04000", "2012-09-30": "38.38300", "2012-06-30": "0.75800", "2012-03-31": "-56.18000", "2011-12-31": "-455.29500", "2011-09-30": "54.67400", "2011-06-30": "36.37000", "2011-03-31": "54.04900", "2010-12-31": "84.59700", "2010-09-30": "45.56800", "2010-06-30": "21.92100", "2010-03-31": "12.86100", "2009-12-31": "", "2008-12-31": ""}, "EBIT": {"2020-09-30": "-121.63500", "2020-06-30": "-129.31900", "2020-03-31": "-91.65400", "2019-12-31": "4.33210", "2019-09-30": "-73.66300", "2019-06-30": "-61.23400", "2019-03-31": "-141.63500", "2018-12-31": "0.72110", "2018-09-30": "4.77000", "2018-06-30": "-2.98600", "2018-03-31": "4.25700", "2017-12-31": "9.06000", "2017-09-30": "19.95200", "2017-06-30": "5.69200", "2017-03-31": "-8.98000", "2016-12-31": "-34.46100", "2016-09-30": "-46.29900", "2016-06-30": "-6.60600", "2016-03-31": "-26.88300", "2015-12-31": "-55.12600", "2015-09-30": "-9.18000", "2015-06-30": "-27.68100", "2015-03-31": "-54.06900", "2014-12-31": "-48.93800", "2014-09-30": "-59.32900", "2014-06-30": "-66.21700", "2014-03-31": "-70.25700", "2013-12-31": "-27.47710", "2013-09-30": "-2.85300", "2013-06-30": "-30.36800", "2013-03-31": "-4.93300", "2012-12-31": "37.61000", "2012-09-30": "-96.55400", "2012-06-30": "-38.44900", "2012-03-31": "-85.57800", "2011-12-31": "-486.56110", "2011-09-30": "31.73800", "2011-06-30": "13.00500", "2011-03-31": "36.20200", "2010-12-31": "71.45900", "2010-09-30": "34.27600", "2010-06-30": "13.41700", "2010-03-31": "6.31500", "2009-12-31": "", "2008-12-31": ""}, "Basic Shares Outstanding": {"2020-09-30": "1076.68000", "2020-06-30": "956.85400", "2020-03-31": "952.50200", "2019-12-31": "938.70900", "2019-09-30": "943.35000", "2019-06-30": "937.33400", "2019-03-31": "926.23000", "2018-12-31": "862.46000", "2018-09-30": "860.98800", "2018-06-30": "858.66600", "2018-03-31": "869.62700", "2017-12-31": "869.06700", "2017-09-30": "867.37700", "2017-06-30": "863.12500", "2017-03-31": "875.71200", "2016-12-31": "878.82700", "2016-09-30": "882.40800", "2016-06-30": "873.39300", "2016-03-31": "871.09300", "2015-12-31": "913.51100", "2015-09-30": "921.11600", "2015-06-30": "911.69900", "2015-03-31": "898.34400", "2014-12-31": "874.50900", "2014-09-30": "884.02100", "2014-06-30": "872.78400", "2014-03-31": "850.14800", "2013-12-31": "799.79400", "2013-09-30": "804.12900", "2013-06-30": "793.54100", "2013-03-31": "779.94900", "2012-12-31": "741.17700", "2012-09-30": "754.86200", "2012-06-30": "730.51000", "2012-03-31": "707.69300", "2011-12-31": "288.59900", "2011-09-30": "271.51300", "2011-06-30": "262.66100", "2011-03-31": "258.16800", "2010-12-31": "252.88300", "2010-09-30": "", "2010-06-30": "", "2010-03-31": "201.69300", "2009-12-31": "", "2008-12-31": ""}, "Shares Outstanding": {"2020-09-30": "1076.68000", "2020-06-30": "956.85400", "2020-03-31": "952.50200", "2019-12-31": "974.02000", "2019-09-30": "973.83000", "2019-06-30": "937.33400", "2019-03-31": "926.23000", "2018-12-31": "889.58400", "2018-09-30": "887.22800", "2018-06-30": "858.66600", "2018-03-31": "893.77400", "2017-12-31": "897.16500", "2017-09-30": "893.68400", "2017-06-30": "887.99100", "2017-03-31": "875.71200", "2016-12-31": "878.82700", "2016-09-30": "882.40800", "2016-06-30": "873.39300", "2016-03-31": "871.09300", "2015-12-31": "913.51100", "2015-09-30": "940.03200", "2015-06-30": "911.69900", "2015-03-31": "898.34400", "2014-12-31": "874.50900", "2014-09-30": "884.02100", "2014-06-30": "872.78400", "2014-03-31": "850.14800", "2013-12-31": "799.79400", "2013-09-30": "804.12900", "2013-06-30": "793.54100", "2013-03-31": "827.52600", "2012-12-31": "741.17700", "2012-09-30": "754.86200", "2012-06-30": "730.51000", "2012-03-31": "707.69300", "2011-12-31": "288.59900", "2011-09-30": "271.51300", "2011-06-30": "262.66100", "2011-03-31": "358.31200", "2010-12-31": "359.76900", "2010-09-30": "", "2010-06-30": "", "2010-03-31": "308.23400", "2009-12-31": "", "2008-12-31": ""}, "Basic EPS": {"2020-09-30": "-0.11000", "2020-06-30": "-0.16000", "2020-03-31": "-0.11000", "2019-12-31": "0.00000", "2019-09-30": "0.24000", "2019-06-30": "-0.06000", "2019-03-31": "-0.14000", "2018-12-31": "", "2018-09-30": "0.01000", "2018-06-30": "0.00000", "2018-03-31": "0.01000", "2017-12-31": "0.01000", "2017-09-30": "0.02000", "2017-06-30": "0.01000", "2017-03-31": "-0.01000", "2016-12-31": "-0.03000", "2016-09-30": "-0.05000", "2016-06-30": "-0.01000", "2016-03-31": "-0.03000", "2015-12-31": "-0.05000", "2015-09-30": "0.00000", "2015-06-30": "-0.03000", "2015-03-31": "-0.05000", "2014-12-31": "-0.06000", "2014-09-30": "-0.06000", "2014-06-30": "-0.07000", "2014-03-31": "-0.07000", "2013-12-31": "-0.04000", "2013-09-30": "0.00000", "2013-06-30": "-0.02000", "2013-03-31": "0.01000", "2012-12-31": "-0.06000", "2012-09-30": "-0.07000", "2012-06-30": "-0.03000", "2012-03-31": "-0.12000", "2011-12-31": "-1.41000", "2011-09-30": "0.00000", "2011-06-30": "0.00000", "2011-03-31": "0.01000", "2010-12-31": "0.06000", "2010-09-30": "", "2010-06-30": "", "2010-03-31": "0.01000", "2009-12-31": "", "2008-12-31": ""}, "EPS - Earnings Per Share": {"2020-09-30": "-0.11000", "2020-06-30": "-0.16000", "2020-03-31": "-0.11000", "2019-12-31": "0.00000", "2019-09-30": "0.24000", "2019-06-30": "-0.06000", "2019-03-31": "-0.14000", "2018-12-31": "0.00000", "2018-09-30": "0.01000", "2018-06-30": "0.00000", "2018-03-31": "0.01000", "2017-12-31": "0.01000", "2017-09-30": "0.02000", "2017-06-30": "0.01000", "2017-03-31": "-0.01000", "2016-12-31": "-0.03000", "2016-09-30": "-0.05000", "2016-06-30": "-0.01000", "2016-03-31": "-0.03000", "2015-12-31": "-0.05000", "2015-09-30": "0.00000", "2015-06-30": "-0.03000", "2015-03-31": "-0.05000", "2014-12-31": "-0.06000", "2014-09-30": "-0.06000", "2014-06-30": "-0.07000", "2014-03-31": "-0.07000", "2013-12-31": "-0.03000", "2013-09-30": "0.00000", "2013-06-30": "-0.02000", "2013-03-31": "0.00000", "2012-12-31": "-0.06000", "2012-09-30": "-0.07000", "2012-06-30": "-0.03000", "2012-03-31": "-0.12000", "2011-12-31": "0.00000", "2011-09-30": "0.00000", "2011-06-30": "0.00000", "2011-03-31": "0.00000", "2010-12-31": "0.05000", "2010-09-30": "0.00000", "2010-06-30": "0.00000", "2010-03-31": "0.01000", "2009-12-31": "0.00000", "2008-12-31": "0.00000"}}, "balance sheet": {"Cash On Hand": {"2019-12-31": "1391.50200", "2018-12-31": "616.22800", "2017-12-31": "694.18300", "2016-12-31": "858.66600", "2015-12-31": "987.45900", "2014-12-31": "964.57100", "2013-12-31": "1128.98900", "2012-12-31": "1312.92200", "2011-12-31": "1811.35400", "2010-12-31": "740.91090", "2009-12-31": "200.61100", "2008-12-31": ""}, "Receivables": {"2019-12-31": "140.07800", "2018-12-31": "91.63000", "2017-12-31": "103.67700", "2016-12-31": "77.26000", "2015-12-31": "84.84300", "2014-12-31": "92.91500", "2013-12-31": "72.61000", "2012-12-31": "111.93400", "2011-12-31": "154.21600", "2010-12-31": "116.55100", "2009-12-31": "18.44700", "2008-12-31": ""}, "Inventory": {"2019-12-31": "", "2018-12-31": "", "2017-12-31": "", "2016-12-31": "", "2015-12-31": "", "2014-12-31": "", "2013-12-31": "", "2012-12-31": "", "2011-12-31": "", "2010-12-31": "", "2009-12-31": "", "2008-12-31": ""}, "Pre-Paid Expenses": {"2019-12-31": "27.53300", "2018-12-31": "26.91400", "2017-12-31": "24.25300", "2016-12-31": "22.95100", "2015-12-31": "", "2014-12-31": "", "2013-12-31": "", "2012-12-31": "", "2011-12-31": "", "2010-12-31": "", "2009-12-31": "", "2008-12-31": ""}, "Other Current Assets": {"2019-12-31": "16.55700", "2018-12-31": "12.50500", "2017-12-31": "8.83700", "2016-12-31": "6.59900", "2015-12-31": "39.98800", "2014-12-31": "22.68800", "2013-12-31": "23.50700", "2012-12-31": "29.39200", "2011-12-31": "34.82400", "2010-12-31": "24.35300", "2009-12-31": "3.08200", "2008-12-31": ""}, "Total Current Assets": {"2019-12-31": "1575.67000", "2018-12-31": "747.27700", "2017-12-31": "830.95000", "2016-12-31": "965.47600", "2015-12-31": "1112.29000", "2014-12-31": "1082.93900", "2013-12-31": "1241.39900", "2012-12-31": "1484.37000", "2011-12-31": "2023.90900", "2010-12-31": "906.21400", "2009-12-31": "222.14000", "2008-12-31": ""}, "Property, Plant, And Equipment": {"2019-12-31": "25.82600", "2018-12-31": "266.55700", "2017-12-31": "266.58900", "2016-12-31": "269.43900", "2015-12-31": "273.22100", "2014-12-31": "297.91900", "2013-12-31": "348.79300", "2012-12-31": "466.07400", "2011-12-31": "246.74000", "2010-12-31": "74.95900", "2009-12-31": "34.82700", "2008-12-31": ""}, "Long-Term Investments": {"2019-12-31": "175.30000", "2018-12-31": "", "2017-12-31": "", "2016-12-31": "", "2015-12-31": "", "2014-12-31": "231.38500", "2013-12-31": "416.47400", "2012-12-31": "367.54300", "2011-12-31": "110.09800", "2010-12-31": "", "2009-12-31": "", "2008-12-31": ""}, "Goodwill And Intangible Assets": {"2019-12-31": "1693.93800", "2018-12-31": "1052.78700", "2017-12-31": "794.72200", "2016-12-31": "638.76500", "2015-12-31": "721.68700", "2014-12-31": "717.63900", "2013-12-31": "246.27100", "2012-12-31": "242.61800", "2011-12-31": "123.87700", "2010-12-31": "104.21800", "2009-12-31": "1.04500", "2008-12-31": "0.00000"}, "Other Long-Term Assets": {"2019-12-31": "52.90800", "2018-12-31": "80.08200", "2017-12-31": "87.07200", "2016-12-31": "32.16900", "2015-12-31": "17.43200", "2014-12-31": "18.91100", "2013-12-31": "26.14800", "2012-12-31": "15.71500", "2011-12-31": "12.02200", "2010-12-31": "27.18100", "2009-12-31": "0.83600", "2008-12-31": ""}, "Total Long-Term Assets": {"2019-12-31": "2084.94400", "2018-12-31": "1399.42600", "2017-12-31": "1148.38300", "2016-12-31": "940.37300", "2015-12-31": "1012.34000", "2014-12-31": "1265.85400", "2013-12-31": "1037.68600", "2012-12-31": "1091.95000", "2011-12-31": "492.73700", "2010-12-31": "206.35800", "2009-12-31": "36.70800", "2008-12-31": ""}, "Total Assets": {"2019-12-31": "3660.61400", "2018-12-31": "2146.70300", "2017-12-31": "1979.33300", "2016-12-31": "1905.84900", "2015-12-31": "2124.63000", "2014-12-31": "2348.79300", "2013-12-31": "2279.08500", "2012-12-31": "2576.32000", "2011-12-31": "2516.64600", "2010-12-31": "1112.57200", "2009-12-31": "258.84800", "2008-12-31": "0.00000"}, "Total Current Liabilities": {"2019-12-31": "791.96800", "2018-12-31": "479.83400", "2017-12-31": "282.71100", "2016-12-31": "243.64000", "2015-12-31": "236.20600", "2014-12-31": "369.03800", "2013-12-31": "276.50200", "2012-12-31": "509.14500", "2011-12-31": "668.68500", "2010-12-31": "520.65000", "2009-12-31": "234.63600", "2008-12-31": ""}, "Long Term Debt": {"2019-12-31": "570.45600", "2018-12-31": "", "2017-12-31": "", "2016-12-31": "", "2015-12-31": "", "2014-12-31": "", "2013-12-31": "", "2012-12-31": "100.00000", "2011-12-31": "", "2010-12-31": "", "2009-12-31": "", "2008-12-31": ""}, "Other Non-Current Liabilities": {"2019-12-31": "158.41300", "2018-12-31": "52.58600", "2017-12-31": "48.91200", "2016-12-31": "75.59600", "2015-12-31": "95.29300", "2014-12-31": "74.85800", "2013-12-31": "122.06000", "2012-12-31": "109.04700", "2011-12-31": "61.22100", "2010-12-31": "38.81800", "2009-12-31": "", "2008-12-31": ""}, "Total Long Term Liabilities": {"2019-12-31": "893.21590", "2018-12-31": "70.25900", "2017-12-31": "55.38200", "2016-12-31": "81.54500", "2015-12-31": "101.52300", "2014-12-31": "84.06300", "2013-12-31": "125.31200", "2012-12-31": "241.67200", "2011-12-31": "98.42200", "2010-12-31": "109.70700", "2009-12-31": "45.69000", "2008-12-31": ""}, "Total Liabilities": {"2019-12-31": "1685.18400", "2018-12-31": "550.09300", "2017-12-31": "338.09300", "2016-12-31": "325.18500", "2015-12-31": "337.72900", "2014-12-31": "453.10100", "2013-12-31": "401.81400", "2012-12-31": "750.81700", "2011-12-31": "767.10700", "2010-12-31": "630.35700", "2009-12-31": "280.32600", "2008-12-31": "0.00000"}, "Common Stock Net": {"2019-12-31": "3898.69500", "2018-12-31": "3504.71300", "2017-12-31": "3426.50500", "2016-12-31": "3349.71400", "2015-12-31": "3234.55100", "2014-12-31": "3096.98200", "2013-12-31": "2823.74300", "2012-12-31": "2725.60500", "2011-12-31": "2426.16800", "2010-12-31": "0.00200", "2009-12-31": "0.00200", "2008-12-31": "0.00000"}, "Retained Earnings (Accumulated Deficit)": {"2019-12-31": "-1797.33000", "2018-12-31": "-1789.66400", "2017-12-31": "-1691.76800", "2016-12-31": "-1640.35600", "2015-12-31": "-1296.32000", "2014-12-31": "-1172.11500", "2013-12-31": "-945.42600", "2012-12-31": "-603.54200", "2011-12-31": "-394.09400", "2010-12-31": "10.22200", "2009-12-31": "-75.78300", "2008-12-31": ""}, "Comprehensive Income": {"2019-12-31": "-125.93500", "2018-12-31": "-118.43900", "2017-12-31": "-93.49700", "2016-12-31": "-128.69400", "2015-12-31": "-52.38800", "2014-12-31": "-29.17500", "2013-12-31": "-1.04600", "2012-12-31": "-1.44700", "2011-12-31": "0.36200", "2010-12-31": "0.11400", "2009-12-31": "0.02100", "2008-12-31": ""}, "Other Share Holders Equity": {"2019-12-31": "", "2018-12-31": "", "2017-12-31": "", "2016-12-31": "", "2015-12-31": "", "2014-12-31": "", "2013-12-31": "", "2012-12-31": "", "2011-12-31": "", "2010-12-31": "", "2009-12-31": "", "2008-12-31": "0.00000"}, "Share Holder Equity": {"2019-12-31": "1975.43000", "2018-12-31": "1596.61000", "2017-12-31": "1641.24000", "2016-12-31": "1580.66400", "2015-12-31": "1786.90100", "2014-12-31": "1895.69200", "2013-12-31": "1877.27100", "2012-12-31": "1825.50300", "2011-12-31": "1749.53900", "2010-12-31": "482.21500", "2009-12-31": "-21.47800", "2008-12-31": "0.00000"}, "Total Liabilities And Share Holders Equity": {"2019-12-31": "3660.61400", "2018-12-31": "2146.70300", "2017-12-31": "1979.33300", "2016-12-31": "1905.84900", "2015-12-31": "2124.63000", "2014-12-31": "2348.79300", "2013-12-31": "2279.08500", "2012-12-31": "2576.32000", "2011-12-31": "2516.64600", "2010-12-31": "1112.57200", "2009-12-31": "258.84800", "2008-12-31": "0.00000"}}, "balance sheet, quarterly": {"Cash On Hand": {"2020-09-30": "755.43100", "2020-06-30": "1586.22000", "2020-03-31": "1290.94000", "2019-12-31": "1391.50200", "2019-09-30": "1435.22800", "2019-06-30": "853.61400", "2019-03-31": "281.42500", "2018-12-31": "616.22800", "2018-09-30": "430.28700", "2018-06-30": "402.18500", "2018-03-31": "635.43800", "2017-12-31": "694.18300", "2017-09-30": "780.91100", "2017-06-30": "750.15700", "2017-03-31": "731.81900", "2016-12-31": "858.66600", "2016-09-30": "872.90190", "2016-06-30": "870.51900", "2016-03-31": "859.54300", "2015-12-31": "987.45900", "2015-09-30": "1069.93100", "2015-06-30": "1059.02200", "2015-03-31": "998.53800", "2014-12-31": "964.57100", "2014-09-30": "873.81200", "2014-06-30": "777.78800", "2014-03-31": "785.61700", "2013-12-31": "1128.98900", "2013-09-30": "1101.76900", "2013-06-30": "1118.81600", "2013-03-31": "1269.46800", "2012-12-31": "1312.92200", "2012-09-30": "1351.63900", "2012-06-30": "1245.53700", "2012-03-31": "1322.75700", "2011-12-31": "1811.35400", "2011-09-30": "929.76600", "2011-06-30": "953.30100", "2011-03-31": "1005.90300", "2010-12-31": "740.91090", "2010-09-30": "", "2010-06-30": "", "2010-03-31": "", "2009-12-31": "200.60000", "2008-12-31": ""}, "Receivables": {"2020-09-30": "233.76800", "2020-06-30": "184.38800", "2020-03-31": "166.06500", "2019-12-31": "140.07800", "2019-09-30": "149.50700", "2019-06-30": "144.93500", "2019-03-31": "147.95800", "2018-12-31": "91.63000", "2018-09-30": "107.11900", "2018-06-30": "99.97000", "2018-03-31": "92.76900", "2017-12-31": "103.67700", "2017-09-30": "89.64100", "2017-06-30": "85.47700", "2017-03-31": "86.50000", "2016-12-31": "77.26000", "2016-09-30": "73.36100", "2016-06-30": "67.02300", "2016-03-31": "77.03100", "2015-12-31": "84.84300", "2015-09-30": "92.23000", "2015-06-30": "87.58700", "2015-03-31": "84.02300", "2014-12-31": "92.91500", "2014-09-30": "90.30900", "2014-06-30": "92.22700", "2014-03-31": "83.31800", "2013-12-31": "72.61000", "2013-09-30": "72.64700", "2013-06-30": "79.39900", "2013-03-31": "98.16800", "2012-12-31": "111.93400", "2012-09-30": "112.36500", "2012-06-30": "122.41300", "2012-03-31": "153.17600", "2011-12-31": "154.21600", "2011-09-30": "123.43400", "2011-06-30": "117.85300", "2011-03-31": "123.68100", "2010-12-31": "116.55100", "2010-09-30": "", "2010-06-30": "", "2010-03-31": "", "2009-12-31": "18.44000", "2008-12-31": ""}, "Inventory": {"2020-09-30": "", "2020-06-30": "", "2020-03-31": "", "2019-12-31": "", "2019-09-30": "", "2019-06-30": "", "2019-03-31": "", "2018-12-31": "", "2018-09-30": "", "2018-06-30": "", "2018-03-31": "", "2017-12-31": "", "2017-09-30": "", "2017-06-30": "", "2017-03-31": "", "2016-12-31": "", "2016-09-30": "", "2016-06-30": "", "2016-03-31": "", "2015-12-31": "", "2015-09-30": "", "2015-06-30": "", "2015-03-31": "", "2014-12-31": "", "2014-09-30": "", "2014-06-30": "", "2014-03-31": "", "2013-12-31": "", "2013-09-30": "", "2013-06-30": "", "2013-03-31": "", "2012-12-31": "", "2012-09-30": "", "2012-06-30": "", "2012-03-31": "", "2011-12-31": "", "2011-09-30": "", "2011-06-30": "", "2011-03-31": "", "2010-12-31": "", "2010-09-30": "", "2010-06-30": "", "2010-03-31": "", "2009-12-31": "", "2008-12-31": ""}, "Pre-Paid Expenses": {"2020-09-30": "28.05200", "2020-06-30": "27.07700", "2020-03-31": "31.31100", "2019-12-31": "27.53300", "2019-09-30": "22.81700", "2019-06-30": "24.05400", "2019-03-31": "29.38400", "2018-12-31": "26.91400", "2018-09-30": "20.48300", "2018-06-30": "27.23900", "2018-03-31": "26.01200", "2017-12-31": "24.25300", "2017-09-30": "", "2017-06-30": "", "2017-03-31": "", "2016-12-31": "22.95100", "2016-09-30": "", "2016-06-30": "", "2016-03-31": "", "2015-12-31": "", "2015-09-30": "", "2015-06-30": "", "2015-03-31": "", "2014-12-31": "", "2014-09-30": "", "2014-06-30": "", "2014-03-31": "", "2013-12-31": "", "2013-09-30": "", "2013-06-30": "", "2013-03-31": "", "2012-12-31": "", "2012-09-30": "", "2012-06-30": "", "2012-03-31": "", "2011-12-31": "", "2011-09-30": "", "2011-06-30": "", "2011-03-31": "", "2010-12-31": "", "2010-09-30": "", "2010-06-30": "", "2010-03-31": "", "2009-12-31": "", "2008-12-31": ""}, "Other Current Assets": {"2020-09-30": "27.73500", "2020-06-30": "14.54400", "2020-03-31": "15.83000", "2019-12-31": "16.55700", "2019-09-30": "15.90700", "2019-06-30": "320.89400", "2019-03-31": "20.50600", "2018-12-31": "12.50500", "2018-09-30": "12.76400", "2018-06-30": "11.73600", "2018-03-31": "10.07300", "2017-12-31": "8.83700", "2017-09-30": "30.71800", "2017-06-30": "28.07800", "2017-03-31": "34.93600", "2016-12-31": "6.59900", "2016-09-30": "27.71800", "2016-06-30": "28.13500", "2016-03-31": "41.06500", "2015-12-31": "39.98800", "2015-09-30": "31.47500", "2015-06-30": "28.47200", "2015-03-31": "28.80000", "2014-12-31": "22.68800", "2014-09-30": "24.44300", "2014-06-30": "28.93800", "2014-03-31": "27.63900", "2013-12-31": "23.50700", "2013-09-30": "31.09000", "2013-06-30": "28.71400", "2013-03-31": "29.74200", "2012-12-31": "29.39200", "2012-09-30": "37.24500", "2012-06-30": "52.71400", "2012-03-31": "47.67400", "2011-12-31": "34.82400", "2011-09-30": "36.15800", "2011-06-30": "33.52300", "2011-03-31": "23.19000", "2010-12-31": "24.35300", "2010-09-30": "", "2010-06-30": "", "2010-03-31": "", "2009-12-31": "15.02500", "2008-12-31": ""}, "Total Current Assets": {"2020-09-30": "1044.98600", "2020-06-30": "1812.22900", "2020-03-31": "1504.14600", "2019-12-31": "1575.67000", "2019-09-30": "1623.45900", "2019-06-30": "1343.49700", "2019-03-31": "479.27300", "2018-12-31": "747.27700", "2018-09-30": "570.65300", "2018-06-30": "541.13000", "2018-03-31": "764.29200", "2017-12-31": "830.95000", "2017-09-30": "901.27000", "2017-06-30": "863.71200", "2017-03-31": "853.25500", "2016-12-31": "965.47600", "2016-09-30": "973.98100", "2016-06-30": "965.67700", "2016-03-31": "977.63900", "2015-12-31": "1112.29000", "2015-09-30": "1194.15600", "2015-06-30": "1176.02900", "2015-03-31": "1112.28500", "2014-12-31": "1082.93900", "2014-09-30": "992.36700", "2014-06-30": "902.65100", "2014-03-31": "910.97500", "2013-12-31": "1241.39900", "2013-09-30": "1221.99300", "2013-06-30": "1245.91000", "2013-03-31": "1424.01100", "2012-12-31": "1484.37000", "2012-09-30": "1535.30400", "2012-06-30": "1450.27200", "2012-03-31": "1545.40100", "2011-12-31": "2023.90900", "2011-09-30": "1113.86300", "2011-06-30": "1129.17400", "2011-03-31": "1177.25800", "2010-12-31": "906.21400", "2010-09-30": "", "2010-06-30": "", "2010-03-31": "", "2009-12-31": "222.14000", "2008-12-31": ""}, "Property, Plant, And Equipment": {"2020-09-30": "39.85900", "2020-06-30": "31.56700", "2020-03-31": "31.36200", "2019-12-31": "25.82600", "2019-09-30": "24.11800", "2019-06-30": "18.04300", "2019-03-31": "268.10100", "2018-12-31": "266.55700", "2018-09-30": "266.08500", "2018-06-30": "264.24500", "2018-03-31": "264.58000", "2017-12-31": "266.58900", "2017-09-30": "266.12100", "2017-06-30": "267.45300", "2017-03-31": "268.88400", "2016-12-31": "269.43900", "2016-09-30": "269.28500", "2016-06-30": "269.76900", "2016-03-31": "271.59000", "2015-12-31": "273.22100", "2015-09-30": "280.53500", "2015-06-30": "283.94600", "2015-03-31": "288.02700", "2014-12-31": "297.91900", "2014-09-30": "307.38700", "2014-06-30": "317.25800", "2014-03-31": "326.87900", "2013-12-31": "348.79300", "2013-09-30": "381.28300", "2013-06-30": "413.34400", "2013-03-31": "442.29300", "2012-12-31": "466.07400", "2012-09-30": "488.10900", "2012-06-30": "499.42600", "2012-03-31": "255.25100", "2011-12-31": "246.74000", "2011-09-30": "221.14500", "2011-06-30": "171.69700", "2011-03-31": "113.68600", "2010-12-31": "74.95900", "2010-09-30": "", "2010-06-30": "", "2010-03-31": "", "2009-12-31": "43.69000", "2008-12-31": ""}, "Long-Term Investments": {"2020-09-30": "2.54000", "2020-06-30": "15.35600", "2020-03-31": "173.30500", "2019-12-31": "175.30000", "2019-09-30": "66.01800", "2019-06-30": "2.00400", "2019-03-31": "5.97200", "2018-12-31": "", "2018-09-30": "", "2018-06-30": "", "2018-03-31": "", "2017-12-31": "", "2017-09-30": "", "2017-06-30": "", "2017-03-31": "", "2016-12-31": "", "2016-09-30": "", "2016-06-30": "", "2016-03-31": "", "2015-12-31": "", "2015-09-30": "4.51500", "2015-06-30": "40.10800", "2015-03-31": "148.41100", "2014-12-31": "231.38500", "2014-09-30": "319.11500", "2014-06-30": "421.97000", "2014-03-31": "354.92100", "2013-12-31": "416.47400", "2013-09-30": "425.71400", "2013-06-30": "417.65500", "2013-03-31": "402.72100", "2012-12-31": "367.54300", "2012-09-30": "325.26900", "2012-06-30": "426.24300", "2012-03-31": "458.73100", "2011-12-31": "110.09800", "2011-09-30": "0.70600", "2011-06-30": "15.21400", "2011-03-31": "", "2010-12-31": "", "2010-09-30": "", "2010-06-30": "", "2010-03-31": "", "2009-12-31": "", "2008-12-31": ""}, "Goodwill And Intangible Assets": {"2020-09-30": "3761.74200", "2020-06-30": "1650.64200", "2020-03-31": "1652.06300", "2019-12-31": "1693.93800", "2019-09-30": "1685.19900", "2019-06-30": "1730.81900", "2019-03-31": "1756.51100", "2018-12-31": "1052.78700", "2018-09-30": "1075.58100", "2018-06-30": "1086.43000", "2018-03-31": "811.62200", "2017-12-31": "794.72200", "2017-09-30": "701.38790", "2017-06-30": "686.57700", "2017-03-31": "680.49400", "2016-12-31": "638.76500", "2016-09-30": "666.22200", "2016-06-30": "678.02300", "2016-03-31": "710.84200", "2015-12-31": "721.68700", "2015-09-30": "739.69200", "2015-06-30": "710.58200", "2015-03-31": "691.18900", "2014-12-31": "717.63900", "2014-09-30": "751.80300", "2014-06-30": "779.70700", "2014-03-31": "774.03400", "2013-12-31": "246.27100", "2013-09-30": "248.04300", "2013-06-30": "261.88600", "2013-03-31": "238.38400", "2012-12-31": "242.61800", "2012-09-30": "249.30100", "2012-06-30": "341.14500", "2012-03-31": "339.22200", "2011-12-31": "123.87700", "2011-09-30": "131.63200", "2011-06-30": "117.84800", "2011-03-31": "109.92400", "2010-12-31": "104.21800", "2010-09-30": "0.00000", "2010-06-30": "0.00000", "2010-03-31": "0.00000", "2009-12-31": "1.04500", "2008-12-31": "0.00000"}, "Other Long-Term Assets": {"2020-09-30": "167.50200", "2020-06-30": "45.12200", "2020-03-31": "49.24000", "2019-12-31": "52.90800", "2019-09-30": "40.17200", "2019-06-30": "72.64000", "2019-03-31": "123.22700", "2018-12-31": "80.08200", "2018-09-30": "107.10800", "2018-06-30": "94.06800", "2018-03-31": "78.51700", "2017-12-31": "87.07200", "2017-09-30": "59.52300", "2017-06-30": "39.65100", "2017-03-31": "29.45500", "2016-12-31": "32.16900", "2016-09-30": "31.07100", "2016-06-30": "30.94400", "2016-03-31": "17.54800", "2015-12-31": "17.43200", "2015-09-30": "18.88600", "2015-06-30": "17.97600", "2015-03-31": "16.11700", "2014-12-31": "18.91100", "2014-09-30": "20.70400", "2014-06-30": "21.02100", "2014-03-31": "67.33900", "2013-12-31": "26.14800", "2013-09-30": "22.75400", "2013-06-30": "17.06400", "2013-03-31": "15.42700", "2012-12-31": "15.71500", "2012-09-30": "7.51500", "2012-06-30": "7.65700", "2012-03-31": "7.34100", "2011-12-31": "12.02200", "2011-09-30": "44.30600", "2011-06-30": "55.54700", "2011-03-31": "24.96400", "2010-12-31": "27.18100", "2010-09-30": "", "2010-06-30": "", "2010-03-31": "", "2009-12-31": "0.83600", "2008-12-31": ""}, "Total Long-Term Assets": {"2020-09-30": "4106.26100", "2020-06-30": "1871.37300", "2020-03-31": "2038.27500", "2019-12-31": "2084.94400", "2019-09-30": "1954.55500", "2019-06-30": "1840.75500", "2019-03-31": "2172.85300", "2018-12-31": "1399.42600", "2018-09-30": "1448.77400", "2018-06-30": "1444.74300", "2018-03-31": "1154.71900", "2017-12-31": "1148.38300", "2017-09-30": "1027.03200", "2017-06-30": "993.68100", "2017-03-31": "978.83290", "2016-12-31": "940.37300", "2016-09-30": "966.57810", "2016-06-30": "978.73600", "2016-03-31": "999.98000", "2015-12-31": "1012.34000", "2015-09-30": "1043.62800", "2015-06-30": "1052.61200", "2015-03-31": "1143.74400", "2014-12-31": "1265.85400", "2014-09-30": "1399.00900", "2014-06-30": "1539.95600", "2014-03-31": "1523.17300", "2013-12-31": "1037.68600", "2013-09-30": "1077.79400", "2013-06-30": "1109.94900", "2013-03-31": "1098.82500", "2012-12-31": "1091.95000", "2012-09-30": "1070.19400", "2012-06-30": "1274.47100", "2012-03-31": "1060.54500", "2011-12-31": "492.73700", "2011-09-30": "397.78900", "2011-06-30": "360.30600", "2011-03-31": "248.57400", "2010-12-31": "206.35800", "2010-09-30": "", "2010-06-30": "", "2010-03-31": "", "2009-12-31": "45.57100", "2008-12-31": ""}, "Total Assets": {"2020-09-30": "5151.24700", "2020-06-30": "3683.60200", "2020-03-31": "3542.42100", "2019-12-31": "3660.61400", "2019-09-30": "3578.01400", "2019-06-30": "3184.25200", "2019-03-31": "2652.12600", "2018-12-31": "2146.70300", "2018-09-30": "2019.42700", "2018-06-30": "1985.87300", "2018-03-31": "1919.01100", "2017-12-31": "1979.33300", "2017-09-30": "1928.30200", "2017-06-30": "1857.39300", "2017-03-31": "1832.08800", "2016-12-31": "1905.84900", "2016-09-30": "1940.55900", "2016-06-30": "1944.41300", "2016-03-31": "1977.61900", "2015-12-31": "2124.63000", "2015-09-30": "2237.78400", "2015-06-30": "2228.64100", "2015-03-31": "2256.02900", "2014-12-31": "2348.79300", "2014-09-30": "2391.37600", "2014-06-30": "2442.60700", "2014-03-31": "2434.14800", "2013-12-31": "2279.08500", "2013-09-30": "2299.78700", "2013-06-30": "2355.85900", "2013-03-31": "2522.83600", "2012-12-31": "2576.32000", "2012-09-30": "2605.49800", "2012-06-30": "2724.74300", "2012-03-31": "2605.94600", "2011-12-31": "2516.64600", "2011-09-30": "1511.65200", "2011-06-30": "1489.48000", "2011-03-31": "1425.83200", "2010-12-31": "1112.57200", "2010-09-30": "0.00000", "2010-06-30": "0.00000", "2010-03-31": "0.00000", "2009-12-31": "258.84000", "2008-12-31": "0.00000"}, "Total Current Liabilities": {"2020-09-30": "1154.73200", "2020-06-30": "983.76800", "2020-03-31": "797.83800", "2019-12-31": "791.96800", "2019-09-30": "764.78300", "2019-06-30": "675.19900", "2019-03-31": "672.79900", "2018-12-31": "479.83400", "2018-09-30": "302.93000", "2018-06-30": "269.68300", "2018-03-31": "232.87100", "2017-12-31": "282.71100", "2017-09-30": "242.16000", "2017-06-30": "250.92200", "2017-03-31": "241.02500", "2016-12-31": "243.64000", "2016-09-30": "211.82000", "2016-06-30": "190.86400", "2016-03-31": "198.42500", "2015-12-31": "236.20600", "2015-09-30": "219.55800", "2015-06-30": "248.67900", "2015-03-31": "301.08300", "2014-12-31": "369.03800", "2014-09-30": "368.08300", "2014-06-30": "352.01600", "2014-03-31": "274.42100", "2013-12-31": "276.50200", "2013-09-30": "311.34300", "2013-06-30": "373.18800", "2013-03-31": "430.87100", "2012-12-31": "509.14500", "2012-09-30": "573.72900", "2012-06-30": "647.57300", "2012-03-31": "704.51400", "2011-12-31": "668.68500", "2011-09-30": "609.37600", "2011-06-30": "625.74600", "2011-03-31": "568.87000", "2010-12-31": "520.65000", "2010-09-30": "", "2010-06-30": "", "2010-03-31": "", "2009-12-31": "234.63000", "2008-12-31": ""}, "Long Term Debt": {"2020-09-30": "589.27700", "2020-06-30": "582.93900", "2020-03-31": "576.66600", "2019-12-31": "570.45600", "2019-09-30": "564.30900", "2019-06-30": "558.39400", "2019-03-31": "", "2018-12-31": "", "2018-09-30": "", "2018-06-30": "", "2018-03-31": "", "2017-12-31": "", "2017-09-30": "", "2017-06-30": "", "2017-03-31": "", "2016-12-31": "", "2016-09-30": "", "2016-06-30": "", "2016-03-31": "", "2015-12-31": "", "2015-09-30": "", "2015-06-30": "", "2015-03-31": "", "2014-12-31": "", "2014-09-30": "", "2014-06-30": "", "2014-03-31": "", "2013-12-31": "", "2013-09-30": "", "2013-06-30": "", "2013-03-31": "100.00000", "2012-12-31": "100.00000", "2012-09-30": "100.00000", "2012-06-30": "100.00000", "2012-03-31": "", "2011-12-31": "", "2011-09-30": "", "2011-06-30": "", "2011-03-31": "", "2010-12-31": "", "2010-09-30": "", "2010-06-30": "", "2010-03-31": "", "2009-12-31": "", "2008-12-31": ""}, "Other Non-Current Liabilities": {"2020-09-30": "343.05600", "2020-06-30": "213.43800", "2020-03-31": "145.56600", "2019-12-31": "158.41300", "2019-09-30": "149.42400", "2019-06-30": "187.21200", "2019-03-31": "181.36700", "2018-12-31": "52.58600", "2018-09-30": "79.45600", "2018-06-30": "93.23900", "2018-03-31": "34.06700", "2017-12-31": "48.91200", "2017-09-30": "48.90700", "2017-06-30": "23.21300", "2017-03-31": "24.45900", "2016-12-31": "75.59600", "2016-09-30": "76.39100", "2016-06-30": "79.53100", "2016-03-31": "95.92800", "2015-12-31": "95.29300", "2015-09-30": "91.00700", "2015-06-30": "70.58100", "2015-03-31": "73.95900", "2014-12-31": "74.85800", "2014-09-30": "78.63900", "2014-06-30": "105.76100", "2014-03-31": "145.79700", "2013-12-31": "122.06000", "2013-09-30": "112.51700", "2013-06-30": "112.81000", "2013-03-31": "105.30300", "2012-12-31": "109.04700", "2012-09-30": "57.84500", "2012-06-30": "48.86600", "2012-03-31": "62.50800", "2011-12-31": "61.22100", "2011-09-30": "70.18800", "2011-06-30": "55.32000", "2011-03-31": "48.06600", "2010-12-31": "38.81800", "2010-09-30": "", "2010-06-30": "", "2010-03-31": "", "2009-12-31": "", "2008-12-31": ""}, "Total Long Term Liabilities": {"2020-09-30": "1183.12900", "2020-06-30": "963.60100", "2020-03-31": "889.00400", "2019-12-31": "893.21590", "2019-09-30": "874.79610", "2019-06-30": "786.10190", "2019-03-31": "237.59800", "2018-12-31": "70.25900", "2018-09-30": "100.05900", "2018-06-30": "116.59600", "2018-03-31": "42.27500", "2017-12-31": "55.38200", "2017-09-30": "56.01400", "2017-06-30": "29.56400", "2017-03-31": "30.43500", "2016-12-31": "81.54500", "2016-09-30": "81.89400", "2016-06-30": "85.59300", "2016-03-31": "102.41600", "2015-12-31": "101.52300", "2015-09-30": "97.79700", "2015-06-30": "78.79300", "2015-03-31": "81.80800", "2014-12-31": "84.06300", "2014-09-30": "92.40900", "2014-06-30": "120.90700", "2014-03-31": "170.60600", "2013-12-31": "125.31200", "2013-09-30": "115.69000", "2013-06-30": "120.67100", "2013-03-31": "228.46500", "2012-12-31": "241.67200", "2012-09-30": "178.03700", "2012-06-30": "214.17000", "2012-03-31": "126.06200", "2011-12-31": "98.42200", "2011-09-30": "114.61300", "2011-06-30": "107.83800", "2011-03-31": "118.20800", "2010-12-31": "109.70700", "2010-09-30": "", "2010-06-30": "", "2010-03-31": "", "2009-12-31": "45.69000", "2008-12-31": ""}, "Total Liabilities": {"2020-09-30": "2337.86100", "2020-06-30": "1947.36900", "2020-03-31": "1686.84200", "2019-12-31": "1685.18400", "2019-09-30": "1639.57900", "2019-06-30": "1461.30100", "2019-03-31": "910.39700", "2018-12-31": "550.09300", "2018-09-30": "402.98900", "2018-06-30": "386.27900", "2018-03-31": "275.14600", "2017-12-31": "338.09300", "2017-09-30": "298.17400", "2017-06-30": "280.48600", "2017-03-31": "271.46000", "2016-12-31": "325.18500", "2016-09-30": "293.71400", "2016-06-30": "276.45700", "2016-03-31": "300.84100", "2015-12-31": "337.72900", "2015-09-30": "317.35500", "2015-06-30": "327.47200", "2015-03-31": "382.89100", "2014-12-31": "453.10100", "2014-09-30": "460.49200", "2014-06-30": "472.92300", "2014-03-31": "445.02700", "2013-12-31": "401.81400", "2013-09-30": "427.03300", "2013-06-30": "493.85900", "2013-03-31": "659.33600", "2012-12-31": "750.81700", "2012-09-30": "751.76600", "2012-06-30": "861.74300", "2012-03-31": "830.57600", "2011-12-31": "767.10700", "2011-09-30": "723.98900", "2011-06-30": "733.58400", "2011-03-31": "687.07800", "2010-12-31": "630.35700", "2010-09-30": "0.00000", "2010-06-30": "0.00000", "2010-03-31": "0.00000", "2009-12-31": "280.32000", "2008-12-31": "0.00000"}, "Common Stock Net": {"2020-09-30": "5137.36000", "2020-06-30": "3955.50100", "2020-03-31": "3927.96200", "2019-12-31": "3898.69500", "2019-09-30": "3873.71200", "2019-06-30": "3846.91900", "2019-03-31": "3782.69300", "2018-12-31": "3504.71300", "2018-09-30": "3485.66700", "2018-06-30": "3462.14200", "2018-03-31": "3443.92900", "2017-12-31": "3426.50500", "2017-09-30": "3410.81600", "2017-06-30": "3390.99600", "2017-03-31": "3373.98800", "2016-12-31": "3349.71400", "2016-09-30": "3323.82300", "2016-06-30": "3297.06600", "2016-03-31": "3270.31000", "2015-12-31": "3234.55100", "2015-09-30": "3206.62900", "2015-06-30": "3173.56000", "2015-03-31": "3143.28500", "2014-12-31": "3096.98200", "2014-09-30": "3062.18600", "2014-06-30": "3022.19300", "2014-03-31": "2991.95300", "2013-12-31": "2823.74300", "2013-09-30": "2793.28200", "2013-06-30": "2776.85400", "2013-03-31": "2762.75600", "2012-12-31": "2725.60500", "2012-09-30": "2692.82700", "2012-06-30": "2648.40000", "2012-03-31": "2537.10300", "2011-12-31": "2426.16800", "2011-09-30": "0.00200", "2011-06-30": "0.00200", "2011-03-31": "0.00200", "2010-12-31": "0.00200", "2010-09-30": "0.00000", "2010-06-30": "0.00000", "2010-03-31": "0.00000", "2009-12-31": "0.00200", "2008-12-31": "0.00000"}, "Retained Earnings (Accumulated Deficit)": {"2020-09-30": "-2217.09600", "2020-06-30": "-2081.06200", "2020-03-31": "-1916.49200", "2019-12-31": "-1797.33000", "2019-09-30": "-1782.66700", "2019-06-30": "-2001.94200", "2019-03-31": "-1929.50200", "2018-12-31": "-1789.66400", "2018-09-30": "-1766.01900", "2018-06-30": "-1762.43700", "2018-03-31": "-1729.67400", "2017-12-31": "-1691.76800", "2017-09-30": "-1689.46500", "2017-06-30": "-1702.40300", "2017-03-31": "-1690.17000", "2016-12-31": "-1640.35600", "2016-09-30": "-1570.42300", "2016-06-30": "-1528.59200", "2016-03-31": "-1421.82100", "2015-12-31": "-1296.32000", "2015-09-30": "-1244.78600", "2015-06-30": "-1247.70600", "2015-03-31": "-1218.79700", "2014-12-31": "-1172.11500", "2014-09-30": "-1126.79200", "2014-06-30": "-1069.63900", "2014-03-31": "-1006.91200", "2013-12-31": "-945.42600", "2013-09-30": "-913.11300", "2013-06-30": "-912.94300", "2013-03-31": "-897.02400", "2012-12-31": "-603.54200", "2012-09-30": "-554.98100", "2012-06-30": "-502.25600", "2012-03-31": "-479.44500", "2011-12-31": "-394.09400", "2011-09-30": "40.91100", "2011-06-30": "28.37100", "2011-03-31": "26.98000", "2010-12-31": "10.22200", "2010-09-30": "", "2010-06-30": "", "2010-03-31": "", "2009-12-31": "-75.78000", "2008-12-31": ""}, "Comprehensive Income": {"2020-09-30": "-106.87800", "2020-06-30": "-138.20600", "2020-03-31": "-155.89100", "2019-12-31": "-125.93500", "2019-09-30": "-152.61000", "2019-06-30": "-122.02600", "2019-03-31": "-111.46200", "2018-12-31": "-118.43900", "2018-09-30": "-103.21000", "2018-06-30": "-100.11100", "2018-03-31": "-70.39000", "2017-12-31": "-93.49700", "2017-09-30": "-91.22300", "2017-06-30": "-111.68600", "2017-03-31": "-123.19000", "2016-12-31": "-128.69400", "2016-09-30": "-106.55500", "2016-06-30": "-100.51800", "2016-03-31": "-69.58100", "2015-12-31": "-52.38800", "2015-09-30": "-41.41400", "2015-06-30": "-24.68500", "2015-03-31": "-51.35000", "2014-12-31": "-29.17500", "2014-09-30": "-4.51000", "2014-06-30": "17.13000", "2014-03-31": "4.08000", "2013-12-31": "-1.04600", "2013-09-30": "-0.54500", "2013-06-30": "-1.91100", "2013-03-31": "-2.23200", "2012-12-31": "-1.44700", "2012-09-30": "-0.80300", "2012-06-30": "0.11400", "2012-03-31": "0.63600", "2011-12-31": "0.36200", "2011-09-30": "0.54800", "2011-06-30": "-0.02600", "2011-03-31": "0.03700", "2010-12-31": "0.11400", "2010-09-30": "", "2010-06-30": "", "2010-03-31": "", "2009-12-31": "", "2008-12-31": ""}, "Other Share Holders Equity": {"2020-09-30": "", "2020-06-30": "", "2020-03-31": "", "2019-12-31": "", "2019-09-30": "", "2019-06-30": "", "2019-03-31": "", "2018-12-31": "", "2018-09-30": "", "2018-06-30": "", "2018-03-31": "", "2017-12-31": "", "2017-09-30": "", "2017-06-30": "", "2017-03-31": "", "2016-12-31": "", "2016-09-30": "", "2016-06-30": "", "2016-03-31": "", "2015-12-31": "", "2015-09-30": "", "2015-06-30": "", "2015-03-31": "", "2014-12-31": "", "2014-09-30": "", "2014-06-30": "", "2014-03-31": "", "2013-12-31": "", "2013-09-30": "", "2013-06-30": "", "2013-03-31": "", "2012-12-31": "", "2012-09-30": "", "2012-06-30": "", "2012-03-31": "", "2011-12-31": "", "2011-09-30": "", "2011-06-30": "", "2011-03-31": "", "2010-12-31": "", "2010-09-30": "0.00000", "2010-06-30": "0.00000", "2010-03-31": "0.00000", "2009-12-31": "0.02100", "2008-12-31": "0.00000"}, "Share Holder Equity": {"2020-09-30": "2813.38600", "2020-06-30": "1736.23300", "2020-03-31": "1855.57900", "2019-12-31": "1975.43000", "2019-09-30": "1938.43500", "2019-06-30": "1722.95100", "2019-03-31": "1741.72900", "2018-12-31": "1596.61000", "2018-09-30": "1616.43800", "2018-06-30": "1599.59400", "2018-03-31": "1643.86500", "2017-12-31": "1641.24000", "2017-09-30": "1630.12800", "2017-06-30": "1576.90700", "2017-03-31": "1560.62800", "2016-12-31": "1580.66400", "2016-09-30": "1646.84500", "2016-06-30": "1667.95600", "2016-03-31": "1676.77800", "2015-12-31": "1786.90100", "2015-09-30": "1920.42900", "2015-06-30": "1901.16900", "2015-03-31": "1873.13800", "2014-12-31": "1895.69200", "2014-09-30": "1930.88400", "2014-06-30": "1969.68400", "2014-03-31": "1989.12100", "2013-12-31": "1877.27100", "2013-09-30": "1872.75400", "2013-06-30": "1862.00000", "2013-03-31": "1863.50000", "2012-12-31": "1825.50300", "2012-09-30": "1853.73200", "2012-06-30": "1863.00000", "2012-03-31": "1775.37000", "2011-12-31": "1749.53900", "2011-09-30": "787.66300", "2011-06-30": "755.89600", "2011-03-31": "738.75400", "2010-12-31": "482.21500", "2010-09-30": "0.00000", "2010-06-30": "0.00000", "2010-03-31": "0.00000", "2009-12-31": "-21.47000", "2008-12-31": "0.00000"}, "Total Liabilities And Share Holders Equity": {"2020-09-30": "5151.24700", "2020-06-30": "3683.60200", "2020-03-31": "3542.42100", "2019-12-31": "3660.61400", "2019-09-30": "3578.01400", "2019-06-30": "3184.25200", "2019-03-31": "2652.12600", "2018-12-31": "2146.70300", "2018-09-30": "2019.42700", "2018-06-30": "1985.87300", "2018-03-31": "1919.01100", "2017-12-31": "1979.33300", "2017-09-30": "1928.30200", "2017-06-30": "1857.39300", "2017-03-31": "1832.08800", "2016-12-31": "1905.84900", "2016-09-30": "1940.55900", "2016-06-30": "1944.41300", "2016-03-31": "1977.61900", "2015-12-31": "2124.63000", "2015-09-30": "2237.78400", "2015-06-30": "2228.64100", "2015-03-31": "2256.02900", "2014-12-31": "2348.79300", "2014-09-30": "2391.37600", "2014-06-30": "2442.60700", "2014-03-31": "2434.14800", "2013-12-31": "2279.08500", "2013-09-30": "2299.78700", "2013-06-30": "2355.85900", "2013-03-31": "2522.83600", "2012-12-31": "2576.32000", "2012-09-30": "2605.49800", "2012-06-30": "2724.74300", "2012-03-31": "2605.94600", "2011-12-31": "2516.64600", "2011-09-30": "1511.65200", "2011-06-30": "1489.48000", "2011-03-31": "1425.83200", "2010-12-31": "1112.57200", "2010-09-30": "0.00000", "2010-06-30": "0.00000", "2010-03-31": "0.00000", "2009-12-31": "258.84800", "2008-12-31": "0.00000"}}, "cash flow statement": {"Net Income/Loss": {"2019-12-31": "41.92500", "2018-12-31": "15.45700", "2017-12-31": "26.63900", "2016-12-31": "-108.17300", "2015-12-31": "-121.51000", "2014-12-31": "-225.90000", "2013-12-31": "-36.98200", "2012-12-31": "-209.44800", "2011-12-31": "-404.31600", "2010-12-31": "90.59500", "2009-12-31": "-52.82200", "2008-12-31": "-22.11500"}, "Total Depreciation And Amortization - Cash Flow": {"2019-12-31": "79.44500", "2018-12-31": "42.05700", "2017-12-31": "30.29400", "2016-12-31": "62.44700", "2015-12-31": "54.31500", "2014-12-31": "82.89400", "2013-12-31": "139.26400", "2012-12-31": "236.97200", "2011-12-31": "95.41400", "2010-12-31": "39.48100", "2009-12-31": "10.37200", "2008-12-31": "2.90500"}, "Other Non-Cash Items": {"2019-12-31": "-230.26800", "2018-12-31": "60.91200", "2017-12-31": "67.42100", "2016-12-31": "105.82200", "2015-12-31": "119.03500", "2014-12-31": "126.70200", "2013-12-31": "91.34900", "2012-12-31": "236.04500", "2011-12-31": "620.65200", "2010-12-31": "-20.21300", "2009-12-31": "4.24400", "2008-12-31": "2.58100"}, "Total Non-Cash Items": {"2019-12-31": "-150.82300", "2018-12-31": "102.96900", "2017-12-31": "97.71500", "2016-12-31": "168.26900", "2015-12-31": "173.35000", "2014-12-31": "209.59600", "2013-12-31": "230.61300", "2012-12-31": "473.01700", "2011-12-31": "716.06600", "2010-12-31": "19.26800", "2009-12-31": "14.61600", "2008-12-31": "5.48600"}, "Change In Accounts Receivable": {"2019-12-31": "-22.54600", "2018-12-31": "22.62500", "2017-12-31": "-26.41700", "2016-12-31": "3.83400", "2015-12-31": "10.14800", "2014-12-31": "-16.48900", "2013-12-31": "40.80600", "2012-12-31": "34.33800", "2011-12-31": "-55.43200", "2010-12-31": "-69.51800", "2009-12-31": "-4.37600", "2008-12-31": "-2.78100"}, "Change In Inventories": {"2019-12-31": "", "2018-12-31": "", "2017-12-31": "", "2016-12-31": "", "2015-12-31": "", "2014-12-31": "", "2013-12-31": "", "2012-12-31": "", "2011-12-31": "", "2010-12-31": "", "2009-12-31": "", "2008-12-31": ""}, "Change In Accounts Payable": {"2019-12-31": "-1.00500", "2018-12-31": "-0.81000", "2017-12-31": "-3.66600", "2016-12-31": "-3.61300", "2015-12-31": "10.93400", "2014-12-31": "-6.39300", "2013-12-31": "-2.32500", "2012-12-31": "-21.31200", "2011-12-31": "10.37300", "2010-12-31": "10.62600", "2009-12-31": "16.21600", "2008-12-31": "4.88400"}, "Change In Assets/Liabilities": {"2019-12-31": "405.45300", "2018-12-31": "30.11500", "2017-12-31": "-4.68400", "2016-12-31": "-2.17600", "2015-12-31": "-117.36900", "2014-12-31": "29.24200", "2013-12-31": "-202.10200", "2012-12-31": "-93.80400", "2011-12-31": "104.48700", "2010-12-31": "300.72800", "2009-12-31": "227.87100", "2008-12-31": "26.78800"}, "Total Change In Assets/Liabilities": {"2019-12-31": "371.72600", "2018-12-31": "49.81400", "2017-12-31": "-29.97900", "2016-12-31": "-0.06600", "2015-12-31": "-96.28700", "2014-12-31": "11.79300", "2013-12-31": "-164.95700", "2012-12-31": "-67.80200", "2011-12-31": "77.42200", "2010-12-31": "216.54900", "2009-12-31": "229.20100", "2008-12-31": "28.11100"}, "Cash Flow From Operating Activities": {"2019-12-31": "262.82800", "2018-12-31": "168.24000", "2017-12-31": "94.37500", "2016-12-31": "60.03000", "2015-12-31": "-44.44700", "2014-12-31": "-4.51100", "2013-12-31": "28.67400", "2012-12-31": "195.76700", "2011-12-31": "389.17200", "2010-12-31": "326.41200", "2009-12-31": "190.99500", "2008-12-31": "11.48200"}, "Net Change In Property, Plant, And Equipment": {"2019-12-31": "557.04200", "2018-12-31": "-11.43600", "2017-12-31": "-9.69800", "2016-12-31": "-7.10400", "2015-12-31": "-7.01800", "2014-12-31": "-4.14200", "2013-12-31": "-4.75600", "2012-12-31": "-331.75400", "2011-12-31": "-238.09100", "2010-12-31": "-56.83900", "2009-12-31": "-38.81800", "2008-12-31": "-4.59600"}, "Net Change In Intangible Assets": {"2019-12-31": "", "2018-12-31": "", "2017-12-31": "", "2016-12-31": "", "2015-12-31": "", "2014-12-31": "", "2013-12-31": "", "2012-12-31": "", "2011-12-31": "", "2010-12-31": "", "2009-12-31": "-0.58300", "2008-12-31": "-6.03300"}, "Net Acquisitions/Divestitures": {"2019-12-31": "-301.81500", "2018-12-31": "-222.44000", "2017-12-31": "-101.20100", "2016-12-31": "-29.70500", "2015-12-31": "-20.02300", "2014-12-31": "-392.41100", "2013-12-31": "-18.05400", "2012-12-31": "-205.51000", "2011-12-31": "-42.77400", "2010-12-31": "-62.27700", "2009-12-31": "-0.54800", "2008-12-31": ""}, "Net Change In Short-term Investments": {"2019-12-31": "-1071.82600", "2018-12-31": "275.13600", "2017-12-31": "-308.59400", "2016-12-31": "244.83700", "2015-12-31": "766.10700", "2014-12-31": "47.72300", "2013-12-31": "169.92190", "2012-12-31": "-954.39300", "2011-12-31": "210.79400", "2010-12-31": "-480.50000", "2009-12-31": "-62.74000", "2008-12-31": "-9.98100"}, "Net Change In Long-Term Investments": {"2019-12-31": "", "2018-12-31": "", "2017-12-31": "", "2016-12-31": "", "2015-12-31": "10.50700", "2014-12-31": "", "2013-12-31": "", "2012-12-31": "-10.00000", "2011-12-31": "", "2010-12-31": "", "2009-12-31": "", "2008-12-31": "-0.50000"}, "Net Change In Investments - Total": {"2019-12-31": "-1071.82600", "2018-12-31": "275.13600", "2017-12-31": "-308.59400", "2016-12-31": "244.83700", "2015-12-31": "776.61400", "2014-12-31": "47.72300", "2013-12-31": "169.92190", "2012-12-31": "-964.39300", "2011-12-31": "210.79400", "2010-12-31": "-480.50000", "2009-12-31": "-62.74000", "2008-12-31": "-10.48100"}, "Investing Activities - Other": {"2019-12-31": "-35.26600", "2018-12-31": "-22.27900", "2017-12-31": "-11.78800", "2016-12-31": "-1.00000", "2015-12-31": "", "2014-12-31": "4.67100", "2013-12-31": "0.36400", "2012-12-31": "4.72300", "2011-12-31": "6.61600", "2010-12-31": "-17.82200", "2009-12-31": "-0.70300", "2008-12-31": "-0.08600"}, "Cash Flow From Investing Activities": {"2019-12-31": "-851.86500", "2018-12-31": "18.98100", "2017-12-31": "-431.28100", "2016-12-31": "207.02800", "2015-12-31": "749.57300", "2014-12-31": "-344.15900", "2013-12-31": "147.47600", "2012-12-31": "-1496.93400", "2011-12-31": "-63.45500", "2010-12-31": "-617.43800", "2009-12-31": "-103.39200", "2008-12-31": "-21.19600"}, "Net Long-Term Debt": {"2019-12-31": "570.78800", "2018-12-31": "99.10000", "2017-12-31": "", "2016-12-31": "", "2015-12-31": "", "2014-12-31": "", "2013-12-31": "-100.00000", "2012-12-31": "99.78000", "2011-12-31": "", "2010-12-31": "", "2009-12-31": "", "2008-12-31": ""}, "Net Current Debt": {"2019-12-31": "", "2018-12-31": "", "2017-12-31": "", "2016-12-31": "", "2015-12-31": "", "2014-12-31": "", "2013-12-31": "", "2012-12-31": "", "2011-12-31": "", "2010-12-31": "", "2009-12-31": "", "2008-12-31": ""}, "Debt Issuance/Retirement Net - Total": {"2019-12-31": "570.78800", "2018-12-31": "99.10000", "2017-12-31": "", "2016-12-31": "", "2015-12-31": "", "2014-12-31": "", "2013-12-31": "-100.00000", "2012-12-31": "99.78000", "2011-12-31": "", "2010-12-31": "", "2009-12-31": "", "2008-12-31": ""}, "Net Common Equity Issued/Repurchased": {"2019-12-31": "17.48800", "2018-12-31": "-81.60100", "2017-12-31": "-96.24400", "2016-12-31": "-136.67500", "2015-12-31": "-80.84200", "2014-12-31": "16.42100", "2013-12-31": "16.81300", "2012-12-31": "9.69300", "2011-12-31": "680.52600", "2010-12-31": "1.87400", "2009-12-31": "0.00300", "2008-12-31": ""}, "Net Total Equity Issued/Repurchased": {"2019-12-31": "17.48800", "2018-12-31": "-81.60100", "2017-12-31": "-96.24400", "2016-12-31": "-136.67500", "2015-12-31": "-80.84200", "2014-12-31": "16.42100", "2013-12-31": "16.81300", "2012-12-31": "9.69300", "2011-12-31": "1165.82600", "2010-12-31": "311.69500", "2009-12-31": "14.16900", "2008-12-31": "29.54700"}, "Total Common And Preferred Stock Dividends Paid": {"2019-12-31": "", "2018-12-31": "", "2017-12-31": "", "2016-12-31": "", "2015-12-31": "", "2014-12-31": "", "2013-12-31": "", "2012-12-31": "", "2011-12-31": "", "2010-12-31": "", "2009-12-31": "", "2008-12-31": ""}, "Financial Activities - Other": {"2019-12-31": "-136.64500", "2018-12-31": "-25.80700", "2017-12-31": "-26.83400", "2016-12-31": "-8.53700", "2015-12-31": "-12.70300", "2014-12-31": "-1.30200", "2013-12-31": "-12.63100", "2012-12-31": "-4.65500", "2011-12-31": "-96.98200", "2010-12-31": "39.74200", "2009-12-31": "", "2008-12-31": ""}, "Cash Flow From Financial Activities": {"2019-12-31": "451.63100", "2018-12-31": "-8.30800", "2017-12-31": "-123.07800", "2016-12-31": "-145.21200", "2015-12-31": "-93.54500", "2014-12-31": "15.11900", "2013-12-31": "-95.81800", "2012-12-31": "104.81800", "2011-12-31": "1068.84400", "2010-12-31": "351.43700", "2009-12-31": "14.16900", "2008-12-31": "29.54700"}, "Net Cash Flow": {"2019-12-31": "-126.66700", "2018-12-31": "174.31900", "2017-12-31": "-456.03900", "2016-12-31": "118.30400", "2015-12-31": "610.91400", "2014-12-31": "-334.22000", "2013-12-31": "79.57400", "2012-12-31": "-1196.39400", "2011-12-31": "1394.51200", "2010-12-31": "60.49500", "2009-12-31": "101.77200", "2008-12-31": "19.83300"}, "Stock-Based Compensation": {"2019-12-31": "81.48200", "2018-12-31": "68.23900", "2017-12-31": "64.51500", "2016-12-31": "107.46100", "2015-12-31": "131.57500", "2014-12-31": "129.23300", "2013-12-31": "84.39300", "2012-12-31": "281.98600", "2011-12-31": "600.21200", "2010-12-31": "25.69400", "2009-12-31": "3.99000", "2008-12-31": "0.68900"}, "Common Stock Dividends Paid": {"2019-12-31": "", "2018-12-31": "", "2017-12-31": "", "2016-12-31": "", "2015-12-31": "", "2014-12-31": "", "2013-12-31": "", "2012-12-31": "", "2011-12-31": "", "2010-12-31": "", "2009-12-31": "", "2008-12-31": ""}}, "cash flow statement, quarterly": {"Net Income/Loss": {"2020-09-30": -122.206, "2020-06-30": -150.3, "2020-03-31": "-103.92500", "2019-12-31": -3.5, "2019-09-30": 230.083, "2019-06-30": -55.83, "2019-03-31": "-128.82800", "2018-12-31": 0.559, "2018-09-30": 10.2, "2018-06-30": -0.911, "2018-03-31": "5.60900", "2017-12-31": 12.929, "2017-09-30": 18.091, "2017-06-30": 5.093, "2017-03-31": "-9.47400", "2016-12-31": -35.432, "2016-09-30": -41.737, "2016-06-30": -4.446, "2016-03-31": "-26.55800", "2015-12-31": -51.198, "2015-09-30": 3.052, "2015-06-30": -26.868, "2015-03-31": "-46.49600", "2014-12-31": -45.126, "2014-09-30": -57.058, "2014-06-30": -62.533, "2014-03-31": "-61.18300", "2013-12-31": -25.242, "2013-09-30": -0.068, "2013-06-30": -15.805, "2013-03-31": "4.13300", "2012-12-31": -48.561, "2012-09-30": -52.725, "2012-06-30": -22.811, "2012-03-31": "-85.35100", "2011-12-31": -435.005, "2011-09-30": 12.54, "2011-06-30": 1.391, "2011-03-31": "16.75800", "2010-12-31": 42.987, "2010-09-30": 27.217, "2010-06-30": 13.951, "2010-03-31": "6.43500", "2009-12-31": -30.712, "2008-12-31": -22.11}, "Total Depreciation And Amortization - Cash Flow": {"2020-09-30": 49.192, "2020-06-30": 19.033, "2020-03-31": "18.86200", "2019-12-31": 19.627, "2019-09-30": 19.069, "2019-06-30": 19.669, "2019-03-31": "21.08000", "2018-12-31": 12.694, "2018-09-30": 12.454, "2018-06-30": 9.178, "2018-03-31": "7.73100", "2017-12-31": 6.405, "2017-09-30": 7.61, "2017-06-30": 7.398, "2017-03-31": "8.88100", "2016-12-31": 9.612, "2016-09-30": 31.188, "2016-06-30": 10.835, "2016-03-31": "10.81200", "2015-12-31": 11.966, "2015-09-30": 11.287, "2015-06-30": 13.34, "2015-03-31": "17.72200", "2014-12-31": 18.341, "2014-09-30": 19.283, "2014-06-30": 19.926, "2014-03-31": "25.34400", "2013-12-31": 32.142, "2013-09-30": 44.203, "2013-06-30": 30.858, "2013-03-31": "32.06100", "2012-12-31": 33.43, "2012-09-30": 134.937, "2012-06-30": 39.207, "2012-03-31": "29.39800", "2011-12-31": 31.266, "2011-09-30": 22.936, "2011-06-30": 23.365, "2011-03-31": "17.84700", "2010-12-31": 13.138, "2010-09-30": 11.292, "2010-06-30": 8.504, "2010-03-31": "6.54600", "2009-12-31": 7.584, "2008-12-31": 2.9}, "Other Non-Cash Items": {"2020-09-30": 23.874, "2020-06-30": 45.479, "2020-03-31": "35.23900", "2019-12-31": 32.889, "2019-09-30": -272.653, "2019-06-30": 9.647, "2019-03-31": "-0.15100", "2018-12-31": 15.525, "2018-09-30": 12.441, "2018-06-30": 16.109, "2018-03-31": "16.83700", "2017-12-31": 14.231, "2017-09-30": 17.348, "2017-06-30": 17.203, "2017-03-31": "18.63900", "2016-12-31": 27.092, "2016-09-30": 20.1, "2016-06-30": 27.33, "2016-03-31": "31.30000", "2015-12-31": 29.725, "2015-09-30": 20.468, "2015-06-30": 30.351, "2015-03-31": "38.49100", "2014-12-31": 33.433, "2014-09-30": 38.495, "2014-06-30": 31.215, "2014-03-31": "23.55900", "2013-12-31": 22.789, "2013-09-30": 14.733, "2013-06-30": 26.433, "2013-03-31": "27.39400", "2012-12-31": 35.301, "2012-09-30": -7.868, "2012-06-30": 73.199, "2012-03-31": "135.41300", "2011-12-31": 547.534, "2011-09-30": 23.975, "2011-06-30": 33.769, "2011-03-31": "15.37400", "2010-12-31": -35.865, "2010-09-30": 4.672, "2010-06-30": 7.525, "2010-03-31": "3.45500", "2009-12-31": 0, "2008-12-31": 0}, "Total Non-Cash Items": {"2020-09-30": 73.066, "2020-06-30": 64.512, "2020-03-31": "54.10100", "2019-12-31": 52.516, "2019-09-30": -253.584, "2019-06-30": 29.316, "2019-03-31": "20.92900", "2018-12-31": 28.219, "2018-09-30": 24.895, "2018-06-30": 25.287, "2018-03-31": "24.56800", "2017-12-31": 20.636, "2017-09-30": 24.958, "2017-06-30": 24.601, "2017-03-31": "27.52000", "2016-12-31": 36.704, "2016-09-30": 51.288, "2016-06-30": 38.165, "2016-03-31": "42.11200", "2015-12-31": 41.691, "2015-09-30": 31.755, "2015-06-30": 43.691, "2015-03-31": "56.21300", "2014-12-31": 51.774, "2014-09-30": 57.778, "2014-06-30": 51.141, "2014-03-31": "48.90300", "2013-12-31": 54.931, "2013-09-30": 58.936, "2013-06-30": 57.291, "2013-03-31": "59.45500", "2012-12-31": 68.731, "2012-09-30": 127.069, "2012-06-30": 112.406, "2012-03-31": "164.81100", "2011-12-31": 578.8, "2011-09-30": 46.911, "2011-06-30": 57.134, "2011-03-31": "33.22100", "2010-12-31": -2.514, "2010-09-30": 15.964, "2010-06-30": 16.029, "2010-03-31": "10.00100", "2009-12-31": 7.584, "2008-12-31": 2.9}, "Change In Accounts Receivable": {"2020-09-30": 15.101, "2020-06-30": -16.281, "2020-03-31": "-27.29400", "2019-12-31": 9.89, "2019-09-30": -5.926, "2019-06-30": 3.491, "2019-03-31": "-30.00100", "2018-12-31": 15.323, "2018-09-30": -6.707, "2018-06-30": 3.327, "2018-03-31": "10.68200", "2017-12-31": -14.267, "2017-09-30": -4.182, "2017-06-30": 0.996, "2017-03-31": "-8.96400", "2016-12-31": -4.909, "2016-09-30": -5.793, "2016-06-30": 7.319, "2016-03-31": "7.21700", "2015-12-31": 7.604, "2015-09-30": -4.313, "2015-06-30": -3.233, "2015-03-31": "10.09000", "2014-12-31": -3.046, "2014-09-30": -2.56, "2014-06-30": -7.495, "2014-03-31": "-3.38800", "2013-12-31": 0.904, "2013-09-30": 6.993, "2013-06-30": 19.1, "2013-03-31": "13.80900", "2012-12-31": -0.726, "2012-09-30": 10.31, "2012-06-30": 30.371, "2012-03-31": "-5.61700", "2011-12-31": -16.156, "2011-09-30": -17.519, "2011-06-30": 0.034, "2011-03-31": "-21.79100", "2010-12-31": -24.2, "2010-09-30": -33.448, "2010-06-30": -8.223, "2010-03-31": "-3.64700", "2009-12-31": 0, "2008-12-31": 0}, "Change In Inventories": {"2020-09-30": 0, "2020-06-30": 0, "2020-03-31": "", "2019-12-31": 0, "2019-09-30": 0, "2019-06-30": 0, "2019-03-31": "", "2018-12-31": 0, "2018-09-30": 0, "2018-06-30": 0, "2018-03-31": "", "2017-12-31": 0, "2017-09-30": 0, "2017-06-30": 0, "2017-03-31": "", "2016-12-31": 0, "2016-09-30": 0, "2016-06-30": 0, "2016-03-31": "", "2015-12-31": 0, "2015-09-30": 0, "2015-06-30": 0, "2015-03-31": "", "2014-12-31": 0, "2014-09-30": 0, "2014-06-30": 0, "2014-03-31": "", "2013-12-31": 0, "2013-09-30": 0, "2013-06-30": 0, "2013-03-31": "", "2012-12-31": 0, "2012-09-30": 0, "2012-06-30": 0, "2012-03-31": "", "2011-12-31": 0, "2011-09-30": 0, "2011-06-30": 0, "2011-03-31": "", "2010-12-31": 0, "2010-09-30": 0, "2010-06-30": 0, "2010-03-31": "", "2009-12-31": 0, "2008-12-31": 0}, "Change In Accounts Payable": {"2020-09-30": -1.298, "2020-06-30": 5.613, "2020-03-31": "-8.97100", "2019-12-31": 1.834, "2019-09-30": 4.449, "2019-06-30": 7.005, "2019-03-31": "-14.29300", "2018-12-31": 17.803, "2018-09-30": -2.352, "2018-06-30": -6.687, "2018-03-31": "-9.57400", "2017-12-31": 2.346, "2017-09-30": 2.329, "2017-06-30": 0.461, "2017-03-31": "-8.80200", "2016-12-31": 6.558, "2016-09-30": 4.145, "2016-06-30": -1.498, "2016-03-31": "-12.81800", "2015-12-31": -1.292, "2015-09-30": -0.536, "2015-06-30": 11.699, "2015-03-31": "1.06300", "2014-12-31": -0.474, "2014-09-30": -7.503, "2014-06-30": 10.181, "2014-03-31": "-8.59700", "2013-12-31": 0.403, "2013-09-30": -1.084, "2013-06-30": -4.114, "2013-03-31": "2.47000", "2012-12-31": -14.272, "2012-09-30": 2.349, "2012-06-30": -9.106, "2012-03-31": "-0.28300", "2011-12-31": -8.466, "2011-09-30": -8.162, "2011-06-30": 21.927, "2011-03-31": "5.07400", "2010-12-31": 1.822, "2010-09-30": 1.945, "2010-06-30": 9.216, "2010-03-31": "-2.35700", "2009-12-31": 0, "2008-12-31": 0}, "Change In Assets/Liabilities": {"2020-09-30": 135.084, "2020-06-30": 238.286, "2020-03-31": "48.44400", "2019-12-31": 38.343, "2019-09-30": 98.795, "2019-06-30": 109.214, "2019-03-31": "159.10100", "2018-12-31": 24.96, "2018-09-30": 15.226, "2018-06-30": 20.157, "2018-03-31": "-30.22800", "2017-12-31": 1.951, "2017-09-30": -5.364, "2017-06-30": 4.982, "2017-03-31": "-6.25300", "2016-12-31": 24.658, "2016-09-30": 12.19, "2016-06-30": -25.171, "2016-03-31": "-13.85300", "2015-12-31": 4.948, "2015-09-30": -34.887, "2015-06-30": -20.756, "2015-03-31": "-66.67400", "2014-12-31": -1.016, "2014-09-30": 2.449, "2014-06-30": 27.925, "2014-03-31": "-0.11600", "2013-12-31": -22.397, "2013-09-30": -69.394, "2013-06-30": -56.932, "2013-03-31": "-53.37900", "2012-12-31": 13.45, "2012-09-30": -54.506, "2012-06-30": -43.763, "2012-03-31": "-8.98500", "2011-12-31": 59.412, "2011-09-30": 1.777, "2011-06-30": -12.436, "2011-03-31": "55.73400", "2010-12-31": 85.736, "2010-09-30": 64.435, "2010-06-30": 71.594, "2010-03-31": "78.96300", "2009-12-31": 0, "2008-12-31": 0}, "Total Change In Assets/Liabilities": {"2020-09-30": 162.431, "2020-06-30": 230.946, "2020-03-31": "14.63800", "2019-12-31": 45.033, "2019-09-30": 92.116, "2019-06-30": 125.131, "2019-03-31": "109.44600", "2018-12-31": 61.15, "2018-09-30": 6.029, "2018-06-30": 16.759, "2018-03-31": "-34.12400", "2017-12-31": -7.185, "2017-09-30": -7.963, "2017-06-30": 7.936, "2017-03-31": "-22.76700", "2016-12-31": 26.485, "2016-09-30": 11.481, "2016-06-30": -19.173, "2016-03-31": "-18.85900", "2015-12-31": 12.972, "2015-09-30": -39.919, "2015-06-30": -12.621, "2015-03-31": "-56.71900", "2014-12-31": -2.303, "2014-09-30": -3.136, "2014-06-30": 29.198, "2014-03-31": "-11.96600", "2013-12-31": -21.957, "2013-09-30": -63.726, "2013-06-30": -42.131, "2013-03-31": "-37.14300", "2012-12-31": -0.391, "2012-09-30": -44.197, "2012-06-30": -22.571, "2012-03-31": "-0.64300", "2011-12-31": 20.164, "2011-09-30": -11.956, "2011-06-30": 15.536, "2011-03-31": "53.67800", "2010-12-31": 37.55, "2010-09-30": 32.872, "2010-06-30": 72.658, "2010-03-31": "73.46000", "2009-12-31": 201.091, "2008-12-31": 28.11}, "Cash Flow From Operating Activities": {"2020-09-30": 113.291, "2020-06-30": 145.158, "2020-03-31": "-35.18600", "2019-12-31": 94.049, "2019-09-30": 68.615, "2019-06-30": 98.617, "2019-03-31": "1.54700", "2018-12-31": 89.928, "2018-09-30": 41.124, "2018-06-30": 41.135, "2018-03-31": "-3.94700", "2017-12-31": 26.38, "2017-09-30": 35.086, "2017-06-30": 37.63, "2017-03-31": "-4.72100", "2016-12-31": 27.757, "2016-09-30": 21.032, "2016-06-30": 14.546, "2016-03-31": "-3.30500", "2015-12-31": 3.465, "2015-09-30": -5.112, "2015-06-30": 4.202, "2015-03-31": "-47.00200", "2014-12-31": 4.345, "2014-09-30": -2.416, "2014-06-30": 17.806, "2014-03-31": "-24.24600", "2013-12-31": 7.732, "2013-09-30": -4.858, "2013-06-30": -0.645, "2013-03-31": "26.44500", "2012-12-31": 19.779, "2012-09-30": 30.147, "2012-06-30": 67.024, "2012-03-31": "78.81700", "2011-12-31": 163.959, "2011-09-30": 47.495, "2011-06-30": 74.061, "2011-03-31": "103.65700", "2010-12-31": 57.823, "2010-09-30": 76.053, "2010-06-30": 102.638, "2010-03-31": "89.89600", "2009-12-31": 179.515, "2008-12-31": 11.48}, "Net Change In Property, Plant, And Equipment": {"2020-09-30": -4.572, "2020-06-30": -2.955, "2020-03-31": "-8.52000", "2019-12-31": -4.785, "2019-09-30": 571.695, "2019-06-30": -4.856, "2019-03-31": "-5.01200", "2018-12-31": -3.964, "2018-09-30": -3.821, "2018-06-30": -2.252, "2018-03-31": "-1.39900", "2017-12-31": -3.041, "2017-09-30": -2.664, "2017-06-30": -1.723, "2017-03-31": "-2.27000", "2016-12-31": -3.518, "2016-09-30": -1.216, "2016-06-30": -0.114, "2016-03-31": "-2.25600", "2015-12-31": -0.921, "2015-09-30": -0.858, "2015-06-30": -3.127, "2015-03-31": "-2.11200", "2014-12-31": -2.123, "2014-09-30": -2.426, "2014-06-30": -3.294, "2014-03-31": "3.70100", "2013-12-31": 2.588, "2013-09-30": -1.054, "2013-06-30": -1.366, "2013-03-31": "-4.92400", "2012-12-31": -6.25, "2012-09-30": -13.889, "2012-06-30": -276.621, "2012-03-31": "-34.99400", "2011-12-31": -50.355, "2011-09-30": -63.021, "2011-06-30": -74.493, "2011-03-31": "-50.22200", "2010-12-31": -11.161, "2010-09-30": -21.575, "2010-06-30": -14.551, "2010-03-31": "-9.54300", "2009-12-31": -34.228, "2008-12-31": -4.59}, "Net Change In Intangible Assets": {"2020-09-30": 0, "2020-06-30": 0, "2020-03-31": "", "2019-12-31": 0, "2019-09-30": 0, "2019-06-30": 0, "2019-03-31": "", "2018-12-31": 0, "2018-09-30": 0, "2018-06-30": 0, "2018-03-31": "", "2017-12-31": 0, "2017-09-30": 0, "2017-06-30": 0, "2017-03-31": "", "2016-12-31": 0, "2016-09-30": 0, "2016-06-30": 0, "2016-03-31": "", "2015-12-31": 0, "2015-09-30": 0, "2015-06-30": 0, "2015-03-31": "", "2014-12-31": 0, "2014-09-30": 0, "2014-06-30": 0, "2014-03-31": "", "2013-12-31": 0, "2013-09-30": 0, "2013-06-30": 0, "2013-03-31": "", "2012-12-31": 3.193, "2012-09-30": -3.193, "2012-06-30": 0, "2012-03-31": "", "2011-12-31": 3.712, "2011-09-30": -0.003, "2011-06-30": -2.069, "2011-03-31": "-1.64000", "2010-12-31": 1.018, "2010-09-30": -0.18, "2010-06-30": -0.768, "2010-03-31": "-0.07000", "2009-12-31": 0, "2008-12-31": 0}, "Net Acquisitions/Divestitures": {"2020-09-30": -791.096, "2020-06-30": 0, "2020-03-31": "", "2019-12-31": 0.001, "2019-09-30": -2.459, "2019-06-30": 0, "2019-03-31": "-299.35700", "2018-12-31": -0.365, "2018-09-30": 0, "2018-06-30": -222.075, "2018-03-31": "", "2017-12-31": -73.62, "2017-09-30": 0, "2017-06-30": 0, "2017-03-31": "-27.58100", "2016-12-31": 3.925, "2016-09-30": -19.41, "2016-06-30": -1.72, "2016-03-31": "-12.50000", "2015-12-31": 0, "2015-09-30": -20.023, "2015-06-30": 0, "2015-03-31": "", "2014-12-31": -0.7, "2014-09-30": -0.718, "2014-06-30": 0, "2014-03-31": "-390.99300", "2013-12-31": 0, "2013-09-30": 0, "2013-06-30": -18.054, "2013-03-31": "", "2012-12-31": 0, "2012-09-30": -12.746, "2012-06-30": -10.6, "2012-03-31": "-182.16400", "2011-12-31": -4.823, "2011-09-30": -19.403, "2011-06-30": -8.11, "2011-03-31": "-10.43800", "2010-12-31": -43.733, "2010-09-30": -11.4, "2010-06-30": -1.593, "2010-03-31": "-5.54400", "2009-12-31": -63.243, "2008-12-31": 0}, "Net Change In Short-term Investments": {"2020-09-30": -419.08, "2020-06-30": 731.295, "2020-03-31": "702.25200", "2019-12-31": -253.63, "2019-09-30": -839.683, "2019-06-30": 8, "2019-03-31": "13.48700", "2018-12-31": 148.272, "2018-09-30": -185.135, "2018-06-30": 151.999, "2018-03-31": "160.00000", "2017-12-31": -53.293, "2017-09-30": -255.301, "2017-06-30": 0, "2017-03-31": "", "2016-12-31": 4.5, "2016-09-30": 35.535, "2016-06-30": 85.902, "2016-03-31": "118.90000", "2015-12-31": 165.181, "2015-09-30": 211.35, "2015-06-30": 256.112, "2015-03-31": "133.46400", "2014-12-31": -2.727, "2014-09-30": -5.796, "2014-06-30": -2.651, "2014-03-31": "58.89700", "2013-12-31": 57.5449, "2013-09-30": 174.81, "2013-06-30": -77.397, "2013-03-31": "14.96400", "2012-12-31": -18.886, "2012-09-30": -51.566, "2012-06-30": -52.073, "2012-03-31": "-831.86800", "2011-12-31": -14.577, "2011-09-30": 106.355, "2011-06-30": 104.234, "2011-03-31": "14.78200", "2010-12-31": 6.037, "2010-09-30": -143.42, "2010-06-30": -256.333, "2010-03-31": "-86.78400", "2009-12-31": 0, "2008-12-31": 0}, "Net Change In Long-Term Investments": {"2020-09-30": 548.378, "2020-06-30": -77.353, "2020-03-31": "-471.02500", "2019-12-31": 0, "2019-09-30": 124.091, "2019-06-30": -94.335, "2019-03-31": "-29.75600", "2018-12-31": 0, "2018-09-30": 184.089, "2018-06-30": -59.267, "2018-03-31": "-124.82200", "2017-12-31": 0, "2017-09-30": 0, "2017-06-30": 0, "2017-03-31": "", "2016-12-31": 0, "2016-09-30": 0, "2016-06-30": 0, "2016-03-31": "", "2015-12-31": 0, "2015-09-30": 0, "2015-06-30": 0, "2015-03-31": "10.50700", "2014-12-31": 0, "2014-09-30": 0, "2014-06-30": 0, "2014-03-31": "", "2013-12-31": 0, "2013-09-30": 0, "2013-06-30": 0, "2013-03-31": "", "2012-12-31": -10, "2012-09-30": 0, "2012-06-30": 0, "2012-03-31": "", "2011-12-31": -2.049, "2011-09-30": 2.632, "2011-06-30": -0.583, "2011-03-31": "", "2010-12-31": 0, "2010-09-30": 0.2, "2010-06-30": -0.2, "2010-03-31": "", "2009-12-31": 0, "2008-12-31": 0}, "Net Change In Investments - Total": {"2020-09-30": 129.298, "2020-06-30": 653.942, "2020-03-31": "231.22700", "2019-12-31": -253.63, "2019-09-30": -715.592, "2019-06-30": -86.335, "2019-03-31": "-16.26900", "2018-12-31": 148.272, "2018-09-30": -1.046, "2018-06-30": 92.732, "2018-03-31": "35.17800", "2017-12-31": -53.293, "2017-09-30": -255.301, "2017-06-30": 0, "2017-03-31": "", "2016-12-31": 4.5, "2016-09-30": 35.535, "2016-06-30": 85.902, "2016-03-31": "118.90000", "2015-12-31": 165.181, "2015-09-30": 211.35, "2015-06-30": 256.112, "2015-03-31": "143.97100", "2014-12-31": -2.727, "2014-09-30": -5.796, "2014-06-30": -2.651, "2014-03-31": "58.89700", "2013-12-31": 57.5449, "2013-09-30": 174.81, "2013-06-30": -77.397, "2013-03-31": "14.96400", "2012-12-31": -28.886, "2012-09-30": -51.566, "2012-06-30": -52.073, "2012-03-31": "-831.86800", "2011-12-31": -16.626, "2011-09-30": 108.987, "2011-06-30": 103.651, "2011-03-31": "14.78200", "2010-12-31": 5.767, "2010-09-30": -143.22, "2010-06-30": -256.533, "2010-03-31": "-86.78400", "2009-12-31": 9.932, "2008-12-31": -10.48}, "Investing Activities - Other": {"2020-09-30": -30.411, "2020-06-30": 0, "2020-03-31": "-1.04500", "2019-12-31": -25.266, "2019-09-30": 0, "2019-06-30": -10, "2019-03-31": "", "2018-12-31": 0.146, "2018-09-30": 0.278, "2018-06-30": 0.097, "2018-03-31": "-22.80000", "2017-12-31": -2.063, "2017-09-30": -2.5, "2017-06-30": 0.165, "2017-03-31": "-7.39000", "2016-12-31": -1, "2016-09-30": 0, "2016-06-30": 0, "2016-03-31": "", "2015-12-31": 0, "2015-09-30": 0, "2015-06-30": 0, "2015-03-31": "", "2014-12-31": 4.314, "2014-09-30": -0.343, "2014-06-30": 0.5, "2014-03-31": "0.20000", "2013-12-31": -0.091, "2013-09-30": 0.889, "2013-06-30": 0.202, "2013-03-31": "-0.63600", "2012-12-31": -2.75, "2012-09-30": 3.193, "2012-06-30": 232.409, "2012-03-31": "-228.12900", "2011-12-31": 15.216, "2011-09-30": -1.117, "2011-06-30": 0.537, "2011-03-31": "-8.02000", "2010-12-31": -4.061, "2010-09-30": -11.752, "2010-06-30": -0.339, "2010-03-31": "-1.38800", "2009-12-31": 5.327, "2008-12-31": -6.11}, "Cash Flow From Investing Activities": {"2020-09-30": -696.781, "2020-06-30": 650.987, "2020-03-31": "221.66200", "2019-12-31": -283.68, "2019-09-30": -146.356, "2019-06-30": -101.191, "2019-03-31": "-320.63800", "2018-12-31": 144.089, "2018-09-30": -4.589, "2018-06-30": -131.498, "2018-03-31": "10.97900", "2017-12-31": -132.017, "2017-09-30": -260.465, "2017-06-30": -1.558, "2017-03-31": "-37.24100", "2016-12-31": 3.907, "2016-09-30": 14.909, "2016-06-30": 84.068, "2016-03-31": "104.14400", "2015-12-31": 164.26, "2015-09-30": 190.469, "2015-06-30": 252.985, "2015-03-31": "141.85900", "2014-12-31": -1.236, "2014-09-30": -9.283, "2014-06-30": -5.445, "2014-03-31": "-328.19500", "2013-12-31": 60.042, "2013-09-30": 174.645, "2013-06-30": -96.615, "2013-03-31": "9.40400", "2012-12-31": -34.693, "2012-09-30": -78.201, "2012-06-30": -106.885, "2012-03-31": "-1277.15500", "2011-12-31": -52.876, "2011-09-30": 25.443, "2011-06-30": 19.516, "2011-03-31": "-55.53800", "2010-12-31": -52.19, "2010-09-30": -188.127, "2010-06-30": -273.784, "2010-03-31": "-103.32900", "2009-12-31": -82.202, "2008-12-31": -21.19}, "Net Long-Term Debt": {"2020-09-30": 0, "2020-06-30": 0, "2020-03-31": "", "2019-12-31": 0, "2019-09-30": -0.53, "2019-06-30": 572.682, "2019-03-31": "-1.36400", "2018-12-31": 99.1, "2018-09-30": 0, "2018-06-30": 0, "2018-03-31": "", "2017-12-31": 0, "2017-09-30": 0, "2017-06-30": 0, "2017-03-31": "", "2016-12-31": 0, "2016-09-30": 0, "2016-06-30": 0, "2016-03-31": "", "2015-12-31": 0, "2015-09-30": 0, "2015-06-30": 0, "2015-03-31": "", "2014-12-31": 0, "2014-09-30": 0, "2014-06-30": 0, "2014-03-31": "", "2013-12-31": 0, "2013-09-30": 0, "2013-06-30": -100, "2013-03-31": "", "2012-12-31": 0, "2012-09-30": 0, "2012-06-30": 99.78, "2012-03-31": "", "2011-12-31": 0, "2011-09-30": 0, "2011-06-30": 0, "2011-03-31": "", "2010-12-31": 0, "2010-09-30": 0, "2010-06-30": 0, "2010-03-31": "", "2009-12-31": 0, "2008-12-31": 0}, "Net Current Debt": {"2020-09-30": 0, "2020-06-30": 0, "2020-03-31": "", "2019-12-31": 0, "2019-09-30": 0, "2019-06-30": 0, "2019-03-31": "", "2018-12-31": 0, "2018-09-30": 0, "2018-06-30": 0, "2018-03-31": "", "2017-12-31": 0, "2017-09-30": 0, "2017-06-30": 0, "2017-03-31": "", "2016-12-31": 0, "2016-09-30": 0, "2016-06-30": 0, "2016-03-31": "", "2015-12-31": 0, "2015-09-30": 0, "2015-06-30": 0, "2015-03-31": "", "2014-12-31": 0, "2014-09-30": 0, "2014-06-30": 0, "2014-03-31": "", "2013-12-31": 0, "2013-09-30": 0, "2013-06-30": 0, "2013-03-31": "", "2012-12-31": 0, "2012-09-30": 0, "2012-06-30": 0, "2012-03-31": "", "2011-12-31": 0, "2011-09-30": 0, "2011-06-30": 0, "2011-03-31": "", "2010-12-31": 0, "2010-09-30": 0, "2010-06-30": 0, "2010-03-31": "", "2009-12-31": 0, "2008-12-31": 0}, "Debt Issuance/Retirement Net - Total": {"2020-09-30": 0, "2020-06-30": 0, "2020-03-31": "", "2019-12-31": 0, "2019-09-30": -0.53, "2019-06-30": 572.682, "2019-03-31": "-1.36400", "2018-12-31": 99.1, "2018-09-30": 0, "2018-06-30": 0, "2018-03-31": "", "2017-12-31": 0, "2017-09-30": 0, "2017-06-30": 0, "2017-03-31": "", "2016-12-31": 0, "2016-09-30": 0, "2016-06-30": 0, "2016-03-31": "", "2015-12-31": 0, "2015-09-30": 0, "2015-06-30": 0, "2015-03-31": "", "2014-12-31": 0, "2014-09-30": 0, "2014-06-30": 0, "2014-03-31": "", "2013-12-31": 0, "2013-09-30": 0, "2013-06-30": -100, "2013-03-31": "", "2012-12-31": 0, "2012-09-30": 0, "2012-06-30": 99.78, "2012-03-31": "", "2011-12-31": 0, "2011-09-30": 0, "2011-06-30": 0, "2011-03-31": "", "2010-12-31": 0, "2010-09-30": 0, "2010-06-30": 0, "2010-03-31": "", "2009-12-31": 0, "2008-12-31": 0}, "Net Common Equity Issued/Repurchased": {"2020-09-30": 5.462, "2020-06-30": 1.866, "2020-03-31": "8.80200", "2019-12-31": 4.967, "2019-09-30": 5.49, "2019-06-30": 2.092, "2019-03-31": "4.93900", "2018-12-31": -16.715, "2018-09-30": -3.626, "2018-06-30": -21.716, "2018-03-31": "-39.54400", "2017-12-31": 0.68, "2017-09-30": -4.017, "2017-06-30": -9.895, "2017-03-31": "-83.01200", "2016-12-31": -29.853, "2016-09-30": 2.685, "2016-06-30": 0.409, "2016-03-31": "-109.91600", "2015-12-31": -88.134, "2015-09-30": 2.957, "2015-06-30": 0.945, "2015-03-31": "3.39000", "2014-12-31": 0.693, "2014-09-30": 4.805, "2014-06-30": 1.414, "2014-03-31": "9.50900", "2013-12-31": 11.793, "2013-09-30": 0.328, "2013-06-30": 1.225, "2013-03-31": "3.46700", "2012-12-31": -9.086, "2012-09-30": 6.75, "2012-06-30": 11.496, "2012-03-31": "0.53300", "2011-12-31": 962.065, "2011-09-30": -1.998, "2011-06-30": -19.476, "2011-03-31": "-260.06500", "2010-12-31": 2.544, "2010-09-30": 0.195, "2010-06-30": -1.024, "2010-03-31": "0.15900", "2009-12-31": 0, "2008-12-31": 0}, "Net Total Equity Issued/Repurchased": {"2020-09-30": 5.462, "2020-06-30": 1.866, "2020-03-31": "8.80200", "2019-12-31": 4.967, "2019-09-30": 5.49, "2019-06-30": 2.092, "2019-03-31": "4.93900", "2018-12-31": -16.715, "2018-09-30": -3.626, "2018-06-30": -25.027, "2018-03-31": "-36.23300", "2017-12-31": -7.569, "2017-09-30": 4.232, "2017-06-30": -9.895, "2017-03-31": "-83.01200", "2016-12-31": -29.853, "2016-09-30": 2.685, "2016-06-30": 0.409, "2016-03-31": "-109.91600", "2015-12-31": -88.134, "2015-09-30": 2.957, "2015-06-30": 0.945, "2015-03-31": "3.39000", "2014-12-31": 0.693, "2014-09-30": 4.805, "2014-06-30": 1.414, "2014-03-31": "9.50900", "2013-12-31": 11.793, "2013-09-30": 0.328, "2013-06-30": 1.225, "2013-03-31": "3.46700", "2012-12-31": -9.086, "2012-09-30": 6.75, "2012-06-30": 11.496, "2012-03-31": "0.53300", "2011-12-31": 962.065, "2011-09-30": -1.998, "2011-06-30": -19.49, "2011-03-31": "225.24900", "2010-12-31": 2.539, "2010-09-30": 0.195, "2010-06-30": 308.797, "2010-03-31": "0.15900", "2009-12-31": -29.537, "2008-12-31": 29.54}, "Total Common And Preferred Stock Dividends Paid": {"2020-09-30": 0, "2020-06-30": 0, "2020-03-31": "", "2019-12-31": 0, "2019-09-30": 0, "2019-06-30": 0, "2019-03-31": "", "2018-12-31": 0, "2018-09-30": 0, "2018-06-30": 0, "2018-03-31": "", "2017-12-31": 0, "2017-09-30": 0, "2017-06-30": 0, "2017-03-31": "", "2016-12-31": 0, "2016-09-30": 0, "2016-06-30": 0, "2016-03-31": "", "2015-12-31": 0, "2015-09-30": 0, "2015-06-30": 0, "2015-03-31": "", "2014-12-31": 0, "2014-09-30": 0, "2014-06-30": 0, "2014-03-31": "", "2013-12-31": 0, "2013-09-30": 0, "2013-06-30": 0, "2013-03-31": "", "2012-12-31": 0, "2012-09-30": 0, "2012-06-30": 0, "2012-03-31": "", "2011-12-31": 0, "2011-09-30": 0, "2011-06-30": 0, "2011-03-31": "", "2010-12-31": 0, "2010-09-30": 0, "2010-06-30": 0, "2010-03-31": "", "2009-12-31": 0, "2008-12-31": 0}, "Financial Activities - Other": {"2020-09-30": -29.328, "2020-06-30": -14.27, "2020-03-31": "-62.93600", "2019-12-31": -11.163, "2019-09-30": -23.705, "2019-06-30": -90.441, "2019-03-31": "-11.33600", "2018-12-31": -6.444, "2018-09-30": -5.391, "2018-06-30": -7.608, "2018-03-31": "-6.36400", "2017-12-31": -7.143, "2017-09-30": -5.153, "2017-06-30": -9.008, "2017-03-31": "-5.53000", "2016-12-31": -6.374, "2016-09-30": -0.498, "2016-06-30": -0.746, "2016-03-31": "-0.91900", "2015-12-31": -0.137, "2015-09-30": -0.363, "2015-06-30": -0.405, "2015-03-31": "-11.79800", "2014-12-31": -0.339, "2014-09-30": -0.21, "2014-06-30": -0.734, "2014-03-31": "-0.01900", "2013-12-31": -0.808, "2013-09-30": -0.539, "2013-06-30": -12.597, "2013-03-31": "1.31300", "2012-12-31": 15.734, "2012-09-30": -0.509, "2012-06-30": 3.62, "2012-03-31": "-23.50000", "2011-12-31": -94.952, "2011-09-30": -2.03, "2011-06-30": 0, "2011-03-31": "", "2010-12-31": 39.74, "2010-09-30": 0, "2010-06-30": 0, "2010-03-31": "", "2009-12-31": 14.166, "2008-12-31": 0}, "Cash Flow From Financial Activities": {"2020-09-30": -23.866, "2020-06-30": -12.404, "2020-03-31": "-54.13400", "2019-12-31": -6.196, "2019-09-30": -18.745, "2019-06-30": 484.333, "2019-03-31": "-7.76100", "2018-12-31": 75.941, "2018-09-30": -9.017, "2018-06-30": -32.635, "2018-03-31": "-42.59700", "2017-12-31": -14.712, "2017-09-30": -0.921, "2017-06-30": -18.903, "2017-03-31": "-88.54200", "2016-12-31": -36.227, "2016-09-30": 2.187, "2016-06-30": -0.337, "2016-03-31": "-110.83500", "2015-12-31": -88.271, "2015-09-30": 2.594, "2015-06-30": 0.54, "2015-03-31": "-8.40800", "2014-12-31": 0.354, "2014-09-30": 4.595, "2014-06-30": 0.68, "2014-03-31": "9.49000", "2013-12-31": 10.985, "2013-09-30": -0.211, "2013-06-30": -111.372, "2013-03-31": "4.78000", "2012-12-31": 6.648, "2012-09-30": 6.241, "2012-06-30": 114.896, "2012-03-31": "-22.96700", "2011-12-31": 867.113, "2011-09-30": -4.028, "2011-06-30": -19.49, "2011-03-31": "225.24900", "2010-12-31": 42.279, "2010-09-30": 0.195, "2010-06-30": 308.797, "2010-03-31": "0.15900", "2009-12-31": -15.371, "2008-12-31": 29.54}, "Net Cash Flow": {"2020-09-30": -596.165, "2020-06-30": 787.198, "2020-03-31": "129.09800", "2019-12-31": -191.123, "2019-09-30": -101.897, "2019-06-30": 481.6, "2019-03-31": "-315.24700", "2018-12-31": 308.543, "2018-09-30": 26.27, "2018-06-30": -126.405, "2018-03-31": "-34.08900", "2017-12-31": -120.512, "2017-09-30": -224.218, "2017-06-30": 18.338, "2017-03-31": "-129.64700", "2016-12-31": -5.798, "2016-09-30": 37.931, "2016-06-30": 96.937, "2016-03-31": "-10.76600", "2015-12-31": 79.197, "2015-09-30": 187.592, "2015-06-30": 257.973, "2015-03-31": "86.15200", "2014-12-31": 3.025, "2014-09-30": -7.35, "2014-06-30": 13.175, "2014-03-31": "-343.07000", "2013-12-31": 78.805, "2013-09-30": 169.386, "2013-06-30": -208.919, "2013-03-31": "40.30200", "2012-12-31": -8.41, "2012-09-30": -41.621, "2012-06-30": 74.906, "2012-03-31": "-1221.26900", "2011-12-31": 978.128, "2011-09-30": 68.902, "2011-06-30": 74.093, "2011-03-31": "273.38900", "2010-12-31": 47.951, "2010-09-30": -111.841, "2010-06-30": 137.647, "2010-03-31": "-13.26700", "2009-12-31": 81.942, "2008-12-31": 19.83}, "Stock-Based Compensation": {"2020-09-30": 38.724, "2020-06-30": 25.673, "2020-03-31": "20.46500", "2019-12-31": 20.015, "2019-09-30": 21.339, "2019-06-30": 21.355, "2019-03-31": "18.77300", "2018-12-31": 18.003, "2018-09-30": 18.754, "2018-06-30": 17.369, "2018-03-31": "14.11300", "2017-12-31": 15.169, "2017-09-30": 15.588, "2017-06-30": 16.232, "2017-03-31": "17.52600", "2016-12-31": 26.479, "2016-09-30": 24.475, "2016-06-30": 26.899, "2016-03-31": "29.60800", "2015-12-31": 31.772, "2015-09-30": 30.436, "2015-06-30": 27.905, "2015-03-31": "41.46200", "2014-12-31": 35.765, "2014-09-30": 36.295, "2014-06-30": 28.847, "2014-03-31": "28.32600", "2013-12-31": 19.327, "2013-09-30": 9.256, "2013-06-30": 25.888, "2013-03-31": "29.92200", "2012-12-31": 14.862, "2012-09-30": 37.817, "2012-06-30": 95.456, "2012-03-31": "133.85100", "2011-12-31": 529.971, "2011-09-30": 22.624, "2011-06-30": 33.111, "2011-03-31": "14.50600", "2010-12-31": 11.574, "2010-09-30": 4.389, "2010-06-30": 6.741, "2010-03-31": "2.99000", "2009-12-31": 0, "2008-12-31": 0}, "Common Stock Dividends Paid": {"2020-09-30": 0, "2020-06-30": 0, "2020-03-31": "", "2019-12-31": 0, "2019-09-30": 0, "2019-06-30": 0, "2019-03-31": "", "2018-12-31": 0, "2018-09-30": 0, "2018-06-30": 0, "2018-03-31": "", "2017-12-31": 0, "2017-09-30": 0, "2017-06-30": 0, "2017-03-31": "", "2016-12-31": 0, "2016-09-30": 0, "2016-06-30": 0, "2016-03-31": "", "2015-12-31": 0, "2015-09-30": 0, "2015-06-30": 0, "2015-03-31": "", "2014-12-31": 0, "2014-09-30": 0, "2014-06-30": 0, "2014-03-31": "", "2013-12-31": 0, "2013-09-30": 0, "2013-06-30": 0, "2013-03-31": "", "2012-12-31": 0, "2012-09-30": 0, "2012-06-30": 0, "2012-03-31": "", "2011-12-31": 0, "2011-09-30": 0, "2011-06-30": 0, "2011-03-31": "", "2010-12-31": 0, "2010-09-30": 0, "2010-06-30": 0, "2010-03-31": "", "2009-12-31": 0, "2008-12-31": 0}}, "financial ratios": {"Current Ratio": {"2019-12-31": "1.98960", "2018-12-31": "1.55740", "2017-12-31": "2.93920", "2016-12-31": "3.96270", "2015-12-31": "4.70900", "2014-12-31": "2.93450", "2013-12-31": "4.48970", "2012-12-31": "2.91540", "2011-12-31": "3.02670", "2010-12-31": "1.74050", "2009-12-31": "0.94670", "2008-12-31": ""}, "Long-term Debt / Capital": {"2019-12-31": "0.22410", "2018-12-31": "", "2017-12-31": "", "2016-12-31": "", "2015-12-31": "", "2014-12-31": "", "2013-12-31": "", "2012-12-31": "0.05190", "2011-12-31": "", "2010-12-31": "", "2009-12-31": "", "2008-12-31": ""}, "Debt/Equity Ratio": {"2019-12-31": "0.28880", "2018-12-31": "0.06260", "2017-12-31": "", "2016-12-31": "", "2015-12-31": "", "2014-12-31": "", "2013-12-31": "", "2012-12-31": "0.05480", "2011-12-31": "", "2010-12-31": "", "2009-12-31": "", "2008-12-31": ""}, "Gross Margin": {"2019-12-31": "60.34610", "2018-12-31": "66.41810", "2017-12-31": "69.93570", "2016-12-31": "67.82580", "2015-12-31": "69.14090", "2014-12-31": "69.06620", "2013-12-31": "71.55990", "2012-12-31": "72.51400", "2011-12-31": "71.05140", "2010-12-31": "70.53320", "2009-12-31": "53.31490", "2008-12-31": "48.39260"}, "Operating Margin": {"2019-12-31": "-20.59530", "2018-12-31": "0.74540", "2017-12-31": "2.98630", "2016-12-31": "-15.40950", "2015-12-31": "-19.09940", "2014-12-31": "-35.44870", "2013-12-31": "-7.51560", "2012-12-31": "-14.28050", "2011-12-31": "-35.57720", "2010-12-31": "21.00090", "2009-12-31": "-43.45050", "2008-12-31": "-116.34720"}, "EBIT Margin": {"2019-12-31": "-20.59530", "2018-12-31": "0.74540", "2017-12-31": "2.98630", "2016-12-31": "-15.40950", "2015-12-31": "-19.09940", "2014-12-31": "-35.44870", "2013-12-31": "-7.51560", "2012-12-31": "-14.28050", "2011-12-31": "-35.57720", "2010-12-31": "21.00090", "2009-12-31": "-43.45050", "2008-12-31": "-116.34720"}, "EBITDA Margin": {"2019-12-31": "-14.58430", "2018-12-31": "5.38120", "2017-12-31": "6.50320", "2016-12-31": "-6.98690", "2015-12-31": "-11.99670", "2014-12-31": "-23.44220", "2013-12-31": "8.43190", "2012-12-31": "4.21470", "2011-12-31": "-27.20830", "2010-12-31": "27.60910", "2009-12-31": "-34.91150", "2008-12-31": "-101.38070"}, "Pre-Tax Profit Margin": {"2019-12-31": "3.58150", "2018-12-31": "2.91700", "2017-12-31": "4.36310", "2016-12-31": "-14.12570", "2015-12-31": "-17.02360", "2014-12-31": "-33.78090", "2013-12-31": "-7.42830", "2012-12-31": "-12.45450", "2011-12-31": "-35.62340", "2010-12-31": "21.26660", "2009-12-31": "-43.47680", "2008-12-31": "-113.74030"}, "Net Profit Margin": {"2019-12-31": "3.17210", "2018-12-31": "1.70380", "2017-12-31": "3.09260", "2016-12-31": "-14.59000", "2015-12-31": "-15.88950", "2014-12-31": "-32.71970", "2013-12-31": "-4.23490", "2012-12-31": "-16.34690", "2011-12-31": "-35.46320", "2010-12-31": "4.66890", "2009-12-31": "-43.48670", "2008-12-31": "-113.93610"}, "Asset Turnover": {"2019-12-31": "0.36100", "2018-12-31": "0.42260", "2017-12-31": "0.43520", "2016-12-31": "0.38900", "2015-12-31": "0.35990", "2014-12-31": "0.29390", "2013-12-31": "0.38320", "2012-12-31": "0.49730", "2011-12-31": "0.45300", "2010-12-31": "0.53700", "2009-12-31": "0.46930", "2008-12-31": ""}, "Inventory Turnover Ratio": {"2019-12-31": "", "2018-12-31": "", "2017-12-31": "", "2016-12-31": "", "2015-12-31": "", "2014-12-31": "", "2013-12-31": "", "2012-12-31": "", "2011-12-31": "", "2010-12-31": "", "2009-12-31": "", "2008-12-31": ""}, "Receiveable Turnover": {"2019-12-31": "9.43520", "2018-12-31": "9.90080", "2017-12-31": "8.30840", "2016-12-31": "9.59640", "2015-12-31": "9.01330", "2014-12-31": "7.43060", "2013-12-31": "12.02680", "2012-12-31": "11.44660", "2011-12-31": "7.39290", "2010-12-31": "5.12620", "2009-12-31": "6.58460", "2008-12-31": ""}, "Days Sales In Receivables": {"2019-12-31": "38.68510", "2018-12-31": "36.86580", "2017-12-31": "43.93140", "2016-12-31": "38.03500", "2015-12-31": "40.49560", "2014-12-31": "49.12150", "2013-12-31": "30.34890", "2012-12-31": "31.88710", "2011-12-31": "49.37190", "2010-12-31": "71.20340", "2009-12-31": "55.43200", "2008-12-31": ""}, "ROE - Return On Equity": {"2019-12-31": "2.12230", "2018-12-31": "0.96810", "2017-12-31": "1.62310", "2016-12-31": "-6.84350", "2015-12-31": "-6.80000", "2014-12-31": "-11.91650", "2013-12-31": "-1.97000", "2012-12-31": "-11.47340", "2011-12-31": "-23.10990", "2010-12-31": "102.72820", "2009-12-31": "76.38760", "2008-12-31": ""}, "Return On Tangible Equity": {"2019-12-31": "14.89390", "2018-12-31": "2.84230", "2017-12-31": "3.14690", "2016-12-31": "-11.48460", "2015-12-31": "-11.40710", "2014-12-31": "-19.17570", "2013-12-31": "-2.26740", "2012-12-31": "-13.23200", "2011-12-31": "-24.87090", "2010-12-31": "23.96710", "2009-12-31": "234.52470", "2008-12-31": ""}, "ROA - Return On Assets": {"2019-12-31": "1.14530", "2018-12-31": "0.72000", "2017-12-31": "1.34590", "2016-12-31": "-5.67580", "2015-12-31": "-5.71910", "2014-12-31": "-9.61770", "2013-12-31": "-1.62270", "2012-12-31": "-8.12970", "2011-12-31": "-16.06570", "2010-12-31": "8.14280", "2009-12-31": "-20.40660", "2008-12-31": ""}, "ROI - Return On Investment": {"2019-12-31": "1.64680", "2018-12-31": "0.96810", "2017-12-31": "1.62310", "2016-12-31": "-6.84350", "2015-12-31": "-6.80000", "2014-12-31": "-11.91650", "2013-12-31": "-1.97000", "2012-12-31": "-10.87760", "2011-12-31": "-23.10990", "2010-12-31": "18.78730", "2009-12-31": "245.93540", "2008-12-31": ""}, "Book Value Per Share": {"2019-12-31": "2.07930", "2018-12-31": "1.85410", "2017-12-31": "1.88510", "2016-12-31": "1.78230", "2015-12-31": "1.97750", "2014-12-31": "2.09270", "2013-12-31": "2.25550", "2012-12-31": "2.34260", "2011-12-31": "2.42460", "2010-12-31": "1.65410", "2009-12-31": "-0.07730", "2008-12-31": ""}, "Operating Cash Flow Per Share": {"2019-12-31": 0.0807, "2018-12-31": 0.0839, "2017-12-31": 0.0369, "2016-12-31": 0.117, "2015-12-31": -0.0435, "2014-12-31": -0.0411, "2013-12-31": -0.2282, "2012-12-31": -1.0844, "2011-12-31": 0.3571, "2010-12-31": -0.1206, "2009-12-31": 1.0163, "2008-12-31": 0.0957}, "Free Cash Flow Per Share": {"2019-12-31": 0.6654, "2018-12-31": 0.0819, "2017-12-31": 0.0342, "2016-12-31": 0.1165, "2015-12-31": -0.0464, "2014-12-31": -0.0398, "2013-12-31": 0.2134, "2012-12-31": -0.707, "2011-12-31": -0.2952, "2010-12-31": -0.0673, "2009-12-31": 0.8286, "2008-12-31": 0.0574}}, "financial ratios, quarterly": {"Current Ratio": {"2020-09-30": "0.90500", "2020-06-30": "1.84210", "2020-03-31": "1.88530", "2019-12-31": "1.98960", "2019-09-30": "2.12280", "2019-06-30": "1.98980", "2019-03-31": "0.71240", "2018-12-31": "1.55740", "2018-09-30": "1.88380", "2018-06-30": "2.00650", "2018-03-31": "3.28200", "2017-12-31": "2.93920", "2017-09-30": "3.72180", "2017-06-30": "3.44220", "2017-03-31": "3.54010", "2016-12-31": "3.96270", "2016-09-30": "4.59820", "2016-06-30": "5.05950", "2016-03-31": "4.92700", "2015-12-31": "4.70900", "2015-09-30": "5.43890", "2015-06-30": "4.72910", "2015-03-31": "3.69430", "2014-12-31": "2.93450", "2014-09-30": "2.69600", "2014-06-30": "2.56420", "2014-03-31": "3.31960", "2013-12-31": "4.48970", "2013-09-30": "3.92490", "2013-06-30": "3.33860", "2013-03-31": "3.30500", "2012-12-31": "2.91540", "2012-09-30": "2.67600", "2012-06-30": "2.23960", "2012-03-31": "2.19360", "2011-12-31": "3.02670", "2011-09-30": "1.82790", "2011-06-30": "1.80450", "2011-03-31": "2.06950", "2010-12-31": "1.74050", "2010-09-30": "", "2010-06-30": "", "2010-03-31": "", "2009-12-31": "", "2008-12-31": ""}, "Long-term Debt / Capital": {"2020-09-30": "0.17320", "2020-06-30": "0.25140", "2020-03-31": "0.23710", "2019-12-31": "0.22410", "2019-09-30": "0.22550", "2019-06-30": "0.24480", "2019-03-31": "", "2018-12-31": "", "2018-09-30": "", "2018-06-30": "", "2018-03-31": "", "2017-12-31": "", "2017-09-30": "", "2017-06-30": "", "2017-03-31": "", "2016-12-31": "", "2016-09-30": "", "2016-06-30": "", "2016-03-31": "", "2015-12-31": "", "2015-09-30": "", "2015-06-30": "", "2015-03-31": "", "2014-12-31": "", "2014-09-30": "", "2014-06-30": "", "2014-03-31": "", "2013-12-31": "", "2013-09-30": "", "2013-06-30": "", "2013-03-31": "0.05090", "2012-12-31": "0.05190", "2012-09-30": "0.05120", "2012-06-30": "0.05090", "2012-03-31": "", "2011-12-31": "", "2011-09-30": "", "2011-06-30": "", "2011-03-31": "", "2010-12-31": "", "2010-09-30": "", "2010-06-30": "", "2010-03-31": "", "2009-12-31": "", "2008-12-31": ""}, "Debt/Equity Ratio": {"2020-09-30": "0.20950", "2020-06-30": "0.33570", "2020-03-31": "0.31080", "2019-12-31": "0.28880", "2019-09-30": "0.29110", "2019-06-30": "0.32410", "2019-03-31": "0.05740", "2018-12-31": "0.06260", "2018-09-30": "", "2018-06-30": "", "2018-03-31": "", "2017-12-31": "", "2017-09-30": "", "2017-06-30": "", "2017-03-31": "", "2016-12-31": "", "2016-09-30": "", "2016-06-30": "", "2016-03-31": "", "2015-12-31": "", "2015-09-30": "", "2015-06-30": "", "2015-03-31": "", "2014-12-31": "", "2014-09-30": "", "2014-06-30": "", "2014-03-31": "", "2013-12-31": "", "2013-09-30": "", "2013-06-30": "", "2013-03-31": "0.05370", "2012-12-31": "0.05480", "2012-09-30": "0.05390", "2012-06-30": "0.05370", "2012-03-31": "", "2011-12-31": "", "2011-09-30": "", "2011-06-30": "", "2011-03-31": "", "2010-12-31": "", "2010-09-30": "", "2010-06-30": "", "2010-03-31": "", "2009-12-31": "", "2008-12-31": ""}, "Gross Margin": {"2020-09-30": "53.12440", "2020-06-30": "60.32480", "2020-03-31": "63.79050", "2019-12-31": "64.96220", "2019-09-30": "61.23320", "2019-06-30": "58.60620", "2019-03-31": "54.16670", "2018-12-31": "66.68840", "2018-09-30": "66.30470", "2018-06-30": "65.82180", "2018-03-31": "66.84370", "2017-12-31": "72.55870", "2017-09-30": "70.65520", "2017-06-30": "69.32960", "2017-03-31": "66.60710", "2016-12-31": "67.13080", "2016-09-30": "65.64320", "2016-06-30": "69.12920", "2016-03-31": "69.39870", "2015-12-31": "65.87320", "2015-09-30": "70.78380", "2015-06-30": "71.09870", "2015-03-31": "68.56290", "2014-12-31": "71.18010", "2014-09-30": "69.82860", "2014-06-30": "66.52920", "2014-03-31": "68.15620", "2013-12-31": "66.61640", "2013-09-30": "70.87030", "2013-06-30": "73.52940", "2013-03-31": "73.67340", "2012-12-31": "75.23630", "2012-09-30": "71.52890", "2012-06-30": "71.47580", "2012-03-31": "71.92220", "2011-12-31": "66.54160", "2011-09-30": "73.87140", "2011-06-30": "72.03020", "2011-03-31": "72.14290", "2010-12-31": "73.64160", "2010-09-30": "70.76180", "2010-06-30": "67.99670", "2010-03-31": "67.39130", "2009-12-31": "", "2008-12-31": ""}, "Operating Margin": {"2020-09-30": "-24.16600", "2020-06-30": "-28.63020", "2020-03-31": "-22.69970", "2019-12-31": "1.07110", "2019-09-30": "-21.33350", "2019-06-30": "-19.97850", "2019-03-31": "-53.36600", "2018-12-31": "0.29000", "2018-09-30": "2.04510", "2018-06-30": "-1.37580", "2018-03-31": "2.04430", "2017-12-31": "3.88380", "2017-09-30": "8.88350", "2017-06-30": "2.72040", "2017-03-31": "-4.62210", "2016-12-31": "-18.08590", "2016-09-30": "-25.37990", "2016-06-30": "-3.63500", "2016-03-31": "-14.39740", "2015-12-31": "-29.67450", "2015-09-30": "-4.69000", "2015-06-30": "-13.84620", "2015-03-31": "-29.49870", "2014-12-31": "-25.41620", "2014-09-30": "-33.59300", "2014-06-30": "-43.21360", "2014-03-31": "-41.81470", "2013-12-31": "-15.58000", "2013-09-30": "-1.40830", "2013-06-30": "-13.16140", "2013-03-31": "-1.87150", "2012-12-31": "12.08680", "2012-09-30": "-30.49360", "2012-06-30": "-11.56380", "2012-03-31": "-26.66220", "2011-12-31": "-156.33140", "2011-09-30": "10.34390", "2011-06-30": "4.65890", "2011-03-31": "14.90470", "2010-12-31": "36.50360", "2010-09-30": "20.08270", "2010-06-30": "10.31290", "2010-03-31": "6.25700", "2009-12-31": "", "2008-12-31": ""}, "EBIT Margin": {"2020-09-30": "-24.16600", "2020-06-30": "-28.63020", "2020-03-31": "-22.69970", "2019-12-31": "1.07110", "2019-09-30": "-21.33350", "2019-06-30": "-19.97850", "2019-03-31": "-53.36600", "2018-12-31": "0.29000", "2018-09-30": "2.04510", "2018-06-30": "-1.37580", "2018-03-31": "2.04430", "2017-12-31": "3.88370", "2017-09-30": "8.88350", "2017-06-30": "2.72040", "2017-03-31": "-4.62210", "2016-12-31": "-18.08590", "2016-09-30": "-25.37990", "2016-06-30": "-3.63500", "2016-03-31": "-14.39740", "2015-12-31": "-29.67450", "2015-09-30": "-4.69000", "2015-06-30": "-13.84620", "2015-03-31": "-29.49870", "2014-12-31": "-25.41610", "2014-09-30": "-33.59300", "2014-06-30": "-43.21360", "2014-03-31": "-41.81470", "2013-12-31": "-15.57990", "2013-09-30": "-1.40830", "2013-06-30": "-13.16140", "2013-03-31": "-1.87150", "2012-12-31": "12.08680", "2012-09-30": "-30.49360", "2012-06-30": "-11.56380", "2012-03-31": "-26.66220", "2011-12-31": "-156.33140", "2011-09-30": "10.34390", "2011-06-30": "4.65890", "2011-03-31": "14.90470", "2010-12-31": "36.50360", "2010-09-30": "20.08270", "2010-06-30": "10.31290", "2010-03-31": "6.25700", "2009-12-31": "", "2008-12-31": ""}, "EBITDA Margin": {"2020-09-30": "", "2020-06-30": "", "2020-03-31": "", "2019-12-31": "", "2019-09-30": "", "2019-06-30": "", "2019-03-31": "", "2018-12-31": "", "2018-09-30": "", "2018-06-30": "", "2018-03-31": "", "2017-12-31": "", "2017-09-30": "", "2017-06-30": "", "2017-03-31": "", "2016-12-31": "", "2016-09-30": "", "2016-06-30": "", "2016-03-31": "", "2015-12-31": "", "2015-09-30": "", "2015-06-30": "", "2015-03-31": "", "2014-12-31": "", "2014-09-30": "", "2014-06-30": "", "2014-03-31": "", "2013-12-31": "", "2013-09-30": "", "2013-06-30": "", "2013-03-31": "", "2012-12-31": "", "2012-09-30": "", "2012-06-30": "", "2012-03-31": "", "2011-12-31": "", "2011-09-30": "", "2011-06-30": "", "2011-03-31": "", "2010-12-31": "", "2010-09-30": "", "2010-06-30": "", "2010-03-31": "", "2009-12-31": "", "2008-12-31": ""}, "Pre-Tax Profit Margin": {"2020-09-30": "-26.02240", "2020-06-30": "-29.24830", "2020-03-31": "-23.63100", "2019-12-31": "1.25770", "2019-09-30": "69.49550", "2019-06-30": "-19.13050", "2019-03-31": "-52.40330", "2018-12-31": "2.15970", "2018-09-30": "4.37530", "2018-06-30": "0.65380", "2018-03-31": "4.54690", "2017-12-31": "5.63270", "2017-09-30": "10.07810", "2017-06-30": "4.02190", "2017-03-31": "-3.40070", "2016-12-31": "-16.89620", "2016-09-30": "-24.40410", "2016-06-30": "-2.16800", "2016-03-31": "-12.89520", "2015-12-31": "-28.56240", "2015-09-30": "-3.23340", "2015-06-30": "-12.94380", "2015-03-31": "-24.50500", "2014-12-31": "-22.11360", "2014-09-30": "-32.75050", "2014-06-30": "-42.12240", "2014-03-31": "-40.62730", "2013-12-31": "-14.44930", "2013-09-30": "-0.47340", "2013-06-30": "-14.64620", "2013-03-31": "-1.75770", "2012-12-31": "12.12510", "2012-09-30": "-30.24280", "2012-06-30": "-4.84670", "2012-03-31": "-26.61570", "2011-12-31": "-156.80560", "2011-09-30": "10.51500", "2011-06-30": "4.88920", "2011-03-31": "14.81490", "2010-12-31": "37.06090", "2010-09-30": "20.08270", "2010-06-30": "10.31290", "2010-03-31": "6.76330", "2009-12-31": "", "2008-12-31": ""}, "Net Profit Margin": {"2020-09-30": "-24.27940", "2020-06-30": "-33.27520", "2020-03-31": "-25.73890", "2019-12-31": "-0.86530", "2019-09-30": "66.63410", "2019-06-30": "-18.21530", "2019-03-31": "-48.54050", "2018-12-31": "0.22480", "2018-09-30": "4.37310", "2018-06-30": "-0.41970", "2018-03-31": "2.69360", "2017-12-31": "5.54230", "2017-09-30": "8.05490", "2017-06-30": "2.43420", "2017-03-31": "-4.87640", "2016-12-31": "-18.59560", "2016-09-30": "-22.87910", "2016-06-30": "-2.44640", "2016-03-31": "-14.22340", "2015-12-31": "-27.56000", "2015-09-30": "1.55920", "2015-06-30": "-13.43950", "2015-03-31": "-25.36700", "2014-12-31": "-23.43640", "2014-09-30": "-32.30720", "2014-06-30": "-40.80940", "2014-03-31": "-36.41410", "2013-12-31": "-14.31260", "2013-09-30": "-0.03360", "2013-06-30": "-6.84980", "2013-03-31": "1.56800", "2012-12-31": "-15.60620", "2012-09-30": "-16.65160", "2012-06-30": "-6.86060", "2012-03-31": "-26.59140", "2011-12-31": "-130.78430", "2011-09-30": "", "2011-06-30": "0.49830", "2011-03-31": "0.55250", "2010-12-31": "21.96170", "2010-09-30": "15.94680", "2010-06-30": "10.72340", "2010-03-31": "2.24920", "2009-12-31": "", "2008-12-31": ""}, "Asset Turnover": {"2020-09-30": "0.09770", "2020-06-30": "0.12260", "2020-03-31": "0.11400", "2019-12-31": "0.11050", "2019-09-30": "0.09650", "2019-06-30": "0.09630", "2019-03-31": "0.10010", "2018-12-31": "0.11580", "2018-09-30": "0.11550", "2018-06-30": "0.10930", "2018-03-31": "0.10850", "2017-12-31": "0.11790", "2017-09-30": "0.11650", "2017-06-30": "0.11260", "2017-03-31": "0.10600", "2016-12-31": "0.10000", "2016-09-30": "0.09400", "2016-06-30": "0.09350", "2016-03-31": "0.09440", "2015-12-31": "0.08740", "2015-09-30": "0.08750", "2015-06-30": "0.08970", "2015-03-31": "0.08120", "2014-12-31": "0.08200", "2014-09-30": "0.07390", "2014-06-30": "0.06270", "2014-03-31": "0.06900", "2013-12-31": "0.07740", "2013-09-30": "0.08810", "2013-06-30": "0.09790", "2013-03-31": "0.10450", "2012-12-31": "0.12080", "2012-09-30": "0.12150", "2012-06-30": "0.12200", "2012-03-31": "0.12320", "2011-12-31": "0.12370", "2011-09-30": "0.20300", "2011-06-30": "0.18740", "2011-03-31": "0.17030", "2010-12-31": "0.17600", "2010-09-30": "", "2010-06-30": "", "2010-03-31": "", "2009-12-31": "", "2008-12-31": ""}, "Inventory Turnover Ratio": {"2020-09-30": "", "2020-06-30": "", "2020-03-31": "", "2019-12-31": "", "2019-09-30": "", "2019-06-30": "", "2019-03-31": "", "2018-12-31": "", "2018-09-30": "", "2018-06-30": "", "2018-03-31": "", "2017-12-31": "", "2017-09-30": "", "2017-06-30": "", "2017-03-31": "", "2016-12-31": "", "2016-09-30": "", "2016-06-30": "", "2016-03-31": "", "2015-12-31": "", "2015-09-30": "", "2015-06-30": "", "2015-03-31": "", "2014-12-31": "", "2014-09-30": "", "2014-06-30": "", "2014-03-31": "", "2013-12-31": "", "2013-09-30": "", "2013-06-30": "", "2013-03-31": "", "2012-12-31": "", "2012-09-30": "", "2012-06-30": "", "2012-03-31": "", "2011-12-31": "", "2011-09-30": "", "2011-06-30": "", "2011-03-31": "", "2010-12-31": "", "2010-09-30": "", "2010-06-30": "", "2010-03-31": "", "2009-12-31": "", "2008-12-31": ""}, "Receiveable Turnover": {"2020-09-30": "2.15310", "2020-06-30": "2.44970", "2020-03-31": "2.43140", "2019-12-31": "2.88740", "2019-09-30": "2.30950", "2019-06-30": "2.11470", "2019-03-31": "1.79380", "2018-12-31": "2.71400", "2018-09-30": "2.17740", "2018-06-30": "2.17110", "2018-03-31": "2.24460", "2017-12-31": "2.25010", "2017-09-30": "2.50550", "2017-06-30": "2.44780", "2017-03-31": "2.24610", "2016-12-31": "2.46620", "2016-09-30": "2.48670", "2016-06-30": "2.71150", "2016-03-31": "2.42400", "2015-12-31": "2.18960", "2015-09-30": "2.12230", "2015-06-30": "2.28250", "2015-03-31": "2.18150", "2014-12-31": "2.07230", "2014-09-30": "1.95560", "2014-06-30": "1.66150", "2014-03-31": "2.01660", "2013-12-31": "2.42890", "2013-09-30": "2.78860", "2013-06-30": "2.90600", "2013-03-31": "2.68510", "2012-12-31": "2.77990", "2012-09-30": "2.81790", "2012-06-30": "2.71620", "2012-03-31": "2.09540", "2011-12-31": "2.01820", "2011-09-30": "2.48580", "2011-06-30": "2.36860", "2011-03-31": "1.96380", "2010-12-31": "1.67960", "2010-09-30": "", "2010-06-30": "", "2010-03-31": "", "2009-12-31": "", "2008-12-31": ""}, "Days Sales In Receivables": {"2020-09-30": "41.79970", "2020-06-30": "36.73980", "2020-03-31": "37.01600", "2019-12-31": "31.16980", "2019-09-30": "38.96870", "2019-06-30": "42.55840", "2019-03-31": "50.17360", "2018-12-31": "33.16080", "2018-09-30": "41.33330", "2018-06-30": "41.45360", "2018-03-31": "40.09570", "2017-12-31": "39.99880", "2017-09-30": "35.92110", "2017-06-30": "36.76760", "2017-03-31": "40.07020", "2016-12-31": "36.49310", "2016-09-30": "36.19310", "2016-06-30": "33.19160", "2016-03-31": "37.12910", "2015-12-31": "41.10410", "2015-09-30": "42.40740", "2015-06-30": "39.43030", "2015-03-31": "41.25670", "2014-12-31": "43.43020", "2014-09-30": "46.02100", "2014-06-30": "54.16900", "2014-03-31": "44.62930", "2013-12-31": "37.05390", "2013-09-30": "32.27480", "2013-06-30": "30.97020", "2013-03-31": "33.51860", "2012-12-31": "32.37530", "2012-09-30": "31.93830", "2012-06-30": "33.13500", "2012-03-31": "42.95030", "2011-12-31": "44.59450", "2011-09-30": "36.20600", "2011-06-30": "37.99750", "2011-03-31": "45.82850", "2010-12-31": "53.58420", "2010-09-30": "", "2010-06-30": "", "2010-03-31": "", "2009-12-31": "", "2008-12-31": ""}, "ROE - Return On Equity": {"2020-09-30": "-4.34370", "2020-06-30": "-8.65670", "2020-03-31": "-5.60070", "2019-12-31": "-0.17720", "2019-09-30": "11.86950", "2019-06-30": "-3.24040", "2019-03-31": "-7.39660", "2018-12-31": "0.03500", "2018-09-30": "0.63100", "2018-06-30": "-0.05700", "2018-03-31": "0.34120", "2017-12-31": "0.78780", "2017-09-30": "1.10980", "2017-06-30": "0.32300", "2017-03-31": "-0.60710", "2016-12-31": "-2.24160", "2016-09-30": "-2.53440", "2016-06-30": "-0.26660", "2016-03-31": "-1.58390", "2015-12-31": "-2.86520", "2015-09-30": "0.15890", "2015-06-30": "-1.41320", "2015-03-31": "-2.48230", "2014-12-31": "-2.38050", "2014-09-30": "-2.95500", "2014-06-30": "-3.17480", "2014-03-31": "-3.07590", "2013-12-31": "-1.34460", "2013-09-30": "-0.00360", "2013-06-30": "-0.84880", "2013-03-31": "0.22180", "2012-12-31": "-2.66010", "2012-09-30": "-2.84430", "2012-06-30": "-1.22440", "2012-03-31": "-4.80750", "2011-12-31": "-24.86400", "2011-09-30": "-9.91400", "2011-06-30": "-0.97560", "2011-03-31": "-11.25800", "2010-12-31": "48.74990", "2010-09-30": "", "2010-06-30": "", "2010-03-31": "", "2009-12-31": "", "2008-12-31": ""}, "Return On Tangible Equity": {"2020-09-30": "12.88610", "2020-06-30": "-175.60240", "2020-03-31": "-51.06480", "2019-12-31": "-1.24340", "2019-09-30": "90.85720", "2019-06-30": "709.57930", "2019-03-31": "871.52050", "2018-12-31": "0.10280", "2018-09-30": "1.88590", "2018-06-30": "-0.17750", "2018-03-31": "0.67400", "2017-12-31": "1.52730", "2017-09-30": "1.94790", "2017-06-30": "0.57200", "2017-03-31": "-1.07640", "2016-12-31": "-3.76180", "2016-09-30": "-4.25620", "2016-06-30": "-0.44910", "2016-03-31": "-2.74950", "2015-12-31": "-4.80640", "2015-09-30": "0.25850", "2015-06-30": "-2.25670", "2015-03-31": "-3.93380", "2014-12-31": "-3.83060", "2014-09-30": "-4.83920", "2014-06-30": "-5.25500", "2014-03-31": "-5.03530", "2013-12-31": "-1.54760", "2013-09-30": "-0.00420", "2013-06-30": "-0.98770", "2013-03-31": "0.25430", "2012-12-31": "-3.06790", "2012-09-30": "-3.28620", "2012-06-30": "-1.49890", "2012-03-31": "-5.94300", "2011-12-31": "-26.75860", "2011-09-30": "1.91150", "2011-06-30": "0.21800", "2011-03-31": "2.66490", "2010-12-31": "11.37360", "2010-09-30": "", "2010-06-30": "", "2010-03-31": "", "2009-12-31": "", "2008-12-31": ""}, "ROA - Return On Assets": {"2020-09-30": "-2.37240", "2020-06-30": "-4.08020", "2020-03-31": "-2.93370", "2019-12-31": "-0.09560", "2019-09-30": "6.43050", "2019-06-30": "-1.75330", "2019-03-31": "-4.85750", "2018-12-31": "0.02600", "2018-09-30": "0.50510", "2018-06-30": "-0.04590", "2018-03-31": "0.29230", "2017-12-31": "0.65320", "2017-09-30": "0.93820", "2017-06-30": "0.27420", "2017-03-31": "-0.51710", "2016-12-31": "-1.85910", "2016-09-30": "-2.15080", "2016-06-30": "-0.22870", "2016-03-31": "-1.34290", "2015-12-31": "-2.40970", "2015-09-30": "0.13640", "2015-06-30": "-1.20560", "2015-03-31": "-2.06100", "2014-12-31": "-1.92120", "2014-09-30": "-2.38600", "2014-06-30": "-2.56010", "2014-03-31": "-2.51350", "2013-12-31": "-1.10760", "2013-09-30": "-0.00300", "2013-06-30": "-0.67090", "2013-03-31": "0.16380", "2012-12-31": "-1.88490", "2012-09-30": "-2.02360", "2012-06-30": "-0.83720", "2012-03-31": "-3.27520", "2011-12-31": "-17.28510", "2011-09-30": "0.82960", "2011-06-30": "0.09340", "2011-03-31": "1.17530", "2010-12-31": "3.86420", "2010-09-30": "", "2010-06-30": "", "2010-03-31": "", "2009-12-31": "", "2008-12-31": ""}, "ROI - Return On Investment": {"2020-09-30": "-3.59150", "2020-06-30": "-6.48080", "2020-03-31": "-4.27280", "2019-12-31": "-0.13750", "2019-09-30": "9.19320", "2019-06-30": "-2.44720", "2019-03-31": "-7.39660", "2018-12-31": "0.03500", "2018-09-30": "0.63100", "2018-06-30": "-0.05700", "2018-03-31": "0.34120", "2017-12-31": "0.78780", "2017-09-30": "1.10980", "2017-06-30": "0.32300", "2017-03-31": "-0.60710", "2016-12-31": "-2.24160", "2016-09-30": "-2.53440", "2016-06-30": "-0.26660", "2016-03-31": "-1.58390", "2015-12-31": "-2.86520", "2015-09-30": "0.15890", "2015-06-30": "-1.41320", "2015-03-31": "-2.48230", "2014-12-31": "-2.38050", "2014-09-30": "-2.95500", "2014-06-30": "-3.17480", "2014-03-31": "-3.07590", "2013-12-31": "-1.34460", "2013-09-30": "-0.00360", "2013-06-30": "-0.84880", "2013-03-31": "0.21050", "2012-12-31": "-2.52200", "2012-09-30": "-2.69870", "2012-06-30": "-1.16200", "2012-03-31": "-4.80750", "2011-12-31": "-24.86400", "2011-09-30": "1.59210", "2011-06-30": "0.18400", "2011-03-31": "2.26840", "2010-12-31": "8.91550", "2010-09-30": "", "2010-06-30": "", "2010-03-31": "", "2009-12-31": "", "2008-12-31": ""}, "Book Value Per Share": {"2020-09-30": "2.60740", "2020-06-30": "1.81070", "2020-03-31": "1.94130", "2019-12-31": "2.07930", "2019-09-30": "2.04960", "2019-06-30": "1.83250", "2019-03-31": "1.86780", "2018-12-31": "1.85410", "2018-09-30": "1.87550", "2018-06-30": "1.85960", "2018-03-31": "1.90350", "2017-12-31": "1.88510", "2017-09-30": "1.87500", "2017-06-30": "1.82200", "2017-03-31": "1.81000", "2016-12-31": "1.78230", "2016-09-30": "1.85180", "2016-06-30": "1.89090", "2016-03-31": "1.92250", "2015-12-31": "1.97750", "2015-09-30": "2.05850", "2015-06-30": "2.05730", "2015-03-31": "2.04980", "2014-12-31": "2.09270", "2014-09-30": "2.14060", "2014-06-30": "2.21260", "2014-03-31": "2.25040", "2013-12-31": "2.25550", "2013-09-30": "2.30020", "2013-06-30": "2.31970", "2013-03-31": "2.34900", "2012-12-31": "2.34260", "2012-09-30": "2.37530", "2012-06-30": "2.45580", "2012-03-31": "2.42480", "2011-12-31": "2.42460", "2011-09-30": "2.80750", "2011-06-30": "2.68130", "2011-03-31": "2.63840", "2010-12-31": "1.65410", "2010-09-30": "", "2010-06-30": "", "2010-03-31": "", "2009-12-31": "", "2008-12-31": ""}, "Operating Cash Flow Per Share": {"2020-09-30": 0.0925, "2020-06-30": 0.1518, "2020-03-31": "-0.03690", "2019-12-31": 0.0965, "2019-09-30": 0.0664, "2019-06-30": 0.1052, "2019-03-31": "0.00170", "2018-12-31": 0.1008, "2018-09-30": 0.045, "2018-06-30": 0.0477, "2018-03-31": "-0.00440", "2017-12-31": 0.0291, "2017-09-30": 0.039, "2017-06-30": 0.0425, "2017-03-31": "-0.00540", "2016-12-31": 0.0317, "2016-09-30": 0.0237, "2016-06-30": 0.0167, "2016-03-31": "-0.00380", "2015-12-31": 0.0023, "2015-09-30": -0.0041, "2015-06-30": 0.0054, "2015-03-31": "-0.05230", "2014-12-31": 0.0048, "2014-09-30": -0.0026, "2014-06-30": 0.0211, "2014-03-31": "-0.02850", "2013-12-31": 0.0099, "2013-09-30": -0.0065, "2013-06-30": 0.0005, "2013-03-31": "0.03200", "2012-12-31": 0.031, "2012-09-30": 0.0335, "2012-06-30": 0.0882, "2012-03-31": "0.11140", "2011-12-31": 0.519, "2011-09-30": 0.1529, "2011-06-30": 0.3873, "2011-03-31": "0.28930", "2010-12-31": 0.9073, "2010-09-30": 0, "2010-06-30": -0.2916, "2010-03-31": "0.29160", "2009-12-31": 0, "2008-12-31": 0}, "Free Cash Flow Per Share": {"2020-09-30": 0.0896, "2020-06-30": 0.1488, "2020-03-31": "-0.04590", "2019-12-31": 0.0915, "2019-09-30": 0.6539, "2019-06-30": 0.1, "2019-03-31": "-0.00370", "2018-12-31": 0.0965, "2018-09-30": 0.0407, "2018-06-30": 0.0451, "2018-03-31": "-0.00600", "2017-12-31": 0.0258, "2017-09-30": 0.036, "2017-06-30": 0.0406, "2017-03-31": "-0.00800", "2016-12-31": 0.0277, "2016-09-30": 0.0223, "2016-06-30": 0.0166, "2016-03-31": "-0.00640", "2015-12-31": 0.0012, "2015-09-30": -0.0048, "2015-06-30": 0.002, "2015-03-31": "-0.05470", "2014-12-31": 0.0024, "2014-09-30": -0.0054, "2014-06-30": 0.0173, "2014-03-31": "-0.02420", "2013-12-31": 0.013, "2013-09-30": -0.0077, "2013-06-30": -0.0014, "2013-03-31": "0.02600", "2012-12-31": 0.0146, "2012-09-30": 0.0288, "2012-06-30": -0.2888, "2012-03-31": "0.06190", "2011-12-31": 0.3855, "2011-09-30": -0.0638, "2011-06-30": 0.0527, "2011-03-31": "0.14910", "2010-12-31": 0.7493, "2010-09-30": 0, "2010-06-30": -0.2607, "2010-03-31": "0.26070", "2009-12-31": 0, "2008-12-31": 0}}, "revenue": {"Zynga Annual Revenue (Millions of US $)": {"2019": "$1,322", "2018": "$907", "2017": "$861", "2016": "$741", "2015": "$765", "2014": "$690", "2013": "$873", "2012": "$1,281", "2011": "$1,140", "2010": "$597", "2009": "$121", "2008": "$19"}, "Zynga Quarterly Revenue (Millions of US $)": {"2020-09-30": "$503", "2020-06-30": "$452", "2020-03-31": "$404", "2019-12-31": "$404", "2019-09-30": "$345", "2019-06-30": "$307", "2019-03-31": "$265", "2018-12-31": "$249", "2018-09-30": "$233", "2018-06-30": "$217", "2018-03-31": "$208", "2017-12-31": "$233", "2017-09-30": "$225", "2017-06-30": "$209", "2017-03-31": "$194", "2016-12-31": "$191", "2016-09-30": "$182", "2016-06-30": "$182", "2016-03-31": "$187", "2015-12-31": "$186", "2015-09-30": "$196", "2015-06-30": "$200", "2015-03-31": "$183", "2014-12-31": "$193", "2014-09-30": "$177", "2014-06-30": "$153", "2014-03-31": "$168", "2013-12-31": "$176", "2013-09-30": "$203", "2013-06-30": "$231", "2013-03-31": "$264", "2012-12-31": "$311", "2012-09-30": "$317", "2012-06-30": "$332", "2012-03-31": "$321", "2011-12-31": "$311", "2011-09-30": "$307", "2011-06-30": "$279", "2011-03-31": "$243", "2010-12-31": "$196", "2010-09-30": "$171", "2010-06-30": "$130", "2010-03-31": "$101", "2009-12-31": "", "2008-12-31": ""}}, "gross-profit": {"Zynga Annual Gross Profit (Millions of US $)": {"2019": "$798", "2018": "$603", "2017": "$602", "2016": "$503", "2015": "$529", "2014": "$477", "2013": "$625", "2012": "$929", "2011": "$810", "2010": "$421", "2009": "$65", "2008": "$9"}, "Zynga Quarterly Gross Profit (Millions of US $)": {"2020-09-30": "$267", "2020-06-30": "$272", "2020-03-31": "$258", "2019-12-31": "$263", "2019-09-30": "$211", "2019-06-30": "$180", "2019-03-31": "$144", "2018-12-31": "$166", "2018-09-30": "$155", "2018-06-30": "$143", "2018-03-31": "$139", "2017-12-31": "$169", "2017-09-30": "$159", "2017-06-30": "$145", "2017-03-31": "$129", "2016-12-31": "$128", "2016-09-30": "$120", "2016-06-30": "$126", "2016-03-31": "$130", "2015-12-31": "$122", "2015-09-30": "$139", "2015-06-30": "$142", "2015-03-31": "$126", "2014-12-31": "$137", "2014-09-30": "$123", "2014-06-30": "$102", "2014-03-31": "$115", "2013-12-31": "$117", "2013-09-30": "$144", "2013-06-30": "$170", "2013-03-31": "$194", "2012-12-31": "$234", "2012-09-30": "$226", "2012-06-30": "$238", "2012-03-31": "$231", "2011-12-31": "$207", "2011-09-30": "$227", "2011-06-30": "$201", "2011-03-31": "$175", "2010-12-31": "$144", "2010-09-30": "$121", "2010-06-30": "$88", "2010-03-31": "$68", "2009-12-31": "", "2008-12-31": ""}}, "operating-income": {"Zynga Annual Operating Income (Millions of US $)": {"2019": "$-272", "2018": "$7", "2017": "$26", "2016": "$-114", "2015": "$-146", "2014": "$-245", "2013": "$-66", "2012": "$-183", "2011": "$-406", "2010": "$125", "2009": "$-53", "2008": "$-23"}, "Zynga Quarterly Operating Income (Millions of US $)": {"2020-09-30": "$-122", "2020-06-30": "$-129", "2020-03-31": "$-92", "2019-12-31": "$4", "2019-09-30": "$-74", "2019-06-30": "$-61", "2019-03-31": "$-142", "2018-12-31": "$1", "2018-09-30": "$5", "2018-06-30": "$-3", "2018-03-31": "$4", "2017-12-31": "$9", "2017-09-30": "$20", "2017-06-30": "$6", "2017-03-31": "$-9", "2016-12-31": "$-34", "2016-09-30": "$-46", "2016-06-30": "$-7", "2016-03-31": "$-27", "2015-12-31": "$-55", "2015-09-30": "$-9", "2015-06-30": "$-28", "2015-03-31": "$-54", "2014-12-31": "$-49", "2014-09-30": "$-59", "2014-06-30": "$-66", "2014-03-31": "$-70", "2013-12-31": "$-27", "2013-09-30": "$-3", "2013-06-30": "$-30", "2013-03-31": "$-5", "2012-12-31": "$38", "2012-09-30": "$-97", "2012-06-30": "$-38", "2012-03-31": "$-86", "2011-12-31": "$-487", "2011-09-30": "$32", "2011-06-30": "$13", "2011-03-31": "$36", "2010-12-31": "$71", "2010-09-30": "$34", "2010-06-30": "$13", "2010-03-31": "$6", "2009-12-31": "", "2008-12-31": ""}}, "ebitda": {"Zynga Annual EBITDA (Millions of US $)": {"2019": "$-193", "2018": "$49", "2017": "$56", "2016": "$-52", "2015": "$-92", "2014": "$-162", "2013": "$74", "2012": "$54", "2011": "$-310", "2010": "$165", "2009": "$-42", "2008": "$-20"}, "Zynga Quarterly EBITDA (Millions of US $)": {"2020-09-30": "$-72", "2020-06-30": "$-110", "2020-03-31": "$-73", "2019-12-31": "$24", "2019-09-30": "$-55", "2019-06-30": "$-42", "2019-03-31": "$-121", "2018-12-31": "$13", "2018-09-30": "$17", "2018-06-30": "$6", "2018-03-31": "$12", "2017-12-31": "$15", "2017-09-30": "$28", "2017-06-30": "$13", "2017-03-31": "$-0", "2016-12-31": "$-25", "2016-09-30": "$-15", "2016-06-30": "$4", "2016-03-31": "$-16", "2015-12-31": "$-43", "2015-09-30": "$2", "2015-06-30": "$-14", "2015-03-31": "$-36", "2014-12-31": "$-31", "2014-09-30": "$-40", "2014-06-30": "$-46", "2014-03-31": "$-45", "2013-12-31": "$5", "2013-09-30": "$41", "2013-06-30": "$0", "2013-03-31": "$27", "2012-12-31": "$71", "2012-09-30": "$38", "2012-06-30": "$1", "2012-03-31": "$-56", "2011-12-31": "$-455", "2011-09-30": "$55", "2011-06-30": "$36", "2011-03-31": "$54", "2010-12-31": "$85", "2010-09-30": "$46", "2010-06-30": "$22", "2010-03-31": "$13", "2009-12-31": "", "2008-12-31": ""}}, "net-income": {"Zynga Annual Net Income (Millions of US $)": {"2019": "$42", "2018": "$15", "2017": "$27", "2016": "$-108", "2015": "$-122", "2014": "$-226", "2013": "$-37", "2012": "$-209", "2011": "$-404", "2010": "$28", "2009": "$-53", "2008": "$-22"}, "Zynga Quarterly Net Income (Millions of US $)": {"2020-09-30": "$-122", "2020-06-30": "$-150", "2020-03-31": "$-104", "2019-12-31": "$-4", "2019-09-30": "$230", "2019-06-30": "$-56", "2019-03-31": "$-129", "2018-12-31": "$1", "2018-09-30": "$10", "2018-06-30": "$-1", "2018-03-31": "$6", "2017-12-31": "$13", "2017-09-30": "$18", "2017-06-30": "$5", "2017-03-31": "$-9", "2016-12-31": "$-35", "2016-09-30": "$-42", "2016-06-30": "$-4", "2016-03-31": "$-27", "2015-12-31": "$-51", "2015-09-30": "$3", "2015-06-30": "$-27", "2015-03-31": "$-46", "2014-12-31": "$-45", "2014-09-30": "$-57", "2014-06-30": "$-63", "2014-03-31": "$-61", "2013-12-31": "$-25", "2013-09-30": "$-0", "2013-06-30": "$-16", "2013-03-31": "$4", "2012-12-31": "$-49", "2012-09-30": "$-53", "2012-06-30": "$-23", "2012-03-31": "$-85", "2011-12-31": "$-407", "2011-09-30": "$0", "2011-06-30": "$1", "2011-03-31": "$1", "2010-12-31": "$43", "2010-09-30": "$27", "2010-06-30": "$14", "2010-03-31": "$2", "2009-12-31": "", "2008-12-31": ""}}, "eps-earnings-per-share-diluted": {"Zynga Annual EPS": {"2019": "$0.04", "2018": "$0.02", "2017": "$0.03", "2016": "$-0.12", "2015": "$-0.13", "2014": "$-0.26", "2013": "$-0.05", "2012": "$-0.28", "2011": "$-1.40", "2010": "$0.11", "2009": "$-0.31", "2008": "$-0.18"}, "Zynga Quarterly EPS": {"2020-09-30": "$-0.11", "2020-06-30": "$-0.16", "2020-03-31": "$-0.11", "2019-12-31": "$0.00", "2019-09-30": "$0.24", "2019-06-30": "$-0.06", "2019-03-31": "$-0.14", "2018-12-31": "$0.00", "2018-09-30": "$0.01", "2018-06-30": "$0.00", "2018-03-31": "$0.01", "2017-12-31": "$0.01", "2017-09-30": "$0.02", "2017-06-30": "$0.01", "2017-03-31": "$-0.01", "2016-12-31": "$-0.03", "2016-09-30": "$-0.05", "2016-06-30": "$-0.01", "2016-03-31": "$-0.03", "2015-12-31": "$-0.05", "2015-09-30": "$0.00", "2015-06-30": "$-0.03", "2015-03-31": "$-0.05", "2014-12-31": "$-0.06", "2014-09-30": "$-0.06", "2014-06-30": "$-0.07", "2014-03-31": "$-0.07", "2013-12-31": "$-0.03", "2013-09-30": "$0.00", "2013-06-30": "$-0.02", "2013-03-31": "$0.00", "2012-12-31": "$-0.06", "2012-09-30": "$-0.07", "2012-06-30": "$-0.03", "2012-03-31": "$-0.12", "2011-12-31": "$0.00", "2011-09-30": "$0.00", "2011-06-30": "$0.00", "2011-03-31": "$0.00", "2010-12-31": "$0.05", "2010-09-30": "$0.00", "2010-06-30": "$0.00", "2010-03-31": "$0.01", "2009-12-31": "$0.00", "2008-12-31": "$0.00"}}, "shares-outstanding": {"Zynga Annual Shares Outstanding (Millions of Shares)": {"2019": "974", "2018": "890", "2017": "897", "2016": "879", "2015": "914", "2014": "875", "2013": "800", "2012": "741", "2011": "289", "2010": "329", "2009": "172", "2008": "120"}, "Zynga Quarterly Shares Outstanding (Millions of Shares)": {"2020-09-30": "1,077", "2020-06-30": "957", "2020-03-31": "953", "2019-12-31": "974", "2019-09-30": "974", "2019-06-30": "937", "2019-03-31": "926", "2018-12-31": "890", "2018-09-30": "887", "2018-06-30": "859", "2018-03-31": "894", "2017-12-31": "897", "2017-09-30": "894", "2017-06-30": "888", "2017-03-31": "876", "2016-12-31": "879", "2016-09-30": "882", "2016-06-30": "873", "2016-03-31": "871", "2015-12-31": "914", "2015-09-30": "940", "2015-06-30": "912", "2015-03-31": "898", "2014-12-31": "875", "2014-09-30": "884", "2014-06-30": "873", "2014-03-31": "850", "2013-12-31": "800", "2013-09-30": "804", "2013-06-30": "794", "2013-03-31": "828", "2012-12-31": "741", "2012-09-30": "755", "2012-06-30": "731", "2012-03-31": "708", "2011-12-31": "289", "2011-09-30": "272", "2011-06-30": "263", "2011-03-31": "358", "2010-12-31": "360", "2010-09-30": "", "2010-06-30": "", "2010-03-31": "308", "2009-12-31": "", "2008-12-31": ""}}, "total-assets": {"Zynga Annual Total Assets (Millions of US $)": {"2019": "$3,661", "2018": "$2,147", "2017": "$1,979", "2016": "$1,906", "2015": "$2,125", "2014": "$2,349", "2013": "$2,279", "2012": "$2,576", "2011": "$2,517", "2010": "$1,113", "2009": "$259", "2008": "$0"}, "Zynga Quarterly Total Assets (Millions of US $)": {"2020-09-30": "$5,151", "2020-06-30": "$3,684", "2020-03-31": "$3,542", "2019-12-31": "$3,661", "2019-09-30": "$3,578", "2019-06-30": "$3,184", "2019-03-31": "$2,652", "2018-12-31": "$2,147", "2018-09-30": "$2,019", "2018-06-30": "$1,986", "2018-03-31": "$1,919", "2017-12-31": "$1,979", "2017-09-30": "$1,928", "2017-06-30": "$1,857", "2017-03-31": "$1,832", "2016-12-31": "$1,906", "2016-09-30": "$1,941", "2016-06-30": "$1,944", "2016-03-31": "$1,978", "2015-12-31": "$2,125", "2015-09-30": "$2,238", "2015-06-30": "$2,229", "2015-03-31": "$2,256", "2014-12-31": "$2,349", "2014-09-30": "$2,391", "2014-06-30": "$2,443", "2014-03-31": "$2,434", "2013-12-31": "$2,279", "2013-09-30": "$2,300", "2013-06-30": "$2,356", "2013-03-31": "$2,523", "2012-12-31": "$2,576", "2012-09-30": "$2,605", "2012-06-30": "$2,725", "2012-03-31": "$2,606", "2011-12-31": "$2,517", "2011-09-30": "$1,512", "2011-06-30": "$1,489", "2011-03-31": "$1,426", "2010-12-31": "$1,113", "2010-09-30": "$0", "2010-06-30": "$0", "2010-03-31": "$0", "2009-12-31": "$259", "2008-12-31": "$0"}}, "cash-on-hand": {"Zynga Annual Cash on Hand (Millions of US $)": {"2019": "$1,392", "2018": "$616", "2017": "$694", "2016": "$859", "2015": "$987", "2014": "$965", "2013": "$1,129", "2012": "$1,313", "2011": "$1,811", "2010": "$741", "2009": "$201", "2008": "$"}, "Zynga Quarterly Cash on Hand (Millions of US $)": {"2020-09-30": "$755", "2020-06-30": "$1,586", "2020-03-31": "$1,291", "2019-12-31": "$1,392", "2019-09-30": "$1,435", "2019-06-30": "$854", "2019-03-31": "$281", "2018-12-31": "$616", "2018-09-30": "$430", "2018-06-30": "$402", "2018-03-31": "$635", "2017-12-31": "$694", "2017-09-30": "$781", "2017-06-30": "$750", "2017-03-31": "$732", "2016-12-31": "$859", "2016-09-30": "$873", "2016-06-30": "$871", "2016-03-31": "$860", "2015-12-31": "$987", "2015-09-30": "$1,070", "2015-06-30": "$1,059", "2015-03-31": "$999", "2014-12-31": "$965", "2014-09-30": "$874", "2014-06-30": "$778", "2014-03-31": "$786", "2013-12-31": "$1,129", "2013-09-30": "$1,102", "2013-06-30": "$1,119", "2013-03-31": "$1,269", "2012-12-31": "$1,313", "2012-09-30": "$1,352", "2012-06-30": "$1,246", "2012-03-31": "$1,323", "2011-12-31": "$1,811", "2011-09-30": "$930", "2011-06-30": "$953", "2011-03-31": "$1,006", "2010-12-31": "$741", "2010-09-30": "", "2010-06-30": "", "2010-03-31": "", "2009-12-31": "$201", "2008-12-31": ""}}, "long-term-debt": {"Zynga Annual Long Term Debt (Millions of US $)": {"2019": "$570", "2018": "$", "2017": "$", "2016": "$", "2015": "$", "2014": "$", "2013": "$", "2012": "$100", "2011": "$", "2010": "$", "2009": "$", "2008": "$"}, "Zynga Quarterly Long Term Debt (Millions of US $)": {"2020-09-30": "$589", "2020-06-30": "$583", "2020-03-31": "$577", "2019-12-31": "$570", "2019-09-30": "$564", "2019-06-30": "$558", "2019-03-31": "", "2018-12-31": "", "2018-09-30": "", "2018-06-30": "", "2018-03-31": "", "2017-12-31": "", "2017-09-30": "", "2017-06-30": "", "2017-03-31": "", "2016-12-31": "", "2016-09-30": "", "2016-06-30": "", "2016-03-31": "", "2015-12-31": "", "2015-09-30": "", "2015-06-30": "", "2015-03-31": "", "2014-12-31": "", "2014-09-30": "", "2014-06-30": "", "2014-03-31": "", "2013-12-31": "", "2013-09-30": "", "2013-06-30": "", "2013-03-31": "$100", "2012-12-31": "$100", "2012-09-30": "$100", "2012-06-30": "$100", "2012-03-31": "", "2011-12-31": "", "2011-09-30": "", "2011-06-30": "", "2011-03-31": "", "2010-12-31": "", "2010-09-30": "", "2010-06-30": "", "2010-03-31": "", "2009-12-31": "", "2008-12-31": ""}}, "total-liabilities": {"Zynga Annual Total Liabilities (Millions of US $)": {"2019": "$1,685", "2018": "$550", "2017": "$338", "2016": "$325", "2015": "$338", "2014": "$453", "2013": "$402", "2012": "$751", "2011": "$767", "2010": "$630", "2009": "$280", "2008": "$0"}, "Zynga Quarterly Total Liabilities (Millions of US $)": {"2020-09-30": "$2,338", "2020-06-30": "$1,947", "2020-03-31": "$1,687", "2019-12-31": "$1,685", "2019-09-30": "$1,640", "2019-06-30": "$1,461", "2019-03-31": "$910", "2018-12-31": "$550", "2018-09-30": "$403", "2018-06-30": "$386", "2018-03-31": "$275", "2017-12-31": "$338", "2017-09-30": "$298", "2017-06-30": "$280", "2017-03-31": "$271", "2016-12-31": "$325", "2016-09-30": "$294", "2016-06-30": "$276", "2016-03-31": "$301", "2015-12-31": "$338", "2015-09-30": "$317", "2015-06-30": "$327", "2015-03-31": "$383", "2014-12-31": "$453", "2014-09-30": "$460", "2014-06-30": "$473", "2014-03-31": "$445", "2013-12-31": "$402", "2013-09-30": "$427", "2013-06-30": "$494", "2013-03-31": "$659", "2012-12-31": "$751", "2012-09-30": "$752", "2012-06-30": "$862", "2012-03-31": "$831", "2011-12-31": "$767", "2011-09-30": "$724", "2011-06-30": "$734", "2011-03-31": "$687", "2010-12-31": "$630", "2010-09-30": "$0", "2010-06-30": "$0", "2010-03-31": "$0", "2009-12-31": "$280", "2008-12-31": "$0"}}, "total-share-holder-equity": {"Zynga Annual Share Holder Equity (Millions of US $)": {"2019": "$1,975", "2018": "$1,597", "2017": "$1,641", "2016": "$1,581", "2015": "$1,787", "2014": "$1,896", "2013": "$1,877", "2012": "$1,826", "2011": "$1,750", "2010": "$482", "2009": "$-21", "2008": "$0"}, "Zynga Quarterly Share Holder Equity (Millions of US $)": {"2020-09-30": "$2,813", "2020-06-30": "$1,736", "2020-03-31": "$1,856", "2019-12-31": "$1,975", "2019-09-30": "$1,938", "2019-06-30": "$1,723", "2019-03-31": "$1,742", "2018-12-31": "$1,597", "2018-09-30": "$1,616", "2018-06-30": "$1,600", "2018-03-31": "$1,644", "2017-12-31": "$1,641", "2017-09-30": "$1,630", "2017-06-30": "$1,577", "2017-03-31": "$1,561", "2016-12-31": "$1,581", "2016-09-30": "$1,647", "2016-06-30": "$1,668", "2016-03-31": "$1,677", "2015-12-31": "$1,787", "2015-09-30": "$1,920", "2015-06-30": "$1,901", "2015-03-31": "$1,873", "2014-12-31": "$1,896", "2014-09-30": "$1,931", "2014-06-30": "$1,970", "2014-03-31": "$1,989", "2013-12-31": "$1,877", "2013-09-30": "$1,873", "2013-06-30": "$1,862", "2013-03-31": "$1,864", "2012-12-31": "$1,826", "2012-09-30": "$1,854", "2012-06-30": "$1,863", "2012-03-31": "$1,775", "2011-12-31": "$1,750", "2011-09-30": "$788", "2011-06-30": "$756", "2011-03-31": "$739", "2010-12-31": "$482", "2010-09-30": "$0", "2010-06-30": "$0", "2010-03-31": "$0", "2009-12-31": "$-21", "2008-12-31": "$0"}}, "profit-margins": {"current": "-21.55%"}, "gross margin": {"2020-09-30": "60.12%", "2020-06-30": "62.55%", "2020-03-31": "62.47%", "2019-12-31": "60.41%", "2019-09-30": "60.12%", "2019-06-30": "61.20%", "2019-03-31": "63.07%", "2018-12-31": "66.48%", "2018-09-30": "68.01%", "2018-06-30": "69.08%", "2018-03-31": "69.94%", "2017-12-31": "69.92%", "2017-09-30": "68.50%", "2017-06-30": "67.27%", "2017-03-31": "67.16%", "2016-12-31": "67.92%", "2016-09-30": "67.57%", "2016-06-30": "68.84%", "2016-03-31": "69.31%", "2015-12-31": "69.15%", "2015-09-30": "70.47%", "2015-06-30": "70.12%", "2015-03-31": "69.12%", "2014-12-31": "69.03%", "2014-09-30": "67.80%", "2014-06-30": "68.29%", "2014-03-31": "70.18%", "2013-12-31": "71.51%", "2013-09-30": "73.54%", "2013-06-30": "73.37%", "2013-03-31": "72.88%", "2012-12-31": "72.52%", "2012-09-30": "70.41%", "2012-06-30": "71.05%", "2012-03-31": "71.10%", "2011-12-31": "71.05%", "2011-09-30": "72.88%", "2011-06-30": "72.10%", "2011-03-31": "71.35%", "2010-12-31": "70.40%"}, "operating margin": {"2020-09-30": "-19.23%", "2020-06-30": "-18.13%", "2020-03-31": "-15.27%", "2019-12-31": "-20.67%", "2019-09-30": "-23.67%", "2019-06-30": "-18.69%", "2019-03-31": "-14.42%", "2018-12-31": "0.77%", "2018-09-30": "1.68%", "2018-06-30": "3.40%", "2018-03-31": "4.46%", "2017-12-31": "3.02%", "2017-09-30": "-2.08%", "2017-06-30": "-10.70%", "2017-03-31": "-12.82%", "2016-12-31": "-15.36%", "2016-09-30": "-18.32%", "2016-06-30": "-13.05%", "2016-03-31": "-15.47%", "2015-12-31": "-19.08%", "2015-09-30": "-18.13%", "2015-06-30": "-25.23%", "2015-03-31": "-32.29%", "2014-12-31": "-35.31%", "2014-09-30": "-32.94%", "2014-06-30": "-23.71%", "2014-03-31": "-16.71%", "2013-12-31": "-7.44%", "2013-09-30": "0.00%", "2013-06-30": "-8.37%", "2013-03-31": "-8.33%", "2012-12-31": "-14.29%", "2012-09-30": "-55.27%", "2012-06-30": "-45.55%", "2012-03-31": "-43.35%", "2011-12-31": "-35.61%", "2011-09-30": "14.83%", "2011-06-30": "17.32%", "2011-03-31": "20.81%", "2010-12-31": "20.74%"}, "ebitda margin": {"2020-09-30": "-13.10%", "2020-06-30": "-13.33%", "2020-03-31": "-10.00%", "2019-12-31": "-14.69%", "2019-09-30": "-17.58%", "2019-06-30": "-12.62%", "2019-03-31": "-8.82%", "2018-12-31": "5.29%", "2018-09-30": "5.61%", "2018-06-30": "6.91%", "2018-03-31": "7.77%", "2017-12-31": "6.50%", "2017-09-30": "1.95%", "2017-06-30": "-3.48%", "2017-03-31": "-4.81%", "2016-12-31": "-7.01%", "2016-09-30": "-9.50%", "2016-06-30": "-7.06%", "2016-03-31": "-9.23%", "2015-12-31": "-11.90%", "2015-09-30": "-10.23%", "2015-06-30": "-16.07%", "2015-03-31": "-21.67%", "2014-12-31": "-23.44%", "2014-09-30": "-18.69%", "2014-06-30": "-6.43%", "2014-03-31": "0.13%", "2013-12-31": "8.35%", "2013-09-30": "13.78%", "2013-06-30": "12.11%", "2013-03-31": "11.19%", "2012-12-31": "4.22%", "2012-09-30": "-36.85%", "2012-06-30": "-35.80%", "2012-03-31": "-34.48%", "2011-12-31": "-27.19%", "2011-09-30": "22.44%", "2011-06-30": "24.86%", "2011-03-31": "27.97%", "2010-12-31": "27.76%"}, "pre tax profit margin": {"2020-09-30": "-20.02%", "2020-06-30": "1.12%", "2020-03-31": "6.23%", "2019-12-31": "3.56%", "2019-09-30": "4.03%", "2019-06-30": "-17.36%", "2019-03-31": "-12.76%", "2018-12-31": "2.76%", "2018-09-30": "3.70%", "2018-06-30": "5.21%", "2018-03-31": "6.06%", "2017-12-31": "4.30%", "2017-09-30": "-0.98%", "2017-06-30": "-9.79%", "2017-03-31": "-11.75%", "2016-12-31": "-14.15%", "2016-09-30": "-17.10%", "2016-06-30": "-11.58%", "2016-03-31": "-14.17%", "2015-12-31": "-16.99%", "2015-09-30": "-15.54%", "2015-06-30": "-22.84%", "2015-03-31": "-29.89%", "2014-12-31": "-33.86%", "2014-09-30": "-32.05%", "2014-06-30": "-22.71%", "2014-03-31": "-16.45%", "2013-12-31": "-7.44%", "2013-09-30": "-0.20%", "2013-06-30": "-8.64%", "2013-03-31": "-6.45%", "2012-12-31": "-12.41%", "2012-09-30": "-53.47%", "2012-06-30": "-43.82%", "2012-03-31": "-43.27%", "2011-12-31": "-35.61%", "2011-09-30": "15.12%", "2011-06-30": "17.66%", "2011-03-31": "21.08%", "2010-12-31": "21.24%"}, "net profit margin": {"2020-09-30": "-21.55%", "2020-06-30": "-1.74%", "2020-03-31": "4.52%", "2019-12-31": "3.10%", "2019-09-30": "3.95%", "2019-06-30": "-16.51%", "2019-03-31": "-12.34%", "2018-12-31": "1.76%", "2018-09-30": "3.14%", "2018-06-30": "4.08%", "2018-03-31": "4.80%", "2017-12-31": "3.14%", "2017-09-30": "-2.56%", "2017-06-30": "-10.44%", "2017-03-31": "-12.02%", "2016-12-31": "-14.56%", "2016-09-30": "-16.82%", "2016-06-30": "-10.52%", "2016-03-31": "-13.26%", "2015-12-31": "-15.82%", "2015-09-30": "-14.90%", "2015-06-30": "-23.24%", "2015-03-31": "-29.89%", "2014-12-31": "-32.71%", "2014-09-30": "-30.56%", "2014-06-30": "-21.29%", "2014-03-31": "-13.11%", "2013-12-31": "-4.23%", "2013-09-30": "-6.05%", "2013-06-30": "-10.15%", "2013-03-31": "-9.89%", "2012-12-31": "-16.39%", "2012-09-30": "-44.34%", "2012-06-30": "-40.52%", "2012-03-31": "-40.31%", "2011-12-31": "-35.53%", "2011-09-30": "4.39%", "2011-06-30": "8.10%", "2011-03-31": "11.49%", "2010-12-31": "14.38%"}, "pe ratio": {"current": "0.00", "2021-02-05": "0.00", "2020-09-30": "0.00", "2020-06-30": "0.00", "2020-03-31": "97.86", "2019-12-31": "153.00", "2019-09-30": "145.50", "2019-06-30": "0.00", "2019-03-31": "0.00", "2018-12-31": "196.50", "2018-09-30": "133.67", "2018-06-30": "101.75", "2018-03-31": "73.20", "2017-12-31": "133.33", "2017-09-30": "0.00", "2017-06-30": "0.00", "2017-03-31": "0.00", "2016-12-31": "0.00", "2016-09-30": "0.00", "2016-06-30": "0.00", "2016-03-31": "0.00", "2015-12-31": "0.00", "2015-09-30": "0.00", "2015-06-30": "0.00", "2015-03-31": "0.00", "2014-12-31": "0.00", "2014-09-30": "0.00", "2014-06-30": "0.00", "2014-03-31": "0.00", "2013-12-31": "0.00", "2013-09-30": "0.00", "2013-06-30": "0.00", "2013-03-31": "0.00", "2012-12-31": "0.00", "2012-09-30": "0.00"}, "price sales": {"2021-02-05": "6.00", "2020-09-30": "5.13", "2020-06-30": "5.73", "2020-03-31": "4.50", "2019-12-31": "4.42", "2019-09-30": "4.66", "2019-06-30": "5.30", "2019-03-31": "4.93", "2018-12-31": "3.82", "2018-09-30": "3.98", "2018-06-30": "4.08", "2018-03-31": "3.73", "2017-12-31": "4.13", "2017-09-30": "4.08", "2017-06-30": "4.13", "2017-03-31": "3.34", "2016-12-31": "3.04", "2016-09-30": "3.50", "2016-06-30": "2.99", "2016-03-31": "2.70", "2015-12-31": "3.21", "2015-09-30": "2.68", "2015-06-30": "3.39", "2015-03-31": "3.56", "2014-12-31": "3.35", "2014-09-30": "3.40", "2014-06-30": "3.80", "2014-03-31": "4.48", "2013-12-31": "3.51", "2013-09-30": "2.87", "2013-06-30": "1.92", "2013-03-31": "2.08", "2012-12-31": "1.35", "2012-09-30": "1.18"}, "price book": {"current": "4.10", "2021-02-05": "4.10", "2020-09-30": "3.50", "2020-06-30": "5.27", "2020-03-31": "3.53", "2019-12-31": "2.94", "2019-09-30": "2.84", "2019-06-30": "3.35", "2019-03-31": "2.85", "2018-12-31": "2.12", "2018-09-30": "2.14", "2018-06-30": "2.19", "2018-03-31": "1.92", "2017-12-31": "2.12", "2017-09-30": "2.02", "2017-06-30": "2.00", "2017-03-31": "1.57", "2016-12-31": "1.44", "2016-09-30": "1.57", "2016-06-30": "1.32", "2016-03-31": "1.19", "2015-12-31": "1.36", "2015-09-30": "1.11", "2015-06-30": "1.39", "2015-03-31": "1.39", "2014-12-31": "1.27", "2014-09-30": "1.26", "2014-06-30": "1.45", "2014-03-31": "1.91", "2013-12-31": "1.68", "2013-09-30": "1.60", "2013-06-30": "1.20", "2013-03-31": "1.43", "2012-12-31": "1.01", "2012-09-30": "1.19", "2012-06-30": "2.22", "2012-03-31": "5.42", "2011-12-31": "3.88"}, "price fcf": {"2021-02-05": "", "2020-09-30": "$0.28", "2020-06-30": "$0.85", "2020-03-31": "$0.80", "2019-12-31": "$0.84", "2019-09-30": "$0.85", "2019-06-30": "$0.23", "2019-03-31": "$0.18", "2018-12-31": "$0.18", "2018-09-30": "$0.11", "2018-06-30": "$0.10", "2018-03-31": "$0.10", "2017-12-31": "$0.09", "2017-09-30": "$0.10", "2017-06-30": "$0.08", "2017-03-31": "$0.06", "2016-12-31": "$0.06", "2016-09-30": "$0.03", "2016-06-30": "$0.01", "2016-03-31": "$-0.01", "2015-12-31": "$-0.06", "2015-09-30": "$-0.06", "2015-06-30": "$-0.06", "2015-03-31": "$-0.04", "2014-12-31": "$-0.01", "2014-09-30": "$0.00", "2014-06-30": "$-0.00", "2014-03-31": "$-0.02", "2013-12-31": "$0.03", "2013-09-30": "$0.03", "2013-06-30": "$0.07", "2013-03-31": "$-0.22", "2012-12-31": "$-0.18", "2012-09-30": "$0.33"}, "net worth": {"value": "$11.52B"}, "current ratio": {"current": "0.91", "2020-09-30": "0.91", "2020-06-30": "1.84", "2020-03-31": "1.89", "2019-12-31": "1.99", "2019-09-30": "2.12", "2019-06-30": "1.99", "2019-03-31": "0.71", "2018-12-31": "1.56", "2018-09-30": "1.88", "2018-06-30": "2.01", "2018-03-31": "3.28", "2017-12-31": "2.94", "2017-09-30": "3.72", "2017-06-30": "3.44", "2017-03-31": "3.54", "2016-12-31": "3.96", "2016-09-30": "4.60", "2016-06-30": "5.06", "2016-03-31": "4.93", "2015-12-31": "4.71", "2015-09-30": "5.44", "2015-06-30": "4.73", "2015-03-31": "3.69", "2014-12-31": "2.93", "2014-09-30": "2.70", "2014-06-30": "2.56", "2014-03-31": "3.32", "2013-12-31": "4.49", "2013-09-30": "3.93", "2013-06-30": "3.34", "2013-03-31": "3.31", "2012-12-31": "2.92", "2012-09-30": "2.68", "2012-06-30": "2.24", "2012-03-31": "2.19", "2011-12-31": "3.03", "2011-09-30": "1.83", "2011-06-30": "1.81", "2011-03-31": "2.07", "2010-12-31": "1.74", "2010-09-30": "0.00", "2010-06-30": "0.00", "2010-03-31": "0.00", "2009-12-31": "0.95", "2008-12-31": "0.00"}, "quick ratio": {"2020-09-30": "0.00", "2020-06-30": "0.00", "2020-03-31": "0.00", "2019-12-31": "0.00", "2019-09-30": "0.00", "2019-06-30": "0.00", "2019-03-31": "0.00", "2018-12-31": "0.00", "2018-09-30": "0.00", "2018-06-30": "0.00", "2018-03-31": "0.00", "2017-12-31": "0.00", "2017-09-30": "0.00", "2017-06-30": "0.00", "2017-03-31": "0.00", "2016-12-31": "0.00", "2016-09-30": "0.00", "2016-06-30": "0.00", "2016-03-31": "0.00", "2015-12-31": "0.00", "2015-09-30": "0.00", "2015-06-30": "0.00", "2015-03-31": "0.00", "2014-12-31": "0.00", "2014-09-30": "0.00", "2014-06-30": "0.00", "2014-03-31": "0.00", "2013-12-31": "0.00", "2013-09-30": "0.00", "2013-06-30": "0.00", "2013-03-31": "0.00", "2012-12-31": "0.00", "2012-09-30": "0.00", "2012-06-30": "0.00", "2012-03-31": "0.00", "2011-12-31": "0.00", "2011-09-30": "0.00", "2011-06-30": "0.00", "2011-03-31": "0.00", "2010-12-31": "0.00", "2010-09-30": "0.00", "2010-06-30": "0.00", "2010-03-31": "0.00", "2009-12-31": "0.00", "2008-12-31": "0.00"}, "debt equity ratio": {"current": "0.21", "2020-09-30": "0.83", "2020-06-30": "1.12", "2020-03-31": "0.91", "2019-12-31": "0.85", "2019-09-30": "0.85", "2019-06-30": "0.85", "2019-03-31": "0.52", "2018-12-31": "0.35", "2018-09-30": "0.25", "2018-06-30": "0.24", "2018-03-31": "0.17", "2017-12-31": "0.21", "2017-09-30": "0.18", "2017-06-30": "0.18", "2017-03-31": "0.17", "2016-12-31": "0.21", "2016-09-30": "0.18", "2016-06-30": "0.17", "2016-03-31": "0.18", "2015-12-31": "0.19", "2015-09-30": "0.17", "2015-06-30": "0.17", "2015-03-31": "0.20", "2014-12-31": "0.24", "2014-09-30": "0.24", "2014-06-30": "0.24", "2014-03-31": "0.22", "2013-12-31": "0.21", "2013-09-30": "0.23", "2013-06-30": "0.27", "2013-03-31": "0.35", "2012-12-31": "0.41", "2012-09-30": "0.41", "2012-06-30": "0.46", "2012-03-31": "0.47", "2011-12-31": "0.44", "2011-09-30": "0.92", "2011-06-30": "0.97", "2011-03-31": "0.93", "2010-12-31": "1.31", "2010-09-30": "0.00", "2010-06-30": "0.00", "2010-03-31": "0.00", "2009-12-31": "-13.06", "2008-12-31": "0.00"}, "return on equity": {"2020-09-30": "-18.14%", "2020-06-30": "-1.49%", "2020-03-31": "3.52%", "2019-12-31": "2.22%", "2019-09-30": "2.63%", "2019-06-30": "-10.42%", "2019-03-31": "-7.26%", "2018-12-31": "0.99%", "2018-09-30": "1.72%", "2018-06-30": "2.21%", "2018-03-31": "2.59%", "2017-12-31": "1.69%", "2017-09-30": "-1.32%", "2017-06-30": "-5.09%", "2017-03-31": "-5.58%", "2016-12-31": "-6.57%", "2016-09-30": "-7.32%", "2016-06-30": "-4.48%", "2016-03-31": "-5.60%", "2015-12-31": "-6.47%", "2015-09-30": "-6.06%", "2015-06-30": "-9.21%", "2015-03-31": "-11.00%", "2014-12-31": "-11.61%", "2014-09-30": "-10.61%", "2014-06-30": "-7.73%", "2014-03-31": "-5.37%", "2013-12-31": "-1.98%", "2013-09-30": "-3.29%", "2013-06-30": "-6.16%", "2013-03-31": "-6.53%", "2012-12-31": "-11.48%", "2012-09-30": "-31.37%", "2012-06-30": "-33.35%", "2012-03-31": "-38.75%", "2011-12-31": "-40.17%", "2011-09-30": "6.51%", "2011-06-30": "14.57%", "2011-03-31": "27.85%", "2010-12-31": "71.37%"}, "return on assets": {"2020-09-30": "-9.48%", "2020-06-30": "-0.77%", "2020-03-31": "1.89%", "2019-12-31": "1.25%", "2019-09-30": "1.59%", "2019-06-30": "-6.96%", "2019-03-31": "-5.41%", "2018-12-31": "0.79%", "2018-09-30": "1.42%", "2018-06-30": "1.84%", "2018-03-31": "2.19%", "2017-12-31": "1.42%", "2017-09-30": "-1.12%", "2017-06-30": "-4.30%", "2017-03-31": "-4.72%", "2016-12-31": "-5.56%", "2016-09-30": "-6.21%", "2016-06-30": "-3.81%", "2016-03-31": "-4.76%", "2015-12-31": "-5.47%", "2015-09-30": "-5.07%", "2015-06-30": "-7.59%", "2015-03-31": "-8.94%", "2014-12-31": "-9.40%", "2014-09-30": "-8.63%", "2014-06-30": "-6.30%", "2014-03-31": "-4.35%", "2013-12-31": "-1.56%", "2013-09-30": "-2.50%", "2013-06-30": "-4.53%", "2013-03-31": "-4.64%", "2012-12-31": "-7.99%", "2012-09-30": "-21.74%", "2012-06-30": "-22.01%", "2012-03-31": "-24.18%", "2011-12-31": "-23.33%", "2011-09-30": "3.25%", "2011-06-30": "7.15%", "2011-03-31": "13.39%", "2010-12-31": "30.91%"}, "return on investments": {"2020-09-30": "-12.67%", "2020-06-30": "-11.88%", "2020-03-31": "-9.14%", "2019-12-31": "-14.90%", "2019-09-30": "-23.08%", "2019-06-30": "-34.55%", "2019-03-31": "inf%", "2018-12-31": "inf%", "2018-09-30": "inf%", "2018-06-30": "inf%", "2018-03-31": "inf%", "2017-12-31": "inf%", "2017-09-30": "inf%", "2017-06-30": "inf%", "2017-03-31": "inf%", "2016-12-31": "inf%", "2016-09-30": "inf%", "2016-06-30": "inf%", "2016-03-31": "inf%", "2015-12-31": "inf%", "2015-09-30": "inf%", "2015-06-30": "inf%", "2015-03-31": "inf%", "2014-12-31": "inf%", "2014-09-30": "inf%", "2014-06-30": "inf%", "2014-03-31": "inf%", "2013-12-31": "-13.24%", "2013-09-30": "0.00%", "2013-06-30": "-6.43%", "2013-03-31": "-5.23%", "2012-12-31": "-12.53%", "2012-09-30": "-72.30%", "2012-06-30": "-117.98%", "2012-03-31": "inf%", "2011-12-31": "inf%", "2011-09-30": "inf%", "2011-06-30": "inf%", "2011-03-31": "inf%", "2010-12-31": "inf%"}, "return on tangible equity": {"2020-09-30": "403.18%", "2020-06-30": "-13.59%", "2020-03-31": "36.16%", "2019-12-31": "32.09%", "2019-09-30": "23.77%", "2019-06-30": "-65.54%", "2019-03-31": "-30.07%", "2018-12-31": "2.63%", "2018-09-30": "4.10%", "2018-06-30": "4.61%", "2018-03-31": "4.80%", "2017-12-31": "3.05%", "2017-09-30": "-2.31%", "2017-06-30": "-8.77%", "2017-03-31": "-9.49%", "2016-12-31": "-11.14%", "2016-09-30": "-12.39%", "2016-06-30": "-7.52%", "2016-03-31": "-9.27%", "2015-12-31": "-10.48%", "2015-09-30": "-9.72%", "2015-06-30": "-14.80%", "2015-03-31": "-17.85%", "2014-12-31": "-18.98%", "2014-09-30": "-15.80%", "2014-06-30": "-10.53%", "2014-03-31": "-6.72%", "2013-12-31": "-2.28%", "2013-09-30": "-3.79%", "2013-06-30": "-7.11%", "2013-03-31": "-7.64%", "2012-12-31": "-13.67%", "2012-09-30": "-36.72%", "2012-06-30": "-39.31%", "2012-03-31": "-45.09%", "2011-12-31": "-45.65%", "2011-09-30": "7.82%", "2011-06-30": "17.51%", "2011-03-31": "33.76%", "2010-12-31": "91.01%"}, "dividend yield history": {"last payout": "$0.00", "last yield": "0.00%"}}